3608 5498
817 452 856 466 -
882 419 923 481 oo
950 453 989 466 -
1072 379 1096 500 J

830 580 985 662 lle'lll.

394 781 579 855 Feretrum
594 802 662 876 quo
675 783 857 853 Romanus
870 781 1036 854 Pontifex
1052 781 1096 854 ad
1113 781 1355 878 sepeliendum
1372 786 1517 862 ducitur

295 894 395 970 nullo
412 894 572 990 tegmine
591 894 739 970 rele'tur.
758 895 949 970 Cuiusmet
966 895 1098 970 decreti
1124 920 1249 971 curam
1274 911 1400 994 gerere
1423 903 1516 977 sedis

295 1006 405 1082 huius
414 1008 648 1107 Presbyteros
661 1035 704 1085 ac
713 1009 887 1084 Diaconos
900 1033 1098 1085 censemus.
1108 1010 1146 1083 Si
1160 1011 1241 1107 quis
1250 1037 1515 1089 verocxeorum

294 1122 416 1197 ordine
433 1121 500 1199 hoc
518 1147 646 1197 curare
663 1123 865 1219 neglexerit
882 1123 1074 1199 anathema
1092 1125 1148 1198 sit.

815 1315 1040 1435 oxum'
1120 1469 1123 1475 Ι

390 1568 535 1665 Agatho
552 1572 620 1643 ΡΡ.
633 1569 798 1643 omuibus
811 1569 1004 1667 Episcopis.
1018 1569 1079 1643 Sic
1092 1593 1214 1646 omnes
1228 1574 1438 1671 Apostolieae
1456 1579 1515 1652 Sc·

294 1681 349 1754 dis
367 1683 569 1757 sanctiones
585 1682 802 1780 accipiendae
819 1692 915 1771 sunt,
933 1693 1116 1780 tamquam
1134 1684 1247 1782 ipsius
1273 1686 1396 1760 Diviui
1415 1690 1512 1763 Petri

293 1817 378 1870 voce
396 1796 558 1872 firmatae.

852 1940 953 2023 CXX.

388 2138 578 2213 Zacharias
595 2143 701 2239 Papa.
719 2144 823 2214 quta
840 2151 1045 2215 sanctorum
1064 2152 1206 2238 patrum
1221 2153 1256 2216 ct
1269 2164 1445 2216 eanonum
1461 2143 1513 2215 iu·

292 2252 428 2326 stituta.
447 2252 571 2327 Omnis
584 2254 748 2351 Episcopi
762 2254 822 2351 qui
837 2252 946 2327 huius
957 2255 1168 2352 Apostolicae
1182 2257 1283 2332 Sedis
1296 2256 1510 2330 ordinationi

292 2367 488 2456 subiacent,
501 2369 561 2465 qui
576 2368 764 2466 propinqui
779 2379 864 2443 sunt
877 2393 995 2444 annue
1009 2370 1089 2443 idus
1103 2371 1187 2443 Maii
1199 2381 1403 2445 sanctorum
1415 2373 1510 2469 priu-

292 2481 412 2579 cipum
436 2481 683 2579 Apostolorum
710 2482 806 2556 Petri
836 2494 873 2556 et
898 2483 1002 2557 Pauli
1033 2483 1219 2559 liminibus
1250 2495 1511 2583 praesententur

291 2598 387 2670 omni
405 2598 588 2673 occasione
605 2598 767 2696 seposita.
781 2597 850 2685 Qui
863 2622 948 2673 vero
962 2598 1003 2672 de
1018 2598 1214 2697 longinquo
1227 2600 1328 2673 iuxta
1341 2622 1511 2698 cyrogra-

293 2709 402 2807 phum
421 2738 527 2786 suum
544 2710 726 2809 impleant.
742 2715 836 2786 Nam
855 2713 916 2810 qni
933 2712 1042 2787 huius
1067 2713 1334 2788 constitutionis
1357 2723 1512 2788 contem·

291 2836 369 2922 ptor
387 2827 556 2916 extiterit,
573 2838 701 2925 praeter
719 2826 749 2898 si
766 2826 971 2922 egritudine
985 2826 1104 2900 valida
1119 2827 1228 2902 fuerit
1241 2827 1408 2902 detentus
1421 2826 1512 2902 sciat

292 2964 330 3012 se
347 2941 531 3016 canonicis
548 2941 731 3016 subiacere
748 2940 945 3017 sententiis.

841 3167 960 3250 CXXI.

387 3385 568 3458 Adrianus
581 3385 984 3484 AgilramnoEpiscopo.
995 3385 1277 3460 Constitutioncs
1290 3397 1413 3460 contra
1431 3408 1510 3457 san·

291 3508 349 3572 eta
364 3498 506 3572 decreta
523 3501 761 3572 Romanorum
781 3499 980 3572 Proesulum
998 3498 1135 3572 nullius
1153 3500 1200 3574 sit
1216 3500 1397 3574 momenti.

828 3725 965 3810 oxxfl.

386 3948 454 4020 Leo
474 3956 626 4043 quartus
642 3955 678 4018 et
695 3944 874 4019 sccundus
892 3944 1089 4039 Eugenius.
1102 3942 1299 4040 Episcopus
1324 3942 1369 4016 ad
1393 3941 1510 4016 cultu-

292 4084 366 4132 ram
392 4060 542 4158 propriae
567 4058 727 4135 ecelesia
752 4057 938 4155 sepissime
960 4056 1063 4132 debet
1084 4056 1217 4143 adesse,
1239 4055 1322 4152 quia
1347 4053 1509 4130 absentia

291 4173 454 4270 Episcopi
480 4173 689 4270 plerumque
713 4173 754 4245 fit
778 4170 974 4246 calamitas.
992 4170 1142 4267 Ideoque
1168 4168 1371 4243 Sardicensi
1393 4167 1511 4242 admo

289 4299 396 4363 nante
413 4287 582 4371 Concilio,
598 4288 694 4361 ultra
711 4286 821 4360 trium
840 4281 1117 4358 ebdomadarum
1140 4279 1296 4377 spatium
1319 4305 1340 4353 a
1358 4281 1510 4377 propriis

288 4401 450 4478 ecelesiis
466 4425 537 4476 nou
554 4413 737 4476 morentur
754 4399 825 4473 nisi
844 4399 933 4473 forte
951 4420 1011 4494 per
1029 4392 1222 4468 iussionem
1246 4392 1509 4492 metropolitani

290 4540 334 4589 ex
350 4514 563 4590 necessitate
581 4514 779 4608 contingat.
