3608 5498
812 381 1010 443 -140-

303 523 420 574 manae
438 499 609 574 Ecclesiae
626 498 803 596 dixerunt.
822 498 924 574 Sicut
942 500 1131 596 Vulgariae
1147 499 1247 575 nobis
1264 499 1405 577 diverso
1424 501 1526 577 modo

300 613 522 688 ordinatione
540 611 717 709 pertinere
734 612 893 687 dicentes
911 613 1136 688 mendacium
1161 636 1231 687 non
1257 612 1449 711 loquimur,
1473 614 1526 688 ita

299 727 474 800 nimirum
492 724 641 799 eandem
660 725 877 822 Vulgariam
896 751 940 802 ex
957 728 1164 801 Graecorum
1182 750 1294 822 regno
1318 725 1430 800 fuisse
1454 750 1526 801 non

300 863 487 935 negamus.
505 838 575 914 Sed
591 848 627 913 et
643 838 742 914 aliud
759 840 925 915 ordinant
942 840 1021 914 iura
1040 840 1190 927 sedium,
1202 838 1301 913 aliud
1318 839 1526 936 partiuntur

298 953 494 1027 divisiones
511 976 716 1051 regnorum.
732 957 807 1028 Nos
823 954 865 1029 de
882 954 1056 1028 divisione
1074 976 1267 1050 regnorum
1281 976 1350 1026 non
1367 952 1526 1049 agimus,

298 1067 359 1142 sed
385 1067 427 1141 de
458 1067 536 1142 iure
562 1068 699 1143 sedium
724 1067 914 1165 loquimur.
940 1068 1079 1142 Vicarii
1109 1066 1401 1142 Patriareharum
1430 1065 1527 1142 dixe·

302 1190 397 1255 runt.
415 1181 509 1255 Illud
527 1182 619 1280 quod
636 1181 737 1255 vobis
754 1180 894 1256 diverso
911 1180 1012 1254 modo
1038 1179 1254 1276 Vulgariam
1273 1178 1451 1276 pertinere
1474 1178 1527 1253 di·

299 1296 394 1383 citis
415 1294 572 1370 ediscere
598 1295 776 1369 volumus.
801 1293 928 1390 Legati
953 1296 1120 1366 Romanae
1145 1291 1316 1367 Ecclesiae
1341 1292 1524 1390 responde

300 1418 395 1483 runt.
413 1409 522 1484 Sedes
539 1408 744 1507 Apostolica
761 1409 862 1482 iuxta
880 1407 972 1506 quod
985 1405 1225 1483 decretalibus
1237 1414 1443 1480 sanctorum
1460 1407 1527 1480 Ro

298 1546 486 1598 manorum
512 1519 713 1596 Praesulum
739 1521 857 1596 doceri
875 1520 1045 1618 poteritis,
1069 1528 1260 1617 utramque
1283 1522 1447 1617 Epyrum
1464 1541 1526 1593 no-

297 1663 380 1710 vam
399 1636 569 1712 videlicet
587 1649 622 1712 et
640 1644 799 1710 voterem
816 1645 998 1732 totamque
1015 1632 1236 1708 Thessaliam
1261 1643 1368 1731 atque
1392 1632 1525 1707 Darda·

298 1752 396 1823 niam
415 1751 454 1823 in
472 1774 541 1848 qua
559 1760 595 1824 ct
614 1749 780 1823 Dardana
798 1750 929 1824 civitas
946 1750 1046 1825 hodie
1064 1759 1294 1839 monstratur,
1307 1748 1412 1823 cuius
1423 1773 1525 1824 nune

299 1863 452 1961 patriam
469 1861 514 1936 ab
527 1862 583 1936 his
597 1863 771 1958 Vulgaris
787 1861 966 1958 Vulgaria
979 1863 1123 1951 dicitur,
1135 1862 1336 1959 antiquitus
1352 1861 1524 1938 canonice

298 1976 488 2065 ordinavit,
505 1975 672 2064 obtinuit,
690 2000 732 2050 ac
750 1999 812 2073 per
829 1976 893 2050 hoc
910 1977 1167 2051 ordinationem
1185 2000 1293 2074 quam
1310 1984 1399 2050 tunc
1415 1998 1525 2073 paga-

297 2113 425 2163 norum
436 2089 642 2184 Vulgarum
658 2089 855 2186 irruptione
868 2092 1048 2180 omiserat,
1058 2115 1188 2185 nunca
1203 2088 1524 2188 Constantinopoli·

294 2213 379 2277 tana
390 2203 554 2278 Ecclesia
564 2202 664 2277 modo
673 2204 995 2299 fingiturabstulit,
1003 2205 1063 2307 sed
1071 2203 1116 2278 ab
1125 2202 1182 2278 his
1191 2203 1297 2278 factis
1307 2202 1524 2278 Christianis

296 2317 451 2413 recapit.
469 2317 632 2391 Secundo
645 2316 746 2390 modo
759 2317 843 2415 quia
862 2317 1045 2414 Vulgares
1063 2318 1124 2416 qui
1138 2319 1176 2391 in
1190 2342 1227 2393 re
1240 2315 1370 2414 gentili
1383 2317 1451 2391 sibi
1464 2341 1525 2416 pa·

293 2431 401 2503 triam
415 2430 664 2525 subiugantes
674 2453 757 2504 ecee
770 2453 832 2527 per
844 2441 931 2529 quot
943 2453 1056 2505 annos
1070 2431 1226 2506 retinent
1238 2429 1329 2528 quod
1342 2439 1523 2527 ceperant,

297 2542 358 2616 sed
377 2542 588 2640 Apostolica
597 2551 710 2617 semet
719 2544 917 2641 patrocinio
926 2543 1211 2641 ordinationique
1220 2543 1421 2641 specialiter
1429 2565 1524 2617 com·

295 2657 479 2731 mittentes
496 2655 597 2730 nobis
613 2655 717 2732 debet
733 2682 800 2732 nec
818 2658 997 2733 immerito
1014 2657 1155 2747 subiici,
1173 2680 1261 2755 quos
1277 2656 1439 2733 ultronea
1461 2681 1522 2733 vo-

292 2771 431 2846 luntate
450 2771 642 2867 magistros
660 2770 780 2867 elegit.
799 2773 918 2847 Tertio
936 2771 1036 2845 modo
1061 2771 1145 2869 quia
1170 2770 1309 2846 eosdem
1335 2771 1519 2869 Volgares

292 2895 416 2960 sancta
442 2885 549 2960 Sedes
575 2885 779 2982 Apostolica
805 2887 906 2960 iussu
931 2885 1109 2982 quondam
1135 2883 1354 2959 sanctissimi
1376 2884 1519 2961 Nicolai

294 3000 398 3095 Papae
416 3009 488 3072 tam
508 3023 570 3096 per
586 2997 723 3095 aliquot
740 3010 901 3074 nostrum
921 3000 984 3097 qui
1000 2999 1061 3075 hie
1079 3025 1205 3074 sumus
1221 3009 1258 3074 et
1281 2999 1358 3076 illic
1383 3000 1518 3076 multas

291 3112 460 3188 ecclesias
477 3112 683 3187 dedicantes
696 3113 895 3188 sacerdotes
913 3115 1129 3203 creavimus,
1147 3139 1254 3213 quam
1273 3139 1334 3212 per
1351 3113 1519 3206 Paulum,
1546 3147 1551 3156 ·

291 3227 532 3314 Dominicum
549 3225 767 3322 leopardum
785 3251 828 3301 ac
846 3229 1053 3301 Formosum
1071 3227 1293 3303 venerabiles
1318 3228 1519 3328 Episcopos,

290 3340 352 3414 scd
369 3350 405 3415 et
422 3338 649 3414 Grimaldnm
668 3339 925 3438 coepiscopum
942 3351 1117 3430 nostrum,
1134 3365 1240 3439 quem
1257 3340 1434 3417 hactenus
1455 3343 1517 3418 isti

290 3454 473 3550 Vulgares
491 3479 574 3529 cum
594 3453 720 3529 multis
736 3454 977 3530 sacerdotibus
991 3454 1120 3528 nostris
1134 3454 1172 3527 in
1186 3467 1379 3551 conspectu
1397 3464 1517 3530 nostro

289 3569 441 3644 confessi
459 3577 555 3655 sunt,
572 3593 593 3640 a
610 3566 763 3643 diversis
781 3566 960 3643 erroribus
977 3566 1021 3640 ad
1039 3565 1264 3642 Catholieam
1282 3566 1386 3642 fidem
1401 3566 1517 3643 multo

290 3682 416 3757 sudore
434 3682 570 3758 Christi
587 3683 707 3776 gratia
725 3682 877 3779 perduco
894 3681 1115 3756 transferens
1136 3705 1219 3757 ecce
1235 3681 1331 3756 ultra
1348 3682 1517 3759 triennie·

289 3797 390 3870 nium
409 3797 539 3885 tenuit,
556 3805 664 3884 tenet,
689 3798 840 3886 ordinat,
864 3821 907 3872 ac
931 3795 1096 3894 disponit.
1120 3796 1271 3894 Ideoque
1297 3820 1516 3895 consequens

289 3933 359 3984 non
373 3919 438 4000 est,
451 3920 493 3984 ut
508 3911 584 3984 sine
602 3912 822 3986 conscientia
842 3910 991 3985 Romani
1009 3911 1194 3986 Pontificis
1211 3911 1373 3988 Ecclesia
1390 3915 1516 3987 Roma·
1600 3906 1609 3917 ’

289 4049 335 4096 na
353 4023 396 4099 de
413 4023 543 4122 quibus
559 4024 833 4122 presentialiter
851 4025 982 4099 vestita
999 4026 1160 4099 cernitur
1177 4026 1357 4123 spolietur.
1374 4026 1514 4101 vicarii

288 4137 581 4211 Patriarcharum
602 4138 867 4235 responderunt.
888 4138 940 4212 Ad
959 4162 1067 4236 quem
1084 4140 1234 4214 istorum
1256 4140 1438 4215 modorum
1463 4140 1515 4214 di·

287 4260 448 4346 sceptare
469 4250 600 4340 velitis,
624 4251 762 4326 edicite.
787 4252 914 4348 Legati
941 4255 1107 4326 Romanae
1132 4253 1305 4327 Ecclesia
1331 4253 1515 4351 responde·

288 4374 383 4438 runt.
405 4368 537 4439 Sancta
555 4366 663 4440 Sedes
681 4365 886 4464 Apostolica
903 4390 966 4441 vos
984 4369 1069 4466 quia
1087 4392 1211 4443 revera
1228 4367 1414 4443 inferiores
1426 4369 1513 4443 estis

288 4502 396 4576 super
413 4503 524 4555 causa
541 4505 606 4553 sua
624 4478 761 4557 iudices
778 4502 847 4554 non
865 4479 977 4576 elegit
994 4505 1061 4556 nec
1078 4506 1140 4580 per
1158 4503 1222 4555 nos
1239 4481 1362 4577 eliget,
1378 4490 1513 4580 utpote
