3608 5498
685 410 877 476 -221Μ

174 542 252 628 post
269 556 452 607 excessum
470 530 698 604 nobilissimus
716 529 894 604 memoriis
911 528 979 602 viri
990 528 1137 603 Fabiani
1157 528 1311 602 nondum
1326 537 1392 617 est,

175 645 359 743 episcopus
374 656 513 744 propter
528 669 648 718 rerum
663 655 699 719 et
711 655 910 740 temporum
925 643 1154 718 difficultates
1166 642 1395 731 constitutus

174 759 257 858 quia
275 759 392 832 omnia
411 759 479 832 ista
498 758 709 848 moderetur,
726 767 762 833 et
774 783 895 833 eorum
909 758 972 856 qui
985 757 1074 855 lapsi
1088 766 1174 832 sunt
1187 756 1297 854 possit
1309 781 1393 832 cnm

174 872 387 947 auctoritate
404 882 439 947 et
455 871 604 947 consilio
620 871 750 946 habere
769 872 952 947 rationem.
977 875 1023 945 Et
1048 871 1153 944 infra.
1178 874 1225 945 Et
1249 870 1392 968 quidem

174 1011 257 1061 oum
275 985 484 1083 quibusdam
495 985 677 1082 Episcopis
693 985 825 1060 vicinis
843 985 953 1076 nobis,
966 993 1002 1060 et
1014 972 1397 1083 appropinquantibus

175 1110 211 1175 et
227 1123 314 1197 qnos
331 1125 374 1174 ex
398 1100 481 1173 aliis
506 1099 699 1197 provinciis
724 1098 830 1193 longe
856 1097 980 1192 positis
1005 1097 1265 1194 persecutionis
1289 1096 1395 1170 istius

174 1212 277 1286 ardor
293 1211 437 1300 eiceret,
453 1222 537 1288 ante
550 1213 840 1288 constitutionem
849 1211 1012 1309 Episcopi
1034 1209 1124 1284 nihil
1146 1210 1391 1286 innovandum

176 1324 394 1421 putavimus,
407 1326 467 1400 sed
480 1324 659 1423 lapsorum
673 1351 797 1401 curam
809 1325 1032 1399 mediocriter
1042 1325 1306 1422 temperandam
1318 1348 1395 1399 esse

175 1437 400 1512 credidimus.
419 1443 469 1513 Ut
486 1439 630 1513 interim
648 1439 732 1513 dum
752 1438 946 1536 Episcopus
963 1438 1040 1512 dari
1053 1463 1074 1511 a
1087 1440 1160 1513 Deo
1172 1437 1272 1513 nobis
1289 1437 1396 1511 susti-

175 1560 291 1641 netur,
308 1552 345 1624 in
363 1576 532 1650 suspenso
549 1576 682 1642 eorum,
699 1551 760 1649 qui
780 1576 893 1626 moras
915 1563 1063 1650 possunt
1079 1551 1260 1626 dilationis
1285 1550 1394 1624 susti·

173 1688 257 1739 nere
273 1689 382 1740 causa
399 1675 573 1740 teneatur.
592 1669 722 1740 Eorum
741 1675 861 1739 autern
879 1689 1031 1762 quorum
1051 1665 1136 1739 vitae
1154 1691 1228 1739 suae
1242 1664 1304 1737 fini
1318 1690 1395 1738 sur-

174 1800 265 1870 gens
282 1776 399 1850 exitus
415 1776 620 1850 dilationem
638 1800 707 1850 non
721 1785 836 1873 potest
849 1777 942 1853 ferre
953 1787 1035 1853 acta
1050 1777 1256 1875 paeniteutia
1269 1786 1306 1851 et
1319 1801 1395 1875 pro

174 1887 268 1962 fessa
285 1889 490 1986 frequenter
507 1912 652 1963 suorum
670 1888 902 1965 detestatione
919 1890 1106 1976 factorum,
1123 1890 1154 1963 si
1176 1889 1347 1978 lacrimis
1362 1890 1393 1963 si

174 2000 379 2095 gemitibus,
396 2001 427 2074 si
443 2001 585 2077 fletibus
603 2001 762 2076 dolentes
778 2028 820 2078 an
839 2029 922 2079 vere
939 2002 1131 2101 penitentis
1148 2002 1258 2075 animi
1285 2002 1392 2098 signa

176 2112 392 2211 prodiderint
410 2140 493 2190 cum
512 2142 592 2214 spes
610 2114 755 2190 vivendi
772 2117 972 2192 secundum
990 2115 1170 2191 hominem
1188 2115 1289 2189 nulla
1314 2115 1395 2189 sub·

174 2226 318 2315 sisterit,
331 2227 381 2301 ita
394 2229 536 2302 demum
550 2237 665 2304 cautae
678 2240 713 2304 et
727 2227 889 2303 sollieitae
902 2227 1086 2302 subveniri
1102 2231 1176 2302 Deo
1189 2228 1264 2324 ipso
1281 2226 1396 2302 scien·

173 2344 207 2410 te
225 2336 285 2434 qui
303 2337 344 2412 de
361 2336 495 2411 talibus
512 2338 673 2428 faciatet
689 2339 843 2438 qualiter
859 2340 984 2416 iudicii
1001 2341 1057 2415 sui
1071 2341 1250 2416 examinet
1265 2339 1394 2437 ponde-

175 2474 224 2537 ra,
242 2449 342 2523 nobis
359 2459 479 2526 tamen
495 2451 612 2526 anxiae
628 2453 898 2543 curantibusut
915 2478 981 2529 uec
996 2477 1141 2550 pronam
1156 2461 1313 2528 nostram
1328 2453 1393 2526 im·

174 2561 270 2658 probi
280 2563 442 2638 homines
451 2562 598 2639 laudent
607 2564 902 2656 facilitatem,neo
913 2590 996 2641 vere
1005 2566 1215 2664 prenitentes
1223 2575 1396 2641 accusent

173 2684 331 2749 nostram
350 2676 452 2774 quasi
471 2677 731 2754 crudelitatem.
749 2681 922 2780 Optamus
940 2690 976 2757 te
993 2705 1133 2779 semper
1149 2680 1239 2756 bene
1264 2679 1397 2769 valere

176 2798 211 2864 et
227 2789 340 2864 nostri
358 2791 572 2866 meminisse.

752 3018 825 3102 ΟΠ.

271 3243 477 3341 Cyprianus
491 3244 717 3342 Presbyteris
729 3253 766 3319 et
779 3244 996 3322 Diaeouibus
1008 3243 1181 3320 fratribus
1193 3244 1397 3319 karissimis

174 3356 337 3430 salntem.
355 3357 480 3432 Saluto
496 3381 560 3432 vos
577 3382 641 3456 per
657 3359 723 3433 Dei
740 3358 897 3454 gratiam
915 3357 1113 3434 incolumes
1130 3360 1261 3435 iratres
1281 3358 1397 3433 karis-

175 3469 382 3544 simiLetus
390 3470 483 3569 qnod
493 3470 590 3546 circa
600 3470 882 3547 incolumitatem
893 3495 1031 3570 quoque
1040 3482 1198 3547 vestram
1208 3472 1326 3546 omnia
1339 3471 1392 3545 in-

180 3594 280 3679 tegra
290 3608 368 3660 esse
377 3585 672 3682 cognoverimEt
680 3584 848 3684 quoniam
860 3584 948 3658 mihi
958 3585 1128 3661 interesse
1137 3608 1309 3661 nunnnon
1317 3609 1395 3682 per·

175 3699 287 3773 mittit
295 3697 362 3774 loci
373 3700 629 3797 condiri0‚peto
640 3722 774 3796 vospro
784 3697 850 3771 fide
859 3707 895 3773 et
904 3696 1203 3793 religionevestra
1211 3697 1394 3793 fungami-

176 3809 214 3881 ni
227 3809 301 3885 illic
318 3820 355 3885 et
372 3811 503 3885 vestris
520 3811 681 3909 pertibus
693 3820 730 3886 et
746 3811 895 3899 meis‚nt
909 3809 1021 3886 nichil
1034 3810 1094 3887 vel
1110 3811 1155 3886 ad
1167 3810 1392 3908 disciplinam

174 3922 234 3997 vel
250 3923 295 3998 ad
312 3923 537 4020 diligentiam
553 3924 653 3999 desit.
663 3927 750 3999 Item
764 3923 856 3998 idem
875 3923 921 3997 ad
937 3923 1077 3999 eosdem
1095 3922 1132 3996 in
1145 3922 1218 3997 alia
1235 3921 1393 4019 epistola.

176 4037 400 4134 Quamquam
425 4061 535 4111 eausa
559 4036 796 4135 compelleret,
816 4046 857 4111 ut
881 4035 956 4133 ipse
980 4035 1025 4110 ad
1049 4059 1112 4110 vos
1135 4058 1324 4133 properare
1349 4046 1387 4111 et

175 4149 308 4236 venire,
324 4148 487 4225 deberem
505 4150 617 4248 primo
634 4150 829 4248 eupiditate
846 4159 884 4224 et
907 4148 1079 4224 desiderio
1094 4149 1219 4238 vestri,
1237 4172 1317 4247 qnae
1339 4173 1396 4224 res

176 4260 214 4333 in
232 4261 324 4334 votis
342 4262 431 4337 meis
448 4287 587 4336 summa
605 4272 669 4351 est,
686 4271 773 4336 tunc
790 4261 916 4337 deinde
933 4272 975 4337 ut
992 4286 1033 4336 ea
1051 4285 1131 4360 qua
1151 4261 1250 4338 eirca
1274 4261 1397 4338 aecele·

175 4375 237 4448 siae
254 4373 498 4470 gubernacula
518 4374 657 4449 utilitas
674 4375 876 4449 communis
893 4375 1062 4473 exposcit,
1070 4386 1225 4451 tractare
1238 4375 1347 4450 simul
1360 4385 1397 4450 et

176 4486 409 4583 plurimorum
428 4487 575 4563 consilio
599 4488 801 4563 examinata
822 4487 948 4563 limare
977 4511 1167 4579 possemus,
1189 4498 1311 4563 tamen
1338 4511 1394 4585 po
