3608 5498
800 371 998 438 -482-

276 493 328 591 ‘in
346 493 489 589 publico
504 495 718 583 examinare,
737 519 805 572 neo
830 494 944 569 ullum
971 495 1144 571 clericum
1161 506 1245 572 ante
1270 497 1423 574 indicam
1452 499 1525 574 lai·

291 631 375 681 curn
393 616 486 683 stare
505 608 630 705 placet.
647 610 905 684 Testimonium
924 609 1045 685 clerici
1068 611 1240 685 adversus
1257 611 1391 688 laicum
1408 640 1522 692 nemo

292 720 449 819 recipiat.
467 722 630 797 Clericus
648 722 828 797 inferioris
848 723 982 797 ordinis
1007 745 1077 797 non
1102 725 1161 799 det
1185 725 1342 823 aliquam
1367 753 1521 804 accusa-

291 833 423 909 tionem
447 835 621 910 adversus
646 835 824 934 potiorem.
842 834 966 909 Iulius.
991 835 1147 910 Infames
1164 861 1241 912 esse
1257 863 1457 931 censemus,
1484 866 1519 915 o·

292 972 394 1023 mnes
411 948 472 1044 qui
490 973 592 1021 suam
606 959 670 1022 aut
682 947 923 1023 Christianam
943 948 1226 1046 praevaricantur
1239 949 1369 1047 legem,
1381 962 1445 1026 aut
1459 978 1521 1028 ca·

289 1061 419 1138 nonica
444 1071 660 1160 postponunt
683 1063 908 1137 auctoritate.
928 1060 1075 1136 Nemini
1101 1061 1143 1136 de
1168 1087 1207 1137 se
1231 1064 1391 1139 confesso
1415 1067 1517 1143 credi

291 1186 406 1272 potest
423 1202 529 1274 super
551 1177 686 1253 crimen
703 1176 872 1253 alienum.
889 1174 1018 1250 Merito
1036 1198 1100 1249 nos
1115 1199 1226 1250 causa
1243 1177 1396 1274 respicit,
1413 1179 1444 1252 si
1470 1179 1525 1253 st

196 1341 198 1346 -
290 1285 401 1363 lentio
419 1289 605 1364 faveamus
622 1289 743 1364 errori.
761 1293 802 1363 In
821 1314 859 1364 re
883 1289 990 1362 dubia
1006 1313 1191 1386 nunqnam
1213 1289 1390 1364 iudicetur
1414 1302 1518 1366 certa

291 1401 406 1476 sentia
415 1402 502 1500 (sic).
512 1403 653 1478 ludices
665 1402 727 1476 alii
741 1427 818 1478 essa
830 1425 901 1476 non
915 1402 1054 1489 debent,
1063 1401 1134 1475 nisi
1147 1426 1234 1500 quos
1247 1404 1431 1500 impetitus
1444 1405 1518 1480 ele·

291 1514 397 1609 gerit.
415 1517 531 1601 Quere
550 1516 586 1588 in
605 1518 620 1589 l
638 1515 728 1590 libro
744 1539 820 1613 cap.
838 1506 970 1588 XVIII.
984 1514 1134 1588 Nullum
1153 1514 1324 1589 iudicium
1340 1517 1408 1589 nisi
1422 1518 1516 1591 ordi·

292 1627 461 1702 nabiliter
477 1627 641 1703 habitum
655 1639 828 1704 teneatur.
845 1632 924 1702 Non
950 1628 1117 1702 credatur
1134 1628 1344 1715 accusatori,
1362 1628 1512 1705 absente

290 1741 505 1830 adversarie,
518 1753 602 1816 ante
615 1741 802 1838 utriusque
819 1741 1085 1816 discussionem.
1100 1741 1208 1816 Felix.
1222 1745 1273 1816 Da
1286 1743 1435 1817 indutiis
1448 1745 1517 1817 mi·

233 1947 235 1950 Α
291 1878 361 1926 nus
378 1857 556 1951 quamIVI
575 1879 714 1929 menses
731 1878 800 1928 non
825 1855 973 1952 repperi,
998 1855 1082 1952 quia
1107 1864 1144 1928 et
1161 1840 1264 1929 laicis
1281 1855 1357 1930 haee
1374 1855 1518 1930 indulta

289 1976 384 2040 sunt.
398 1965 540 2041 Indutie
557 1991 627 2041 non
645 1967 712 2041 sub
729 1976 884 2063 angusto
902 1977 1069 2064 tempore,
1082 1968 1142 2042 sed
1156 1992 1263 2064 super
1276 1967 1382 2063 longo
1399 1970 1516 2065 spatio

289 2081 510 2156 concedende
524 2090 620 2168 sunt,
635 2090 675 2154 ut
687 2080 846 2156 accusati
862 2105 898 2155 se
912 2079 1065 2177 pleniter
1077 2081 1207 2154 armari
1223 2079 1377 2154 valeant.
1391 2081 1514 2155 Nullae

290 2220 408 2269 cansa
425 2220 446 2268 a
467 2194 647 2269 indicibus
663 2193 927 2269 ecclesiasticis
951 2193 1155 2282 audiantur,
1179 2217 1259 2291 qnae
1284 2193 1425 2290 legibus
1442 2218 1514 2267 non

292 2310 533 2397 eontinentur,
549 2319 613 2384 ant
630 2334 709 2407 quae
726 2309 885 2407 proibitae
901 2332 977 2382 esse
996 2317 1204 2383 noscuntur.
1222 2311 1297 2383 Nec
1315 2334 1335 2380 a
1353 2331 1514 2383 commu-

288 2423 394 2497 nione
411 2415 639 2519 prohibeatur
655 2431 858 2509 accusatus,
870 2422 941 2495 nisi
954 2423 997 2496 ad
1010 2421 1203 2497 electorum
1217 2421 1391 2496 iudicium
1409 2445 1515 2495 cano

289 2536 370 2610 nice
389 2545 615 2624 convocatus,
634 2536 729 2610 infra
747 2539 798 2608 III
815 2544 880 2609 aut
892 2537 944 2606 VI
960 2534 1017 2607 rel
1035 2533 1156 2630 plures
1175 2556 1314 2607 menses
1327 2534 1450 2608 venire
1462 2534 1516 2607 di·

288 2649 442 2722 stulerit.
459 2648 780 2736 Exoommunicati,
797 2646 992 2734 homicida,
1010 2646 1185 2733 maledici,
1205 2647 1313 2735 fures,
1331 2648 1511 2742 sacrilegi,

289 2772 458 2860 raptores,
475 2762 637 2848 venefici,
654 2762 819 2849 adulteri,
837 2770 873 2834 et
890 2759 950 2856 qui
970 2768 1110 2859 raptum
1129 2759 1291 2846 iecerint,
1304 2759 1362 2833 vel
1378 2760 1510 2833 falsum

288 2875 531 2949 testimonium
551 2875 718 2963 dixerint,
735 2899 799 2949 seu
816 2874 877 2972 qui
895 2871 940 2944 ad
957 2871 1158 2967 sortilegos,
1179 2895 1370 2969 magosque
1384 2896 1514 2946 cucur·

288 2988 386 3075 rcrit,
402 2988 610 3062 nullatenus
632 2987 894 3062 accusationem
922 2986 981 3060 vel
1006 2985 1249 3059 testimonium
1275 2996 1361 3059 sunt
1385 2985 1514 3060 admit·

288 3100 396 3175 tendi.
414 3100 553 3175 Iudices
570 3111 606 3175 et
623 3110 847 3175 accusatores
863 3097 954 3173 tales
978 3122 1053 3173 esse
1078 3097 1216 3185 debent,
1242 3099 1303 3195 qui
1329 3098 1425 3172 omni
1451 3122 1510 3172 ea-

288 3225 391 3291 reant
412 3214 624 3312 suspicione,
641 3226 676 3289 et
698 3238 742 3288 ex
759 3213 877 3287 radica
893 3209 1056 3285 caritatis
1081 3235 1183 3284 snam
1210 3209 1411 3284 desiderent
1434 3232 1513 3305 pro-

288 3355 384 3405 mere
400 3331 624 3405 sententiam.
643 3332 828 3403 Damasus.
844 3323 952 3402 Iudas
968 3323 1053 3420 quia
1071 3346 1139 3397 non
1166 3333 1221 3398 est
1238 3322 1512 3419 praesentialiter

287 3443 487 3530 damnatus,
500 3466 568 3516 non
583 3452 636 3518 est
648 3444 793 3516 eiectus.
805 3439 885 3516 Nisi
903 3435 1072 3511 canonice
1090 3435 1201 3510 fuerit
1213 3436 1396 3533 episcopus
1408 3458 1512 3508 voca-

286 3565 346 3628 tus
363 3578 426 3628 sno
442 3565 599 3652 tempore
612 3554 698 3629 lieet
715 3554 854 3629 venerit
866 3547 911 3624 ad
927 3557 1156 3637 conventum,
1169 3547 1238 3620 nisi
1253 3557 1377 3645 sponte
1391 3547 1512 3621 volne-

287 3667 347 3755 rit,
363 3669 439 3741 suis
456 3691 525 3741 non
545 3666 768 3764 respondebit
783 3661 1060 3740 insidiatoribus.
1077 3664 1146 3735 Per
1167 3685 1205 3735 se
1229 3661 1303 3736 sint
1326 3669 1509 3736 accusato

287 3804 353 3866 res,
370 3803 433 3876 per
448 3805 486 3854 se
502 3788 622 3867 testes,
639 3804 702 3876 per
719 3804 755 3854 se
774 3777 920 3853 indicas.
939 3781 1033 3849 Ante
1050 3774 1324 3873 perscriptiones
1337 3796 1440 3849 namo
1452 3773 1512 3847 de·

286 3889 347 3965 bet
368 3890 531 3978 iudicari,
543 3916 610 3966 nec
623 3889 819 3988 dampnari.
834 3887 953 3961 Primo
970 3911 1108 3985 semper
1126 3888 1188 3960 fiat
1205 3887 1389 3985 inscriptio
1402 3897 1443 3959 ut
1459 3895 1512 3959 ta·

286 4000 378 4076 lione
395 4002 656 4099 calumpniator
672 4003 835 4098 accipiat,
852 4000 1020 4098 quoniam
1038 3999 1161 4075 seculi
1178 4000 1279 4096 leges
1292 3998 1371 4075 hac
1385 3999 1509 4074 eadem

286 4113 451 4189 retinent.
470 4117 520 4189 De
538 4115 668 4212 quibus
684 4115 850 4188 omnibns
868 4136 952 4186 vera
969 4135 1108 4211 semper
1129 4113 1192 4187 fiat
1208 4111 1368 4209 equitas,
1394 4111 1510 4208 quati·

285 4249 355 4298 nus
371 4226 610 4301 accusationis
627 4235 664 4300 et
679 4224 940 4301 testificationis
957 4235 993 4299 et
1010 4224 1135 4299 iudicii
1154 4223 1353 4298 mercedem
1372 4247 1432 4320 per
1450 4247 1510 4296 ve·

288 4338 429 4411 ritatem
449 4350 631 4433 gestorum
658 4339 825 4436 consequi
851 4337 1007 4411 valeant.
1033 4336 1236 4411 Criminum
1262 4335 1436 4411 discussio
1460 4335 1512 4409 ibi

287 4447 457 4541 agitanda
479 4459 544 4534 ost,
561 4448 622 4521 ubi
647 4448 783 4524 crimen
801 4447 996 4521 admissum
1014 4458 1079 4533 est,
1095 4446 1196 4520 salva
1214 4458 1333 4522 tamen
1347 4447 1385 4520 in
1398 4446 1510 4521 omni·
