3608 5498
817 398 991 460 ..31-

295 523 445 598 «ecelesia
463 523 493 596 si
511 523 552 597 de
570 523 730 598 civitatis
747 521 859 619 ipsius
876 520 1019 595 clericis
1035 521 1140 594 onius
1158 528 1221 594 'ost
1245 518 1441 616 Episcopus
1465 539 1519 589 or·

293 637 470 712 dinandus
486 636 620 726 nullus,
636 637 727 735 quod
740 636 884 711 evenire
898 658 968 709 non
981 634 1160 710 credimus
1175 632 1328 730 potnerit
1344 629 1512 704 inveniri.

297 753 455 826 Primum
473 752 568 828 enim
587 751 641 825 illi
661 748 868 849 reprobandi
886 759 983 839 sunt,
1001 759 1042 823 ut
1057 749 1169 847 aliqui
1187 749 1228 823 de
1252 746 1381 823 alienis
1405 744 1518 821 eoele-

294 867 357 940 siis
382 869 508 942 merito
524 868 770 964 preferantur,
790 864 919 939 habeat
937 863 1185 962 unusquisque
1205 863 1365 937 fructum
1388 858 1516 934 militie

293 1005 356 1055 sne
379 980 416 1055 in
437 980 589 1056 ecclesia
606 980 643 1054 in
662 1005 769 1078 quam
788 1005 854 1053 sua
872 978 1068 1077 peremnia
1086 976 1202 1052 officia
1226 975 1408 1072 transegit
1432 983 1515 1049 aeta·

294 1103 377 1168 tem.
390 1097 432 1167 In
445 1092 563 1168 aliena
576 1093 751 1191 stipendia
765 1094 912 1168 minime
925 1093 1078 1192 obrepat.
1090 1096 1166 1168 Nec
1180 1091 1243 1165 alii
1257 1091 1411 1167 debitam
1425 1090 1516 1164 alter

295 1207 442 1282 suadeat
458 1206 643 1284 vindicare
661 1207 870 1284 mercedem.
891 1207 946 1281 Sit
963 1206 1118 1283 facultas
1134 1204 1276 1282 clericis
1293 1203 1468 1280 renitendi
1486 1202 1516 1276 si

294 1348 331 1398 sc
349 1320 505 1396 viderint
518 1321 748 1421 praegravari.
761 1326 808 1396 Et
820 1321 912 1419 quod
926 1321 992 1396 sibi
1006 1320 1125 1417 ingeri
1139 1347 1183 1396 ex
1195 1329 1400 1394 transverso
1412 1339 1517 1393 verso

285 1437 539 1533 cognoverint,
557 1461 627 1512 non
645 1437 797 1511 timeant
815 1435 981 1512 refutare.
999 1436 1100 1524 Quod
1117 1436 1147 1510 si
1166 1458 1237 1510 non
1254 1434 1413 1510 debitum
1431 1458 1518 1530 prae·

294 1551 406 1624 mium
423 1552 482 1627 vel
500 1552 650 1626 liberum
667 1552 709 1625 de
726 1575 785 1625 eos
802 1551 863 1648 qni
882 1573 940 1625 eos
963 1558 1209 1643 recturusest
1233 1548 1363 1623 debent
1386 1547 1516 1621 habere
1546 1598 1558 1625 .,
1652 1544 1676 1567 ‘'

294 1664 480 1738 iudicium.

834 1895 975 1978 xollll.

389 2124 617 2219 Augustinus
635 2123 673 2195 in
697 2121 846 2219 epistola
872 2122 998 2196 Iacobi.
1024 2124 1103 2195 Non
1129 2129 1183 2195 est
1209 2119 1407 2217 putandum
1434 2117 1513 2191 leve

293 2262 369 2312 esse
383 2248 568 2335 peceatum
583 2259 767 2334 personam
780 2234 943 2331 accipere
956 2243 992 2309 et
1004 2243 1205 2330 contempto
1219 2256 1373 2331 paupere
1383 2232 1516 2304 instru-

293 2351 402 2424 ctiore
426 2361 533 2448 atque
559 2349 735 2425 sanctiore
760 2347 848 2444 eligi
874 2347 1022 2422 divitem
1053 2348 1097 2421 ad
1127 2345 1247 2422 sedem
1276 2343 1419 2418 honoris
1450 2346 1515 2417 Eo-

293 2464 420 2539 olesioe.

386 2583 455 2654 Ieo
471 2581 679 2677 Episcopus,
697 2576 877 2652 universis
892 2576 1074 2675 Episcopis
1089 2600 1151 2673 per
1164 2574 1324 2650 Siciliam
1344 2574 1515 2650 constitu·

292 2692 349 2766 tis
362 2695 465 2769 Hanc
478 2691 621 2789 culpam
635 2690 837 2766 nullomodo
851 2692 1054 2789 potuissetis
1068 2691 1235 2779 incidere,
1247 2691 1278 2764 si
1292 2690 1386 2765 unde
1399 2714 1515 2766 saera·

291 2808 397 2881 tionis
415 2807 580 2882 honorem
597 2806 772 2904 accipitis,
789 2806 870 2880 indo
888 2807 1006 2902 legem
1024 2804 1135 2881 totins
1148 2804 1384 2880 observantiae
1397 2827 1514 2878 sume·

292 2923 387 2996 retis,
404 2926 450 2996 Et
465 2923 562 2998 beati
581 2922 737 3020 Apostoli
756 2921 853 2997 Petri
871 2921 972 2997 sedes
989 2946 1069 3020 quae
1081 2922 1183 2996 vobis
1195 2922 1424 2998 sacerdotalis
1441 2947 1514 2995 ma-

289 3036 405 3131 gistra
418 3047 472 3112 est
484 3037 685 3133 dignitatis,
697 3047 790 3112 esset
799 3036 1052 3113 ecclesiastice
1062 3037 1237 3132 magistra
1246 3036 1404 3111 rationis.
1415 3036 1513 3110 Idem

291 3151 385 3225 infra
401 3150 447 3224 ad
462 3151 611 3226 eosdem.
628 3151 721 3238 Quia
738 3151 1004 3226 saluberrimos
1019 3147 1513 3249 sanetispatribusoonstitu·

291 3271 367 3336 tum
386 3274 440 3338 est
457 3264 558 3339 binos
575 3265 613 3338 in
631 3264 736 3339 annis
754 3264 911 3359 singulis
933 3264 1059 3339 debere
1083 3288 1160 3338 esse
1184 3269 1394 3350 conventus,
1418 3261 1512 3337 torni
1598 3280 1610 3294 ‘

292 3401 430 3474 semper
441 3402 485 3452 ex
497 3377 596 3453 vobis
608 3378 653 3452 ad
666 3378 760 3453 diem
772 3377 880 3453 tertio
891 3377 1128 3452 kalendarum
1143 3375 1350 3452 Octobrium
1363 3376 1513 3448 Romam

289 3489 444 3564 fraterno
460 3490 611 3567 concilio
627 3490 785 3566 sociandi
803 3489 1113 3566 indissimulanter
1129 3497 1331 3566 occurrant.

846 3712 947 3796 XCV.

384 3942 452 4013 Leo
461 3939 657 4038 Episcopus
666 3948 799 4015 sanetae
808 3937 1191 4015 SinodiOalcedonensi
1202 3940 1415 4015 constitute.
1425 3945 1511 4014 Am·

290 4053 515 4150 plectendum
532 4063 587 4129 est
603 4052 874 4130 clementissimi
892 4053 1065 4152 principis
1080 4053 1227 4151 plenum
1243 4053 1417 4150 religione
1430 4077 1511 4129 con·

290 4167 422 4256 silium,
438 4193 508 4267 quo
524 4179 686 4245 sanctam
708 4169 971 4244 fraternitatem
995 4176 1153 4242 vestram
1179 4167 1225 4241 ad
1250 4168 1509 4243 reformandam

289 4281 570 4356 eeclesiasticam
584 4302 706 4378 pacem
717 4281 845 4355 maluit
854 4281 1056 4370 convenire,
1069 4280 1265 4356 beatissimi
1279 4279 1437 4379 Apostoli
1447 4283 1512 4355 Pe·

289 4395 336 4469 tri
350 4394 425 4470 sedi
439 4396 517 4470 iore
530 4406 638 4493 atque
655 4395 786 4471 honore
805 4405 956 4470 servato.
974 4394 1071 4471 Adeo
1083 4404 1125 4468 nt
1140 4418 1204 4470 nos
1220 4418 1359 4492 quoqne
1376 4393 1453 4468 suis
1465 4394 1510 4467 ad

289 4508 356 4583 hoo
369 4508 501 4585 litteris
513 4510 696 4593 invitaret,
708 4519 749 4584 nt
766 4508 965 4584 venerabili
976 4507 1099 4583 sinodo
1112 4517 1271 4582 nostram
1283 4508 1509 4605 presentiam

1310 4623 1328 4675 o
