3608 5498
819 405 1014 467 -418-

307 536 379 607 tur,
394 526 432 599 Si
450 547 520 623 qua
537 548 622 599 vero
639 524 769 622 pradia
786 548 850 598 suo
867 524 1001 598 nomini
1018 535 1299 621 comparaverat,
1316 524 1373 597 vel
1399 525 1430 598 si
1457 549 1537 624 qua

304 641 379 715 sedi
392 650 547 740 tempore
560 666 634 714 suae
646 637 965 714 administrationis
979 645 1184 726 extorserat,
1196 636 1269 711 iuri
1279 637 1426 712 Romani
1439 641 1538 714 Pou-

306 754 412 830 tificis
437 755 656 829 vendicetur.
674 752 769 828 Hinc
785 762 840 826 est
864 751 954 849 quod
973 751 1145 849 usquead
1172 761 1301 826 vestrm
1322 754 1535 829 serenitatis

304 867 541 963 magistratus
552 865 664 940 annui
677 875 751 939 tam
765 864 818 938 illi
828 864 865 937 in
875 864 1035 964 partibus
1045 875 1318 961 permanserunt
1326 890 1433 964 quam
1444 866 1533 942 istis

304 978 342 1051 in
359 978 520 1078 partibus
536 978 630 1076 apud
648 1001 711 1052 nos
728 986 878 1053 actenus
896 1001 1104 1074 permanere
1122 975 1325 1074 probantur.
1339 982 1388 1054 Ut
1399 977 1534 1054 videli-

303 1103 360 1167 cet
385 1091 649 1185 alternantibus
674 1115 735 1189 por
759 1090 898 1166 alterna
924 1089 1075 1165 ducibus
1092 1090 1312 1190 temporalia,
1328 1102 1533 1187 augeretur

303 1205 451 1279 Romani
469 1204 653 1280 Pontifiois
671 1203 787 1300 potius
805 1227 912 1301 quam
932 1203 1101 1301 perhenni
1119 1204 1390 1298 magistratibus
1407 1204 1445 1278 in
1468 1204 1533 1280 ius

301 1318 483 1415 proprium
502 1317 697 1413 redigatur.
714 1320 761 1392 Et
778 1316 882 1390 infra.
899 1319 993 1390 Nam
1011 1340 1094 1390 cum
1113 1340 1231 1390 rerum
1252 1317 1422 1413 possessio
1446 1318 1530 1392 sive

302 1429 342 1503 in
358 1430 584 1519 decennium,
601 1430 678 1505 sive
696 1430 734 1502 in
751 1428 972 1512 vicennium,
987 1428 1064 1501 sive
1082 1426 1121 1499 in
1139 1427 1357 1503 tricennium
1377 1439 1417 1502 ιιι
1430 1428 1530 1524 legis

301 1541 430 1616 latores
446 1550 612 1617 asserunt
636 1540 859 1628 excludatur,
885 1540 943 1615 vel
967 1542 1208 1628 confirmetur,
1232 1567 1340 1618 cerne
1364 1542 1529 1639 piissime

302 1652 514 1752 Christoque
532 1654 759 1729 devotissime
777 1656 973 1751 Imperator
990 1665 1166 1752 quantum
1184 1655 1380 1754 uuicuique
1402 1655 1531 1730 discri-

301 1769 409 1842 minis
425 1769 557 1844 iulerrs
575 1769 693 1844 valeat
710 1779 763 1844 tot
778 1791 953 1843 annorum
980 1768 1208 1866 praescriptio,
1233 1768 1319 1842 dum
1345 1769 1530 1866 tyrauieis

298 1880 450 1957 ducibus
467 1883 701 1979 magistratus
719 1882 912 1957 continuus
934 1882 1063 1980 quoda
1081 1881 1224 1958 sacculis
1249 1906 1434 1980 nunquam
1459 1906 1528 1957 au·

260 2066 262 2070 ,
298 1994 413 2069 ditum
432 1996 509 2070 sive
522 1995 656 2072 lectum
673 1996 918 2072 reminiscitur
931 1996 1152 2092 suffragatur
1170 1997 1367 2094 praesertim
1385 2021 1468 2071 curn
1485 1997 1528 2072 iu

298 2110 466 2183 Romanis
483 2109 625 2204 legibus
642 2119 787 2184 cautum
807 2109 854 2184 sit
867 2118 908 2184 ut
921 2109 956 2184 id
969 2120 1109 2185 tantum
1125 2111 1167 2186 de
1181 2136 1284 2186 sacra
1298 2111 1528 2208 responsione

297 2221 532 2297 substantiam
553 2231 749 2311 mutuetur,
775 2222 867 2320 quod
893 2221 1015 2318 legum
1042 2222 1177 2295 auxilia
1202 2231 1447 2322 persecuntur.
1473 2226 1526 2298 Et

296 2332 437 2409 iterum.
456 2335 631 2409 Generale
648 2347 876 2433 praeceptum,
893 2334 1063 2410 beneficio
1081 2334 1228 2433 speciali
1250 2335 1525 2410 anteferendum

295 2456 360 2521 est.
373 2451 419 2521 Et
431 2448 531 2522 illud.
546 2449 678 2522 Contra
692 2448 749 2521 ius
763 2448 935 2544 rescripta
951 2471 1020 2522 uon
1038 2447 1162 2522 valent
1178 2472 1402 2547 quocumque
1421 2448 1526 2522 modo

295 2557 430 2633 fuerint
443 2560 642 2656 impetrata.
656 2561 756 2648 Quod
773 2561 870 2635 enim
890 2559 1032 2658 publica
1050 2560 1131 2633 iura
1150 2560 1386 2659 praescribunt
1404 2563 1525 2656 magis

294 2672 394 2768 sequi
412 2671 549 2747 iudices
565 2672 703 2748 debent.
722 2677 769 2748 Et
785 2673 889 2747 inlra.
909 2673 1114 2748 Personalia
1133 2675 1305 2772 rescripta
1330 2700 1410 2772 qum
1434 2699 1521 2750 cum

293 2784 372 2860 iure
389 2786 605 2861 concordant
621 2787 767 2862 valeant
785 2810 881 2862 more
899 2796 1074 2873 veterum,
1099 2798 1134 2863 et
1159 2789 1295 2884 negotii
1320 2789 1449 2886 dequo
1472 2786 1523 2862 lo·

293 2898 418 2995 quitur
431 2910 550 2974 nostra
565 2902 757 2999 rescriptio.
769 2900 870 2974 Finis
882 2901 1098 3002 latrasentiae
1108 2901 1185 2998 (sic)
1198 2901 1362 2975 terminis
1375 2925 1521 2975 censea-

292 3022 362 3087 tur.
380 3014 558 3111 Speciales
575 3024 697 3088 autem
715 3015 849 3111 siquid
868 3014 910 3087 do
927 3012 1070 3109 legibus
1087 3038 1130 3088 ac
1149 3014 1219 3087 iuri
1239 3015 1405 3110 importat
1422 3013 1517 3087 iniu-

259 3117 262 3128 ’
293 3125 395 3216 riam,
411 3127 558 3203 abolitos
576 3128 741 3224 extirpes.
759 3127 957 3224 Gregorius
975 3128 1143 3201 Ianuario
1161 3127 1330 3225 Episcopo
1344 3125 1521 3203 Calarita·

292 3262 346 3313 no.
362 3240 543 3337 Imperiali
561 3241 816 3315 constitutione
833 3249 955 3336 aperte
973 3238 1152 3314 sancitum
1168 3249 1222 3313 est
1235 3249 1276 3314 ut
1289 3263 1330 3314 ea
1343 3264 1422 3336 quae
1435 3260 1520 3312 oon-

291 3360 348 3425 tra
365 3351 463 3447 leges
482 3354 583 3438 fiunt,
599 3375 670 3425 uon
688 3351 804 3426 solum
822 3351 978 3440 inutilia,
996 3351 1057 3425 sed
1075 3352 1184 3426 etiam
1202 3374 1263 3448 pro
1287 3351 1431 3426 infectis
1455 3349 1519 3424 ba-

289 3462 404 3537 benda
421 3463 503 3538 siut.
520 3468 568 3539 Et
583 3463 709 3539 beatus
728 3463 896 3539 Gelasius
912 3463 974 3537 ait.
991 3461 1080 3550 Quis
1097 3462 1192 3537 enim
1211 3472 1276 3537 aut
1293 3462 1393 3559 leges
1413 3461 1519 3536 Prin·

290 3575 422 3672 cipum,
438 3585 503 3650 aut
520 3579 668 3651 Patrum
688 3575 846 3671 regulas,
859 3586 923 3651 aut
935 3574 1193 3649 admonitiones
1207 3575 1392 3650 modernas
1405 3575 1516 3649 ducat

289 3687 415 3763 debere
432 3689 612 3764 contemni
631 3688 700 3762 nisi
714 3689 777 3786 qui
790 3687 1008 3785 impunitum
1024 3688 1092 3762 sibi
1106 3697 1248 3762 tautum
1263 3687 1405 3763 estimet
1417 3699 1518 3762 tran·

289 3799 360 3873 sire
377 3799 635 3874 commissum?
655 3803 699 3874 ut
715 3802 857 3874 iterum.
883 3802 1031 3897 Semper
1055 3800 1265 3876 constitutio
1289 3811 1441 3897 generat
1464 3811 1517 3876 te·

289 3921 425 3986 morata
442 3911 649 3987 vindictam.
666 3911 777 3987 Vides
794 3934 880 4008 ergo
896 3911 949 3985 fili
966 3911 1167 4002 karissima,
1185 3913 1270 4012 quia
1283 3913 1373 4010 quod
1388 3923 1515 3988 contra

287 4023 388 4119 leges
405 4023 582 4121 accipitur
600 4048 660 4121 per
673 4023 773 4120 leges
786 4023 931 4097 dissolvi
946 4036 1111 4101 meretur.
1124 4027 1215 4100 Item
1229 4025 1337 4122 longe
1350 4025 1516 4101 iuferius.

287 4138 334 4210 Et
346 4136 446 4210 iuxta
458 4136 550 4235 quod
565 4135 668 4210 Felix
680 4135 931 4212 sanctissimus
945 4138 1179 4234 praedeoessor
1192 4149 1312 4213 noster
1328 4150 1516 4215 asseverat

286 4249 323 4321 iu
349 4247 405 4322 die
429 4247 553 4323 iudicii
579 4249 687 4323 talem
713 4247 852 4323 anobis
876 4249 1047 4324 ambobus
1064 4249 1263 4326 aeclesiam
1289 4261 1427 4326 certum
1444 4263 1513 4341 est,

287 4357 428 4456 qualem
446 4385 467 4432 a
485 4359 645 4456 patribus
663 4363 869 4458 accepimus
893 4362 1079 4456 exigenda.
1107 4362 1225 4436 Etiam
1252 4362 1290 4436 in
1316 4386 1358 4438 ac
1381 4361 1457 4435 vita
1475 4388 1517 4438 sc

286 4471 421 4544 adeam
439 4472 616 4570 pertinere
634 4483 838 4568 cognoscat,
850 4473 912 4571 qui
929 4497 997 4548 nou
1011 4472 1125 4548 solurn
1143 4473 1326 4570 plenituru
1341 4473 1419 4572 (sic)
1432 4475 1517 4549 eius
