3608 5498
687 407 883 470 -301-

177 538 349 608 mentum.
371 527 544 603 Promitto
573 528 681 602 etiam
699 515 811 600 nichil
830 524 918 598 mihi
934 525 978 600 do
999 525 1117 600 eodem
1141 523 1227 614 loeo,
1244 523 1397 600 ulterius

176 645 449 732 vendicandum,
463 643 531 717 nisi
547 642 780 742 processionis
792 638 960 736 gratiam,
973 663 1053 737 quae
1065 638 1273 714 christianis
1286 638 1398 712 omni·

174 760 242 836 bus
259 761 296 834 in
314 781 502 836 commune
519 757 676 832 debetur.
693 754 776 830 Pari
795 777 933 852 quoque
951 776 1054 852 prece
1071 753 1229 851 deposco,
1246 763 1288 828 ut
1305 753 1397 828 detis

174 874 314 949 litteras
323 882 462 948 vestras
474 871 518 945 ad
532 871 582 945 ill.
595 868 837 945 venerabilem
852 865 904 939 ill.
917 865 1079 941 civitatis
1087 865 1302 965 episcopum,
1312 891 1398 965 qua-

175 987 275 1062 tinus
291 986 401 1085 possit
417 984 505 1060 mihi
524 983 695 1083 reliquias
711 990 1094 1081 supramemoratorum
1108 974 1313 1057 sanctorum
1332 971 1399 1055 sol·

175 1100 366 1199 lempniter
383 1098 599 1176 contradere.

717 1241 851 1326 OXXX.

271 1444 480 1519 Ambrosius
496 1444 534 1517 in
551 1443 642 1517 libro
659 1441 771 1541 primo
788 1440 830 1551 de
847 1439 983 1514 officiis.
1009 1440 1160 1515 Officers
1186 1440 1282 1515 enim
1302 1439 1399 1514 istud

174 1568 238 1649 est,
255 1583 326 1634 non
343 1560 506 1657 prodesse
523 1557 639 1647 alteri,
656 1557 685 1630 si
704 1552 873 1651 largiaris
890 1553 923 1628 ei
940 1553 1002 1651 qui
1016 1553 1206 1651 conspiret,
1223 1553 1399 1628 adversus

173 1672 336 1771 patriam,
353 1672 414 1771 qui
433 1695 655 1769 congregare
672 1671 797 1768 cupiat
820 1678 883 1742 tuo
907 1678 1053 1766 sumptu
1080 1668 1234 1766 perditos
1259 1669 1320 1768 qui
1348 1669 1401 1742 in·

174 1794 337 1883 pugnent
354 1783 563 1860 aeclesiam.
576 1787 655 1859 Nou
670 1793 725 1858 est
741 1782 807 1857 hoe
825 1779 1013 1880 probabilis
1030 1779 1236 1873 liberalitas,
1253 1781 1283 1855 si
1302 1782 1400 1856 adiu·

173 1923 338 1975 vescum
356 1899 417 1997 qui
435 1899 608 1974 adversus
624 1898 770 1972 viduam
788 1905 824 1970 et
840 1893 994 1994 pupillos
1013 1895 1120 1992 gravi
1142 1895 1303 1972 decernit
1328 1895 1402 1968 iur-

174 2013 245 2109 gio,
258 2023 322 2088 ant
334 2013 372 2086 vi
385 2012 506 2111 aliqua
524 2012 759 2111 possessiones
777 2033 898 2086 eorum
912 2009 1047 2108 eripere
1061 2020 1222 2100 conatur,
1234 2034 1305 2085 uon
1323 2033 1400 2108 pro·

175 2127 282 2201 batur
307 2125 471 2223 largitas,
488 2126 519 2200 si
538 2127 630 2224 quod
648 2125 751 2200 alteri
770 2123 939 2220 largitur,
958 2123 1061 2198 alteri
1083 2123 1164 2222 quis
1184 2132 1401 2221 extorqueat.

174 2240 211 2314 Si
231 2240 362 2315 iniuste
384 2250 531 2339 quarat,
548 2249 584 2314 et
601 2240 695 2314 iuste
720 2238 998 2335 dispensandum
1025 2246 1137 2336 putet,
1153 2238 1224 2311 nisi
1244 2239 1333 2313 forte
1359 2249 1401 2311 ut

173 2352 332 2428 Zacheus
350 2352 475 2427 reddas
493 2353 593 2451 prius
610 2353 642 2428 ei
661 2350 899 2450 quadruplum
919 2375 1025 2450 quem
1048 2352 1281 2427 fraudaveris,
1298 2352 1399 2427 Idem

174 2466 210 2539 iu
236 2469 270 2539 ΙΙ
295 2465 394 2540 libro.
412 2463 502 2553 Quis
527 2465 643 2562 igitur
669 2464 727 2540 vol
752 2488 811 2540 eos
836 2464 899 2562 qui
914 2464 1066 2563 pecunia
1092 2466 1136 2540 ad
1162 2465 1399 2541 obedientiam

175 2579 433 2670 reddimuntur,
447 2590 482 2655 et
495 2604 553 2655 eos
566 2579 627 2678 qui
642 2579 880 2654 assentatione
899 2577 1114 2669 invitantur,
1127 2581 1212 2655 fidos
1229 2580 1295 2654 sibi
1309 2580 1402 2654 arbi·

178 2697 319 2767 tratur?
329 2697 421 2767 Nam
433 2702 469 2767 et
482 2691 537 2766 illi
551 2693 756 2791 frequenter
765 2716 802 2767 sc
816 2692 968 2768 vendere
981 2692 1118 2784 volunt,
1131 2704 1166 2769 et
1178 2694 1239 2770 isti
1253 2694 1402 2792 imperia

173 2802 262 2875 dura
279 2801 371 2877 ferre
388 2826 458 2876 non
477 2814 635 2900 possunt,
650 2803 722 2878 levi
740 2808 1050 2882 assentatiuncula
1067 2809 1174 2884 facile
1191 2811 1396 2908 capiuntur.

175 2916 212 2991 si
230 2917 463 3016 prastrixerit
481 2918 598 3008 verbu,
614 2918 906 3010 immurmurant,
918 2922 1097 3012 deserunt,
1115 2923 1235 2997 infesti
1250 2923 1395 3010 abeunt,

174 3032 404 3129 indignantes
422 3032 640 3130 relinquunt.
658 3035 837 3130 Imperare
852 3034 992 3109 malunt
1005 3060 1113 3133 quam
1130 3034 1282 3137 obedire,
1295 3034 1400 3133 quasi

173 3146 343 3221 obnoxios
356 3146 527 3222 beneficio
539 3146 716 3221 subiectos
732 3145 800 3220 sibi
814 3147 939 3223 debere
952 3148 1161 3223 existimant
1177 3171 1265 3247 qnos
1279 3148 1399 3246 praesi-

173 3271 228 3333 tos
244 3260 312 3335 sibi
328 3259 458 3336 habere
475 3260 634 3336 debeant.
651 3257 741 3346 Quis
758 3258 874 3354 igitur
891 3261 958 3336 sibi
977 3261 1099 3337 fideles
1116 3270 1218 3361 putet
1234 3282 1322 3358 quos
1339 3258 1400 3333 vel

174 3372 324 3470 pecunia
340 3383 377 3449 et
387 3371 602 3448 adulationis
616 3371 683 3444 sibi
696 3370 904 3466 obligandos
918 3374 1194 3449 eredidittNam
1209 3383 1245 3449 et
1258 3372 1319 3448 ille
1333 3373 1397 3472 qui

173 3484 362 3583 pecuniam
379 3487 519 3586 accepit
535 3486 645 3560 vilem
665 3509 703 3560 se
715 3493 752 3559 et
768 3485 975 3586 despectum
992 3485 1139 3576 iudicat,
1156 3486 1227 3560 nisi
1245 3509 1326 3583 sepe
1346 3509 1400 3560 re·

177 3598 345 3674 diruatur.
363 3601 487 3698 Itaque
504 3598 711 3696 frequenter
728 3606 892 3695 expectat
904 3599 1059 3697 pretium
1076 3624 1196 3688 suum,
1208 3608 1244 3674 et
1265 3598 1326 3674 ille
1339 3597 1402 3697 qui

176 3709 453 3788 obsecrationem
466 3710 623 3786 ambitus
635 3709 789 3799 videtur,
801 3712 883 3788 vult
895 3737 1035 3812 semper
1048 3713 1178 3811 rogari.
1187 3716 1286 3809 Ergo
1296 3711 1402 3788 bonis

175 3824 312 3900 artibus
328 3837 365 3902 et
381 3825 519 3902 sincero
537 3824 713 3924 proposito
729 3823 917 3900 nitendum
934 3827 980 3902 ad
996 3827 1162 3902 bonorem
1179 3825 1343 3912 arbitror,
1365 3833 1402 3899 et

175 3940 328 4014 maxime
344 3938 640 4015 ecclesiasticum.
657 3939 707 4012 Ut
724 3960 838 4035 neque
857 3937 1024 4037 resupina
1041 3938 1259 4035 arrogantia,
1272 3936 1332 4012 vel
1351 3961 1403 4011 re·

176 4053 285 4128 missa
302 4052 531 4150 negligentia
548 4052 599 4141 fit,
611 4074 728 4149 neque
740 4053 858 4150 turpis
874 4051 1053 4126 affectatio
1066 4061 1102 4126 et
1114 4051 1279 4125 indecora
1292 4050 1404 4125 ambi·

174 4167 232 4242 tio.
250 4166 305 4242 Ad
323 4167 442 4242 omnia
458 4164 617 4240 abundat
632 4163 745 4238 animi
763 4162 898 4240 directa
916 4163 1139 4262 simplicitas,
1156 4162 1313 4261 satisque
1338 4162 1405 4237 sei·

174 4304 237 4378 psa
250 4278 485 4356 commendat.
505 4281 547 4352 In
570 4277 646 4375 ipso
666 4299 752 4351 vero
772 4300 920 4351 munere
938 4300 1053 4374 neque
1072 4302 1109 4350 se
1123 4275 1312 4351 veritatem
1326 4299 1404 4352 csse
1439 4358 1441 4363 ,

173 4387 262 4468 dura
279 4393 451 4470 convenit
468 4415 536 4466 neo
552 4391 702 4465 nimium
721 4390 979 4479 remissionem,
1001 4415 1046 4465 ne
1062 4399 1127 4464 aut
1143 4399 1353 4489 potestatem
1370 4414 1406 4466 e·

174 4531 330 4595 xercere,
342 4515 407 4581 aut
415 4512 623 4601 susceptum
637 4503 795 4580 officium
806 4526 1032 4601 nequaquam
1047 4503 1196 4602 implere
1207 4504 1406 4581 videamus
