3608 5498
386 881 587 958 Alexander
604 885 808 984 Episcopus,
829 884 1039 983 Apostolicse
1052 885 1144 959 sedis
1157 907 1380 958 summarum
1394 880 1505 979 dispo

288 990 435 1068 sitiones
448 1019 649 1087 musarum,
664 1007 699 1071 et
711 999 830 1072 omnia
843 999 988 1095 negotia
1000 998 1234 1074 ecelesiarum
1246 997 1290 1071 eb
1304 996 1379 1093 ipso
1392 996 1509 1069 Domi·

288 1127 334 1178 no
350 1106 480 1181 tradita
496 1120 583 1185 sunt
599 1114 700 1209 quasi
718 1112 762 1186 cd
778 1123 888 1211 ceput
909 1113 985 1210 ipso
1009 1113 1159 1187 Domino
1183 1112 1322 1187 dicente
1347 1109 1506 1206 Principi

288 1220 533 1315 Apostolorum
552 1228 666 1300 Petro.
679 1229 733 1300 Tu
746 1252 784 1303 es
801 1230 930 1302 Petrus
945 1237 982 1328 et
999 1250 1106 1326 super
1122 1226 1216 1302 hanc
1234 1235 1381 1323 petrem,
1398 1233 1435 1299 et
1457 1247 1509 1296 re·

289 1337 387 1436 liqna
405 1363 518 1436 usque
535 1341 604 1414 erit
620 1340 777 1415 solutum
796 1340 888 1416 etin
905 1341 1011 1416 caelis.
1449 1341 1451 1344 ’

840 1571 951 1656 LIIII.

386 1787 517 1883 Systus
536 1787 751 1862 universalis
765 1787 924 1863 Ecclesie
938 1788 1140 1886 Apostoliee
1158 1788 1362 1887 Episcopus.
1376 1787 1414 1861 Si
1427 1785 1509 1885 quis

291 1906 448 1973 vestrum
467 1900 630 1996 pulsatus
647 1901 757 1975 fuerit
781 1901 820 1975 in
843 1901 967 1999 aliqua
992 1901 1220 1989 adversitate,
1245 1900 1394 1975 licenter
1414 1899 1509 1974 hanc

288 2023 448 2088 sanctam
467 2025 503 2089 et
519 2016 746 2113 apostolicam
766 2016 919 2114 appellet
931 2016 1062 2103 sedem,
1074 2015 1167 2091 etad
1181 2039 1260 2089 earn
1274 2013 1377 2111 quasi
1394 2013 1439 2087 ad
1452 2037 1510 2088 ca·

289 2137 353 2224 put
369 2130 568 2226 suffugium
586 2131 722 2206 habeat.
741 2136 787 2206 Et
804 2143 1017 2229 postpauca.
1032 2129 1070 2201 Si
1084 2127 1370 2203 vocatusabboc
1385 2135 1510 2200 sancte

291 2241 384 2316 Sede
398 2241 518 2331 inerit,
535 2267 605 2317 nou
624 2254 751 2319 renuat
768 2245 904 2320 venire.
918 2243 986 2317 Sed
999 2241 1186 2317 confestim
1200 2250 1240 2314 nt
1253 2240 1286 2316 ei
1300 2239 1508 2313 nuntiatum

291 2353 410 2445 suerit,
429 2357 552 2434 venire
569 2359 726 2447 festinet,
743 2368 778 2433 et
794 2384 922 2433 causas
939 2380 1001 2454 pro
1018 2355 1148 2454 quibus
1173 2364 1322 2428 vocatus
1348 2363 1402 2428 est
1426 2377 1509 2450 pru·

289 2468 414 2545 deuter
430 2471 603 2569 disponat,
619 2483 725 2571 etque
744 2473 774 2547 si
792 2496 935 2549 necesse
948 2469 1084 2568 aliquid
1098 2468 1278 2563 corrigere
1293 2465 1413 2555 inerit,
1426 2491 1510 2542 cum

290 2581 347 2655 his
363 2607 451 2682 quos
467 2584 527 2661 hic
544 2587 675 2682 primos
692 2587 885 2674 invenerit,
902 2585 1070 2680 corrigat.
1093 2585 1149 2659 Ad
1174 2581 1362 2658 ecclesium
1388 2591 1508 2656 temen

289 2721 391 2770 suam
409 2722 477 2772 non
495 2700 594 2796 prius
613 2710 814 2776 revertetur
835 2725 942 2798 quam
968 2698 1027 2774 hic
1052 2696 1182 2773 litteris
1208 2695 1422 2793 Apostolicis
1448 2693 1506 2769 vel

289 2812 450 2887 formatis
467 2812 618 2910 pleniter
635 2814 836 2889 instructus
852 2823 959 2911 etque
977 2824 1154 2912 purgatus
1171 2811 1202 2885 si
1219 2809 1330 2885 fuerit
1346 2809 1441 2883 unde
1467 2816 1509 2881 ut

290 2939 508 3022 cognoscant
529 2928 639 3004 vieini
662 2929 719 3002 sui
744 2929 899 3027 qualiter
923 2928 982 3005 hic
1006 2954 1109 3002 suern
1135 2951 1281 3001 causam
1308 2923 1451 2998 finierit.
1470 2922 1509 2997 Si

288 3041 369 3139 quis
386 3066 470 3117 vero
484 3043 589 3118 aliter
605 3067 714 3140 egero
732 3042 1007 3142 praesumpserit,
1025 3041 1117 3117 sciat
1128 3064 1320 3117 censuram
1333 3037 1442 3111 huius
1456 3059 1509 3110 se

288 3155 342 3230 dis
359 3181 442 3231 cum
460 3158 625 3233 omuibus
643 3155 811 3233 membris
827 3158 903 3231 suis
920 3155 987 3230 sibi
1005 3154 1086 3229 inde
1103 3178 1181 3228 esse
1197 3162 1403 3227 venturam.
1417 3153 1508 3225 Item

288 3280 366 3366 post
379 3295 501 3367 peuce.
518 3270 575 3345 Ab
592 3271 659 3347 hac
676 3271 772 3346 enirn
790 3280 915 3347 sancta
932 3270 1021 3344 Sede
1039 3267 1209 3343 asanctis
1223 3264 1401 3364 Apostolis
1414 3265 1509 3340 tueri

289 3394 325 3457 et
340 3385 481 3460 defendi
499 3384 663 3484 Episcopi
682 3385 770 3459 iussi
788 3394 885 3472 sunt,
904 3393 945 3458 ut
961 3383 1057 3458 sicut
1073 3405 1195 3456 eorum
1213 3378 1442 3477 dispositione
1458 3401 1511 3452 or·

289 3497 434 3574 dinante
453 3498 602 3574 Domino
618 3498 786 3596 primitus
803 3506 889 3573 snut
906 3495 1106 3584 constituti,
1118 3494 1171 3569 sic
1188 3493 1298 3568 huius
1311 3502 1509 3567 senctaese·

288 3611 343 3686 dis
360 3612 612 3710 dispensationi
637 3635 759 3687 eorum
776 3635 904 3687 causes
922 3623 958 3685 et
975 3609 1107 3684 iudicia
1124 3614 1363 3682 servaverunt
1376 3615 1417 3680 ut
1430 3606 1508 3681 eius

290 3727 509 3824 protectione
534 3726 666 3800 suturis
684 3724 901 3822 temporibus
928 3724 1002 3796 sint
1026 3722 1071 3795 eb
1096 3720 1260 3795 omnibus
1284 3718 1508 3793 adversitati·

290 3839 357 3914 bus
374 3840 486 3914 liberi.

868 4067 937 4150 ΙΝ.

383 4306 511 4402 Iginus
529 4309 623 4402 Papa
642 4302 929 4379 Atheniensibus.
952 4301 1067 4375 Alieni
1081 4301 1214 4375 erroris
1227 4300 1430 4374 societatem
1451 4300 1508 4376 vel

287 4419 383 4492 esui
401 4418 565 4517 propositi
583 4418 726 4493 tremite
746 4417 967 4493 recedentem
985 4426 1049 4489 ant
1074 4413 1285 4512 Apostolicae
1311 4415 1412 4489 Sedis
1436 4415 1510 4488 ius·

288 4533 448 4608 sionibus
465 4533 706 4607 inobedientes
722 4533 903 4628 suscipere
928 4552 998 4601 uon
1025 4551 1222 4626 possumus,
1247 4551 1313 4603 neo
1338 4527 1508 4626 impedire

1311 4646 1327 4695 5
