3608 5498
791 403 989 467 -479-

278 523 489 598 refutandus
501 534 566 614 est,
578 533 661 608 ante
675 525 914 599 reversionem
928 548 1042 613 suam,
1059 547 1128 598 non
1146 522 1185 596 in
1199 524 1427 598 accusatione
1442 547 1494 598 re·

277 645 332 710 ote
345 637 543 732 agentium,
556 647 620 711 ant
632 637 834 712 testimonio
851 636 1097 734 suscipiendis,
1111 636 1367 711 Accusationes
1379 659 1494 710 sacer·

276 749 397 823 dotum
415 751 555 825 nonnisi
572 751 616 824 ab
632 749 768 825 idoneis
784 759 820 826 et
837 748 1094 848 probatissimis
1119 749 1220 836 viris,
1242 748 1304 845 qui
1321 758 1358 823 et
1379 746 1494 845 suspi-

277 862 438 936 cionibus
450 872 485 938 et
497 862 692 938 sceleribus
705 874 850 938 careant
862 861 939 937 fieri
952 861 1089 935 debent.
1102 860 1494 958 Idem.0mnisoppres·

277 999 339 1048 sus
357 974 466 1050 libere
483 977 705 1051 sacerdotum
730 976 760 1049 si
778 975 932 1050 voluerit
944 974 1098 1071 appellet
1111 973 1294 1049 indicium.
1307 974 1415 1048 Idem.
1428 976 1496 1048 De·

277 1086 527 1178 terioressunt
543 1089 604 1187 qui
622 1090 804 1164 doctorum
822 1087 957 1162 veritas
974 1110 1158 1185 moresque
1179 1095 1413 1182 corrumpunt
1437 1084 1495 1159 his

277 1200 338 1296 qui
356 1201 555 1276 substantia
571 1202 723 1277 aliorum
741 1201 942 1301 praediaque
959 1199 1144 1298 diripiunt,
1161 1210 1197 1274 et
1220 1199 1297 1273 ideo
1322 1199 1416 1273 iuste
1441 1198 1495 1272 in·

276 1311 389 1387 fames
405 1324 501 1404 sunt,
518 1326 554 1390 ot
567 1316 695 1391 merito
705 1315 750 1389 ab
763 1314 913 1390 ecclesia
926 1323 1083 1387 extorres
1096 1313 1198 1386 fiunt.
1212 1312 1412 1385 Evaristus.
1427 1317 1495 1386 Ao·

278 1435 483 1500 cusatorum
510 1429 733 1503 sacerdotum
758 1426 974 1502 discutiatur
998 1424 1164 1521 suspicio,
1180 1423 1278 1512 fides,
1298 1424 1494 1513 temeritas,

278 1536 365 1624 vita,
377 1539 599 1635 vanegloria,
611 1538 814 1626 inimicitia,
827 1537 1013 1634 cupiditas.
1025 1538 1139 1612 Idem.
1147 1536 1289 1634 Absque
1306 1545 1404 1611 certa
1417 1558 1495 1633 pro·

277 1647 371 1723 batio
387 1651 577 1750 qnisquam
595 1675 665 1727 non
681 1652 812 1727 credat.
830 1651 1040 1726 Alexander.
1057 1656 1293 1724 Accusatores
1309 1649 1496 1746 Episcopo

277 1785 356 1834 rum
375 1775 543 1860 perpetua
560 1772 730 1838 notantur
742 1763 902 1853 infamia,
916 1773 951 1838 et
963 1763 1068 1838 exilio
1080 1761 1183 1858 digni
1195 1761 1402 1837 iudicantur
1417 1762 1493 1836 fini-

277 1873 372 1948 timo.
390 1875 496 1950 Idem.
514 1876 713 1951 Pessimum
730 1887 786 1950 est
797 1876 841 1949 da
857 1875 1070 1973 suspicione,
1082 1885 1146 1948 aut
1158 1884 1294 1948 extorta
1308 1874 1495 1949 confessio

276 2010 320 2061 ne
338 2010 551 2085 quemquam
570 1989 738 2063 iudicare.
754 1989 861 2064 Idem.
879 1989 917 2060 Si
935 1988 1015 2086 quis
1032 2011 1120 2084 erga
1139 1987 1353 2084 Episcopum
1375 1986 1435 2060 vel
1459 2010 1496 2058 a·

275 2108 408 2174 ctorem
419 2100 588 2176 Ecclesiae
597 2101 792 2198 quamlibet
807 2099 987 2198 querelam
998 2099 1127 2174 habere
1143 2101 1280 2173 iustum
1294 2098 1495 2187 crediderit,

279 2213 350 2285 nisi
367 2213 466 2309 prius
482 2214 651 2312 primates
668 2223 731 2287 aut
747 2212 835 2287 alios
852 2213 955 2286 adeat
971 2212 1118 2300 indices
1134 2237 1241 2310 quarn
1260 2213 1376 2309 ipsum
1390 2237 1411 2284 a
1425 2234 1495 2309 quo

277 2348 315 2399 se
333 2323 458 2399 laesum
475 2326 629 2414 estimat,
646 2325 834 2400 conveniat
850 2325 1087 2413 familiariter,
1104 2349 1173 2399 non
1188 2325 1298 2399 semel
1313 2326 1374 2400 sed
1388 2325 1495 2430 sepis·

276 2436 375 2513 sime.
393 2439 431 2513 Si
448 2449 567 2513 autem
585 2463 690 2514 secus
706 2438 834 2534 egerit,
853 2440 1103 2515 communione
1121 2440 1293 2535 privetur.
1310 2441 1418 2514 Idem.
1432 2443 1497 2512 Ta·

277 2548 369 2625 lione
387 2560 545 2627 meretur
562 2551 624 2648 qui
642 2550 813 2624 fratribus
830 2551 968 2626 foveam
986 2560 1096 2650 parat.
1114 2555 1204 2626 Item
1226 2552 1328 2626 idem.
1346 2551 1496 2627 Crucifi-

277 2673 372 2757 gunt
385 2665 576 2737 Dominum
590 2664 747 2761 quicum
765 2664 803 2736 in
817 2665 1057 2738 sacerdotibus
1071 2666 1146 2738 suis
1160 2674 1404 2762 persecuntur.
1417 2668 1495 2762 Xy·

276 2785 365 2849 stus.
382 2778 434 2850 De
450 2775 678 2851 inimicorum
698 2775 786 2849 dono
804 2777 1068 2874 prodeuntibus,
1085 2800 1155 2852 non
1180 2788 1234 2853 ost
1258 2777 1495 2853 credentibus.

278 2888 480 2986 Culpantur
493 2889 647 2986 qualiter
660 2888 756 2963 circa
769 2889 897 2964 fratres
914 2913 1022 2984 aeger,
1035 2891 1130 2963 intra
1147 2914 1255 2987 quam
1272 2890 1382 2964 huius
1400 2889 1494 2962 sedis

277 3001 472 3076 rectoribus
497 3001 637 3099 placere
662 3002 905 3096 cognoverint.
930 3001 1174 3100 Telesphorus.
1199 3008 1437 3077 Accusatores
1457 3011 1494 3075 ot

275 3114 520 3189 accusationes
537 3138 627 3212 quas
644 3113 744 3209 leges
761 3114 882 3187 saeculi
901 3134 971 3186 non
989 3112 1187 3187 admittunt
1204 3122 1240 3187 et
1256 3137 1320 3186 nos
1340 3134 1495 3186 summo·

275 3250 412 3301 vemus.
426 3229 522 3300 Pius.
537 3227 607 3312 Qui
619 3226 718 3300 iussa
735 3225 944 3322 Apostolicae
962 3226 1063 3301 Sedis
1080 3224 1232 3301 libenter
1244 3234 1495 3322 transgressus

275 3338 396 3425 fuerit,
413 3338 558 3413 infamis
575 3339 739 3412 efficitur.
756 3336 937 3413 Eleuther.
955 3339 1147 3414 Proditoris
1160 3364 1226 3414 nec
1237 3362 1308 3414 vox
1319 3363 1387 3414 nec
1398 3338 1495 3415 calu·

276 3450 373 3522 mnia
390 3450 569 3524 audiatur.
580 3453 624 3522 In
637 3447 820 3546 provincia
833 3449 871 3521 in
884 3474 990 3547 quam
1005 3451 1168 3526 consistit
1179 3451 1240 3526 illo
1253 3450 1316 3548 qui
1330 3451 1495 3548 pulsatus

275 3586 359 3635 suas
368 3571 530 3637 exerceat
539 3560 705 3636 notiones
713 3560 935 3635 Iudicantem
945 3569 1081 3658 oportet
1088 3571 1219 3636 cuncta
1229 3561 1351 3634 rimari
1361 3571 1397 3637 et
1405 3561 1496 3636 ordi·

274 3698 357 3748 nem
371 3698 490 3749 rerum
505 3672 608 3771 plena
621 3671 851 3769 inquisitione
863 3673 1052 3749 discutere.
1065 3674 1314 3769 Interrogandi
1323 3697 1367 3748 ac
1375 3695 1495 3771 propo·

275 3786 382 3860 nendi
399 3785 644 3884 adiciendique
662 3784 809 3883 praebita
825 3784 998 3882 patientia
1015 3786 1059 3859 ab
1077 3809 1128 3874 ec,
1144 3798 1187 3861 ut
1203 3786 1253 3860 ibi
1270 3787 1363 3862 actio
1376 3785 1495 3860 amba·

276 3923 356 3971 rum
369 3898 549 3973 actionum
565 3897 719 3971 limitata
732 3898 780 3971 sit
791 3897 932 3993 pariter.
947 3898 1079 3973 Victor.
1093 3902 1210 3986 Quam
1226 3923 1314 3974 vera
1326 3899 1412 3988 sint,
1424 3921 1494 3972 non

274 4020 394 4086 tomen
404 4010 589 4097 credenda,
597 4011 667 4083 nisi
676 4034 756 4107 quae
765 4010 964 4085 manifestis
972 4009 1116 4084 indiciis
1125 4009 1410 4106 comprobantur,
1423 4010 1495 4084 nisi

275 4148 353 4221 qnae
362 4123 549 4197 manifesto
561 4122 692 4197 iudicio
704 4122 983 4209 convincuntur,
996 4121 1066 4194 nisi
1080 4146 1159 4219 quae
1172 4121 1361 4196 iudiciario
1371 4122 1494 4196 ordine

275 4237 512 4334 publicantur.
525 4234 754 4333 Zeplrerinus.
772 4241 992 4309 Accusatum
1010 4233 1243 4309 discutientes
1266 4235 1493 4334 Episcopum,

273 4359 440 4423 nonanto
457 4348 669 4422 sententiam
687 4347 867 4444 proferant
881 4347 1069 4434 finitivam,
1082 4371 1190 4443 quarn
1203 4347 1395 4444 apostolica
1408 4346 1493 4420 fulti

273 4457 497 4549 auctoritate,
512 4469 576 4534 aut
594 4483 695 4535 reum
713 4483 750 4533 se
766 4482 843 4535 esse
855 4456 1074 4555 profiteatur,
1086 4466 1150 4533 aut
1162 4481 1224 4556 per
1238 4457 1445 4535 innocentes
1459 4468 1495 4532 et
