3608 5498
804 419 1000 481 -115-

288 549 325 614 et
341 538 515 612 maiorum
535 535 647 611 vultis
663 545 800 613 statuta
817 537 1029 628 convellere,
1047 562 1116 613 non
1134 563 1310 636 cognosco
1334 541 1396 639 qui
1415 542 1510 617 estis
1586 572 1591 583 ·

289 659 370 749 hge
386 674 473 748 ergo
489 651 600 726 frater
616 651 847 728 dilectissimo
864 663 970 751 atque
987 653 1176 728 karissime
1201 664 1242 729 ut
1266 677 1330 728 nos
1352 654 1510 730 invicem

293 789 602 863 recognoscamus
619 791 664 841 ne
682 766 713 840 si
730 767 902 865 antiquus
919 768 1029 870 hostis
1046 794 1108 866 per
1121 768 1330 845 scandalum
1344 771 1431 845 duos
1444 792 1514 844 mo·

290 882 395 971 verit,
412 904 474 979 per
490 880 746 980 nequissimam
762 882 953 956 victoriam
972 883 1103 957 multos
1119 896 1231 959 necet.
1249 886 1328 980 Ego
1349 883 1445 959 enim
1472 894 1513 959 ut

288 1005 410 1093 aperte
426 994 581 1070 iudicem
598 995 659 1093 qui
678 995 881 1093 praelatione
898 998 951 1071 nil
967 1022 1078 1097 quero
1095 999 1126 1072 si
1143 998 1204 1073 ille
1227 998 1446 1074 iuvenculas
1470 999 1513 1074 da

290 1134 359 1209 quo
375 1109 589 1208 prolocutus
605 1135 685 1184 sum
703 1110 797 1207 apud
814 1110 1076 1187 fraternitatem
1094 1120 1194 1186 tuam
1219 1111 1364 1188 culmen
1390 1136 1511 1209 pravae

291 1226 443 1302 actionis
461 1225 607 1300 minime
623 1235 762 1300 teneret
779 1235 821 1300 ut
836 1226 911 1324 ipse
929 1228 1036 1301 etiam
1054 1253 1134 1325 quae
1152 1227 1239 1302 mihi
1256 1227 1300 1302 do
1317 1228 1514 1302 canonibus

291 1349 487 1439 suppetunt
504 1339 649 1415 interim
667 1348 784 1416 tacere
799 1340 1002 1438 potuissem,
1015 1352 1050 1417 et
1063 1342 1107 1417 ab
1120 1342 1196 1442 ipso
1209 1341 1312 1416 initio
1329 1341 1515 1417 venientes

295 1455 341 1530 ad
352 1480 407 1531 me
417 1479 585 1554 personas
597 1455 642 1530 ad
654 1478 719 1531 vos
732 1456 945 1533 fiducialiter
959 1456 1288 1546 retransmisissem,
1298 1455 1516 1554 sciensquod

294 1595 354 1644 eas
371 1569 545 1645 sanctitas
562 1577 626 1643 tua
643 1594 725 1644 cum
741 1569 890 1645 caritate
904 1572 1111 1671 susciperet.
1126 1572 1194 1648 Sed
1206 1572 1311 1647 etiam
1327 1596 1425 1646 nunc
1438 1570 1517 1645 dico

292 1693 357 1758 aut
372 1683 513 1758 easdem
531 1706 699 1780 personas
716 1683 755 1756 in
772 1684 848 1757 suis
865 1684 1049 1760 ordinibus
1066 1685 1248 1784 suscipere
1273 1685 1395 1783 eisque
1420 1684 1516 1782 quie-

293 1807 364 1872 tem
383 1796 510 1895 praebe,
533 1805 597 1870 aut
622 1795 651 1870 si
677 1795 744 1872 hoc
769 1797 916 1876 fortasse
939 1799 1108 1889 nolueris,
1134 1799 1222 1874 mihi
1247 1800 1344 1874 omni
1367 1798 1517 1874 alterca-

292 1912 387 1986 tione
405 1910 595 2009 postposita
613 1911 655 1985 dc
672 1934 795 1985 eorum
813 1936 922 1986 causa
941 1923 1077 1988 statuta
1095 1913 1270 1987 maiorum
1288 1920 1324 1987 et
1337 1934 1513 1987 canonum

292 2027 462 2103 terminos
478 2025 626 2101 custodi.
644 2027 683 2098 Si
700 2050 785 2101 vero
802 2038 973 2102 neutrum
991 2028 1130 2116 feceris,
1149 2050 1213 2101 nos
1231 2026 1374 2125 quidem
1400 2025 1515 2098 rixam

293 2142 425 2217 inferre
441 2140 609 2216 nolumus
627 2142 687 2217 sed
703 2151 824 2217 tamen
842 2142 1046 2218 venientem
1064 2141 1200 2217 avohis
1218 2165 1290 2215 non
1303 2140 1517 2214 devitamus.

294 2257 395 2345 Quod
412 2268 532 2330 autem
550 2256 592 2332 de
609 2256 794 2355 Episcopis
811 2257 872 2355 qui
889 2256 1099 2332 verberibus
1116 2256 1237 2331 timeri
1263 2253 1390 2330 volunt
1414 2275 1518 2328 cano·

295 2397 359 2445 nes
375 2370 507 2460 dicant,
523 2370 612 2446 bene
629 2370 837 2446 fraternitas
854 2381 976 2445 vestra
993 2370 1093 2444 novit

847 2572 977 2657 CLXV.

706 2779 851 2831 canones
871 2779 1109 2844 Apostolorum.

392 2941 590 3037 Gregorius
616 2941 820 3015 Mauritano
845 2941 1017 3040 Episcopo
1042 2945 1232 3017 Ravenna.
1258 2945 1356 3017 Inter
1380 2952 1519 3018 cratera.

299 3054 483 3152 Numquid
500 3077 570 3128 non
588 3054 662 3152 ipse
681 3054 773 3129 nosti
791 3055 875 3154 quia
893 3080 1002 3131 causa
1019 3082 1099 3155 quae
1115 3082 1136 3128 a
1154 3056 1310 3132 Iohanne
1333 3055 1522 3155 Presbyte-

299 3191 347 3257 ro,
364 3176 489 3244 contra
505 3167 700 3242 Iohannem
720 3169 1152 3271 constantinopolitanum
1174 3172 1333 3261 fratrem,
1350 3181 1387 3247 et
1408 3171 1522 3268 coepi·

298 3306 444 3380 scopum
462 3293 624 3357 nostrum
642 3292 719 3358 orta
736 3292 801 3373 est,
818 3286 1016 3362 secundum
1042 3311 1195 3363 canones
1212 3287 1257 3361 ad
1279 3287 1405 3362 Sedem
1432 3291 1523 3383 Apo·

298 3398 462 3473 stolicam
481 3397 646 3486 recurrit,
663 3407 699 3472 et
715 3409 837 3472 nostra
855 3409 909 3473 est
926 3400 1105 3475 sententia
1129 3399 1285 3475 definita.
1303 3399 1342 3474 si
1367 3422 1454 3495 ergo
1478 3398 1522 3474 de

298 3512 360 3586 illa
375 3510 523 3587 civitate
540 3511 602 3586 ubi
619 3512 785 3609 princeps
801 3522 865 3602 est,
882 3512 926 3586 ad
944 3522 1100 3588 nostram
1114 3539 1260 3589 causam
1278 3512 1522 3610 cognitionem

298 3626 450 3703 deducta
467 3636 533 3714 est,
550 3636 683 3725 quanto
700 3626 819 3722 magis
836 3628 1022 3723 negotium
1046 3627 1137 3726 quod
1162 3637 1287 3703 contra
1305 3649 1368 3700 vos
1384 3635 1448 3715 est,
1465 3624 1524 3700 hio

298 3749 352 3814 est
368 3739 522 3815 veritate
539 3739 684 3835 cognita
702 3740 981 3816 terminandum.
998 3741 1196 3839 Gregorius
1211 3741 1361 3817 Iohanni
1378 3739 1523 3838 Episco

299 3878 342 3952 po
358 3855 482 3952 primae
498 3853 709 3929 Iustiniana
726 3853 852 3929 Illirici
870 3865 1087 3953 postpauca.
1104 3860 1178 3930 Nos
1194 3878 1333 3954 quoque
1351 3854 1388 3926 in
1405 3867 1521 3951 perso

299 3995 346 4043 na
363 3968 599 4045 fraternitatis
616 3979 687 4044 tuae
704 3994 766 4067 per
782 3969 901 4043 omnia
918 3970 1173 4057 consentimus,
1185 3979 1292 4067 atque
1305 3966 1523 4064 omnipoten-

300 4095 372 4160 tem
390 4087 504 4159 Deum
522 4084 755 4181 deprecamur
772 4093 813 4158 ut
830 4085 1016 4159 caritatem
1034 4092 1192 4157 vestram
1210 4082 1307 4158 sicut
1323 4106 1389 4154 sua
1401 4079 1522 4177 gratia

300 4198 423 4296 elegit,
440 4199 491 4273 ita
507 4198 547 4272 in
563 4198 728 4274 omnibus
745 4223 847 4272 suam
865 4197 1119 4296 protectionem
1145 4195 1331 4272 custodiat.
1357 4192 1522 4269 Palleum

300 4337 386 4389 vero
401 4337 446 4389 ex
460 4336 554 4388 more
567 4313 846 4402 transmisimus,
858 4324 894 4389 et
911 4313 1009 4387 vices
1026 4334 1089 4385 vos
1107 4309 1319 4408 Apostolicae
1331 4307 1425 4383 sedis
1438 4331 1524 4404 age-

301 4427 485 4503 reiterata
503 4427 731 4502 innovatione
749 4426 986 4503 decernimus.
