3608 5498
804 388 1000 453 ..375-

295 506 442 582 lutionis
459 506 615 582 breviter
631 507 753 583 ordine
777 506 947 597 diximus,
971 518 1014 582 ut
1037 507 1104 582 sub
1121 531 1253 606 magno
1273 510 1511 587 moderamine

292 632 452 717 pastores
464 619 635 695 ecclesia
647 619 783 695 solvere
800 620 969 695 studeant
985 618 1044 694 vel
1057 619 1182 716 ligare.
1196 621 1264 696 Sed
1275 632 1399 697 utrum
1416 624 1511 701 iuste

294 757 339 804 an
354 731 487 807 iniuste
500 731 634 827 obliget
646 741 775 829 pastor,
788 731 939 831 pastoris
951 741 1072 806 tamen
1082 731 1260 807 sententia
1268 735 1375 830 gregi
1384 735 1511 811 timen-

293 844 337 917 da
354 852 418 932 est,
434 866 479 918 ne
496 843 528 917 is
539 844 621 942 quis
633 843 765 933 subest,
777 852 814 919 et
825 868 910 919 cum
924 843 1057 920 iniuste
1075 843 1223 919 forsitan
1240 844 1378 942 ligatur
1396 847 1509 944 ipsam

296 955 525 1052 obligationis
543 981 618 1031 sum
639 955 854 1031 sententiam
878 956 1017 1031 exalia
1040 956 1147 1055 culpa
1173 969 1360 1033 mereatur.
1386 963 1511 1036 Pastor

294 1092 380 1165 ergo
397 1067 456 1143 vel
473 1067 655 1145 absolvere
671 1069 863 1144 indiscrete
880 1069 1008 1145 timeat
1024 1070 1083 1144 vel
1100 1070 1225 1167 ligare.
1242 1073 1277 1145 Is
1301 1079 1423 1146 autem
1447 1072 1510 1170 qui

294 1182 360 1257 sub
378 1206 486 1256 manu
504 1182 654 1279 pastoris
670 1192 738 1272 est,
754 1181 864 1279 ligari
882 1182 1008 1258 timeat
1024 1183 1082 1258 vel
1098 1182 1243 1271 iniuste,
1267 1207 1334 1259 nec
1358 1185 1510 1282 pastoris

294 1297 353 1370 sui
370 1296 545 1371 iudicium
563 1307 697 1373 temere
714 1296 957 1394 reprehendat,
974 1320 1019 1371 ue
1035 1295 1118 1372 etsi
1135 1296 1268 1372 iniuste
1284 1295 1421 1393 ligatus
1445 1308 1510 1386 est,

293 1435 340 1484 ex
357 1410 434 1507 ipsa
450 1410 585 1485 tumide
603 1409 888 1508 reprehensionis
914 1407 1080 1506 superbia
1104 1408 1211 1508 culpa
1237 1433 1316 1506 quae
1336 1431 1406 1483 non
1431 1420 1511 1486 erat

294 1525 365 1599 fiat.
382 1524 479 1599 Idem
496 1522 535 1597 in
553 1534 702 1620 regesto.
719 1525 886 1599 Ianuario
903 1521 1187 1621 Archiepiscopo.
1208 1522 1271 1596 Nil
1297 1532 1332 1598 te
1356 1523 1511 1598 ostendit

292 1639 334 1714 de
350 1637 542 1714 celestibus
559 1639 728 1735 cogitare,
745 1639 807 1714 sed
824 1649 1003 1716 terrenam
1020 1645 1056 1709 te
1074 1634 1380 1710 conversationem
1397 1635 1510 1731 signi-

294 1756 390 1842 ficas,
407 1754 491 1828 dum
510 1778 571 1852 pro
593 1754 752 1829 vindicta
777 1754 927 1852 propriae
951 1748 1094 1823 iniuria
1118 1749 1211 1846 quod
1235 1747 1348 1824 saeris
1372 1747 1510 1844 regulis

293 1867 509 1964 prohibetur,
526 1866 809 1944 maledictionem
822 1863 1062 1941 anathematis
1079 1861 1259 1938 invexisti.
1273 1861 1375 1938 Unde
1388 1863 1431 1936 de
1444 1887 1510 1937 om·

292 1989 367 2053 tero
384 1988 458 2053 esto
474 1979 758 2079 circumspectus
770 2005 814 2054 ac
831 1977 1017 2066 sollicitus,
1030 1999 1075 2051 ne
1089 1976 1120 2050 si
1133 1975 1205 2050 tale
1222 1975 1358 2074 aliquid
1374 1975 1509 2066 fecerit,

292 2089 330 2166 in
360 2101 394 2167 te
424 2094 517 2168 scias
546 2105 665 2193 postea
694 2093 960 2169 vindicandum.
983 2089 1081 2164 Idem
1111 2089 1149 2161 in
1181 2088 1381 2163 moralibus.
1407 2093 1511 2163 Sum·

291 2230 429 2306 mopere
447 2231 646 2305 precavere
663 2207 792 2283 debent
809 2217 962 2282 rectores
979 2201 1159 2290 aecclesia,
1176 2202 1286 2300 etqui
1299 2201 1441 2301 publica
1455 2203 1509 2277 iu·

291 2318 385 2395 dicia
407 2330 587 2410 exercent,
605 2315 699 2395 utin
718 2320 896 2396 dictandis
912 2316 1112 2406 sententiis,
1131 2315 1338 2392 nullatenus
1362 2316 1509 2393 levitate

291 2443 355 2508 aut
378 2434 491 2508 sorore
515 2434 613 2509 ducti
639 2434 714 2509 sint
729 2434 939 2532 precipites,
964 2432 1025 2506 sed
1049 2430 1168 2506 causis
1193 2431 1292 2529 prius
1315 2428 1509 2527 diligenter

293 2546 486 2636 ventilatis,
502 2571 586 2622 cum
604 2572 661 2622 res
678 2573 757 2647 quae
773 2546 1007 2645 ignorabatur
1024 2544 1175 2643 pleniter
1191 2544 1236 2619 ad
1258 2543 1423 2636 notitiam
1449 2570 1508 2621 ve

293 2658 397 2749 uerit,
409 2670 498 2736 tunc
510 2660 632 2734 diviua
646 2671 682 2737 et
693 2662 850 2736 humana
863 2661 921 2737 lex
933 2658 1143 2747 resolvatur,
1156 2667 1193 2733 et
1205 2658 1401 2733 secundum
1415 2659 1508 2757 quod

292 2771 340 2846 ibi
358 2773 592 2848 constitutum
610 2785 676 2863 est,
693 2786 825 2851 remota
843 2799 1074 2873 personarum
1090 2772 1295 2871 acceptione
1316 2773 1509 2847 diffinitiva

293 2886 491 2985 proferatur
508 2888 696 2963 sententia.
713 2888 810 2962 Hinc
827 2898 882 2963 est
906 2890 998 2989 quod
1023 2892 1165 2987 Moyses
1190 2887 1363 2987 quaerelas
1386 2887 1508 2988 populi

292 3025 430 3100 semper
445 3001 489 3075 ad
507 3003 698 3076 Dominum
716 3003 987 3078 tabernaculum
1000 3003 1188 3098 ingressus
1206 3000 1389 3089 referebat,
1406 3010 1443 3075 et
1454 3001 1508 3076 iu·

292 3124 353 3188 ita
371 3115 463 3213 quod
480 3115 654 3189 Dominus
667 3115 863 3214 imperabat
875 3114 1009 3190 iudicia
1021 3113 1244 3214 proponebat,
1256 3113 1426 3187 nimirum
1438 3138 1508 3210 uos

291 3228 495 3318 instituens,
515 3240 556 3303 ut
576 3251 645 3302 non
667 3253 714 3304 ex
733 3228 837 3304 corde
857 3237 986 3317 nostro,
1003 3227 1064 3302 sed
1089 3238 1264 3326 praecepto
1283 3227 1405 3302 divino
1426 3251 1507 3303 cou-

291 3342 550 3440 dempnationis
567 3341 626 3416 vel
644 3341 909 3417 iustificationis
930 3343 1145 3417 sententiam
1170 3341 1400 3439 proferamus.
1423 3347 1508 3414 Am·

290 3455 429 3530 brosius
446 3455 483 3529 in
500 3458 534 3530 lI
547 3454 636 3530 libro
648 3455 855 3530 officiorum.
867 3453 990 3529 Nichil
1003 3455 1056 3530 sie
1069 3454 1268 3553 opinionem
1281 3454 1389 3529 immo
1401 3454 1506 3530 fidem

290 3580 422 3664 gravat
438 3593 545 3666 quam
563 3569 593 3642 si
611 3569 649 3641 in
666 3568 866 3659 iudicando,
883 3570 1071 3667 potentiori
1088 3570 1196 3647 dones
1209 3596 1354 3648 oausam
1366 3571 1508 3648 iuferio-

292 3683 352 3770 ris,
369 3682 427 3758 vel
445 3708 635 3783 pauperem
651 3684 878 3759 innocentem
896 3706 1041 3779 arguas,
1057 3683 1207 3760 divitem
1224 3710 1383 3776 excuses,
1404 3711 1507 3762 reum

292 3796 415 3894 culpae.
434 3799 592 3871 Pronum
610 3796 752 3895 quidem
770 3820 887 3893 genus
903 3796 1088 3875 hominum
1107 3802 1226 3878 favere
1238 3802 1508 3894 onoratioribus,

290 3935 335 3985 ne
353 3909 444 3985 lesos
461 3935 537 3986 sese
554 3920 692 4010 putent,
708 3936 754 3986 ne
772 3912 861 3988 victi
878 3911 1029 3989 doleant
1042 3915 1111 3990 Sed
1124 3914 1279 4013 primum
1293 3917 1324 3991 si
1336 3916 1506 3991 offensam

291 4024 427 4099 vereris
443 4049 512 4098 non
532 4024 684 4122 recipias
702 4024 886 4100 iudicium.
904 4026 942 4100 Si
960 4027 1124 4104 sacerdos
1135 4052 1184 4118 es,
1196 4038 1260 4103 aut
1271 4029 1302 4102 si
1316 4029 1506 4128 quisquam

293 4139 397 4227 alius,
414 4163 484 4214 nou
501 4138 666 4215 lacessas.
679 4142 781 4216 Licet
796 4139 984 4217 tibi'silere
1001 4141 1038 4214 in
1056 4142 1200 4238 negotio
1216 4143 1401 4218 dumtaxat
1417 4142 1508 4217 iudi·

289 4254 410 4340 ciario,
423 4278 640 4352 quamquam
658 4257 706 4330 sit
723 4254 932 4332 constantiae
948 4254 1069 4329 adesse
1086 4255 1256 4352 equitati.
1269 4258 1311 4330 In
1323 4282 1433 4332 causa
1444 4281 1507 4332 au·

290 4376 363 4441 tem
381 4368 458 4456 Dei,
475 4367 536 4443 ubi
553 4369 824 4458 communionis,
841 4365 1040 4466 periculum
1057 4376 1123 4457 est,
1147 4368 1255 4443 etiam
1279 4370 1507 4446 dissimulare

291 4491 476 4582 peccatum
495 4464 560 4558 est'
567 4505 638 4557 non
655 4483 745 4559 love.
761 4482 856 4572 Quid
868 4493 988 4560 autem
1001 4483 1068 4560 tibi
1080 4484 1220 4583 prodest
1235 4485 1356 4563 farere
1373 4484 1506 4562 diviti?
