3608 5498
811 405 1007 468 -183-

845 623 975 708 XXIII.

657 828 707 879 Ex
725 825 866 893 epistola
884 831 984 895 Papae
1003 826 1158 881 Anaelett.

391 1000 499 1071 Porro
516 1006 551 1072 et
569 999 687 1096 Moysi
704 999 911 1097 praeeipitur
928 1007 970 1073 ut
986 997 1098 1094 eligat
1115 998 1341 1097 presbyteros
1358 999 1449 1075 idest
1466 1026 1519 1077 se·

296 1113 423 1186 niores.
440 1111 543 1186 Unde
559 1120 595 1186 et
611 1111 649 1184 in
667 1112 862 1210 proverbiis
887 1112 1030 1188 dieitur.
1055 1111 1178 1187 Gloria
1203 1137 1330 1188 senum
1354 1115 1518 1204 canities,

296 1225 373 1299 haec
391 1248 475 1300 vero
492 1225 644 1302 canities
661 1227 873 1324 sapientiam
890 1225 1068 1321 designat.
1086 1226 1137 1300 De
1162 1249 1233 1324 qua
1253 1225 1427 1330 scriptam
1454 1239 1517 1304 est.

298 1337 457 1414 Canities
475 1337 660 1412 hominum
679 1338 866 1437 prudentia
884 1349 948 1415 est.
966 1341 1130 1439 Cumque
1148 1341 1304 1418 DCCOC
1321 1353 1357 1417 et
1381 1367 1421 1418 eo
1445 1369 1518 1417 arn·

294 1451 389 1549 plius
405 1476 516 1526 annos
528 1449 573 1526 ab
590 1452 705 1526 Adam
724 1452 897 1550 usquead
915 1439 1119 1527 Habrabam
1135 1450 1270 1528 vixisse
1282 1451 1444 1530 homines
1469 1456 1518 1532 Ie·

294 1566 426 1662 gimuS,
443 1565 567 1640 nuIIus
584 1565 678 1640 alius
696 1566 832 1663 primus
849 1565 1050 1665 appellatus
1068 1574 1123 1641 est
1139 1555 1336 1666 presbyter,
1357 1567 1448 1643 idest
1464 1594 1517 1645 se·

295 1680 383 1768 nior,
392 1678 462 1754 nisi
471 1680 516 1754 ab
530 1679 710 1755 Abraham
728 1680 791 1780 qui
809 1680 921 1755 multo
935 1679 1161 1778 paucioribus
1174 1679 1307 1757 vixisse
1318 1684 1424 1757 annis
1436 1703 1517 1760 con-

296 1793 465 1868 vincitur.
483 1797 562 1867 Non
580 1817 667 1891 ergo
684 1804 825 1893 propter
838 1795 1053 1893 decrepitam
1068 1803 1290 1871 senectutem
1303 1797 1362 1872 sed
1376 1807 1517 1898 propter

294 1907 507 2005 sapientiam
525 1907 726 2006 presbyteri
744 1906 984 1982 nominantur.

835 2101 982 2185 XXIIII.

805 2307 854 2357 Ex
873 2303 1000 2357 eadem.

387 2467 585 2543 Anaeletus
602 2466 710 2543 Urbis
728 2470 846 2542 &mea
867 2466 1063 2568 Episcopus
1078 2465 1244 2542 omnibus
1268 2464 1408 2542 Italicis
1431 2469 1514 2568 Epi-

293 2581 407 2682 seopis
420 2581 514 2657 inter
526 2591 664 2658 caetera.
683 2583 805 2657 Minus
821 2607 928 2681 quam
945 2581 1094 2657 atribus
1108 2580 1302 2679 EpiscopiS,
1314 2589 1351 2656 et
1364 2581 1514 2682 reliquis

292 2697 457 2772 omnibus
473 2723 660 2773 assensum
678 2697 927 2796 praebentibus,
943 2695 1153 2771 nullatenus
1170 2696 1366 2795 Episcopus
1378 2697 1514 2773 ordine·

292 2820 362 2885 tur.
379 2811 480 2900 Quod
497 2811 629 2889 idcireo
646 2812 885 2888 constituente
899 2811 1049 2887 Domino
1063 2811 1137 2887 fieri
1152 2810 1306 2900 iubetur,
1319 2835 1364 2887 ne
1377 2813 1513 2912 aliquid

293 2935 417 3000 contra
432 2926 536 3001 fidem
550 2925 710 3002 ecelesia
728 2926 837 3001 unius
850 2926 1043 3025 tyrannica
1060 2925 1254 3002 auctoritas
1267 2924 1465 3018 moliretur,
1477 2942 1514 3004 et

292 3039 419 3136 regula
436 3040 494 3116 vel
513 3042 599 3117 fides
615 3041 893 3116 confunderetur
911 3041 1143 3117 credentium.
1161 3039 1328 3139 Reliquos
1352 3042 1512 3118 sacerdo·

291 3164 345 3229 tes
362 3181 382 3228 a
401 3155 538 3253 proprio
555 3155 764 3231 ordinentur
777 3154 950 3254 episeopo,
963 3157 1013 3231 ita
1027 3165 1068 3230 ut
1081 3156 1178 3232 cives
1191 3165 1227 3252 et
1239 3155 1302 3228 alii
1315 3157 1513 3233 sacerdotes

292 3295 477 3344 assensum
496 3270 686 3367 prebeant,
703 3280 739 3346 et
756 3271 958 3346 ieiunantes
974 3270 1230 3347 ordinationem
1249 3270 1439 3347 celebrent.
1457 3272 1511 3347 Si-

294 3382 427 3457 militer
444 3393 479 3458 et
496 3383 633 3459 diaconi
652 3385 871 3460 ordinentur.
890 3385 1098 3460 Ceterorum
1116 3393 1236 3460 autem
1254 3385 1435 3482 graduum
1461 3385 1511 3459 di·

292 3495 457 3570 stributio
470 3496 581 3571 trium
595 3497 780 3573 verae-ium
798 3497 943 3575 testium
962 3499 1114 3600 episcopi
1130 3499 1331 3598 probatione
1344 3500 1509 3576 sufficere

292 3619 414 3706 potest.

847 3838 956 3924 XXV.

384 4059 575 4133 Eraristus
588 4058 830 4136 dilectissimis
839 4059 1011 4135 fratribus
1021 4060 1202 4136 universis
1213 4059 1344 4136 Africae
1353 4060 1511 4157 regionis

289 4172 482 4272 Episcopis.
500 4171 650 4248 Dilectio
666 4185 787 4249 vestra
803 4196 964 4248 normam
981 4185 1105 4252 secuta
1126 4174 1368 4274 prudentium,
1384 4175 1430 4249 ad
1454 4171 1509 4251 se·

288 4287 367 4361 dem
387 4286 613 4385 apostolicam
633 4289 765 4364 referre
783 4287 913 4364 maluit
929 4290 1033 4386 quasi
1050 4289 1094 4363 ad
1111 4300 1231 4388 eaput,
1257 4288 1343 4388 quid
1367 4287 1511 4365 deberet

288 4401 330 4475 de
345 4400 450 4475 rebus
463 4399 580 4475 dubiis
592 4402 782 4492 custodiro,
794 4402 1019 4503 potiusquam
1039 4403 1269 4502 usurpatione
1285 4427 1509 4502 praesumere.

289 4514 437 4591 Diaconi
455 4515 515 4613 qui
534 4516 635 4614 quasi
653 4516 747 4592 oculi
766 4517 936 4593 videntur
952 4543 1028 4594 esse
1046 4517 1209 4618 Episcopi
1232 4517 1271 4591 in
1293 4540 1508 4616 unaquaque
