3608 5498
915 440 955 450 ..
982 405 1047 466 334
1077 439 1112 453 ..-

404 525 565 615 Bobium
583 525 768 616 Cesennm,
785 528 916 599 Forum
934 525 1104 623 pompilii,
1122 528 1251 600 Forum
1271 525 1376 612 Livii,
1401 525 1624 615 Faventiam,

403 639 600 728 immolam,
626 641 832 727 Bononiam,
850 638 1063 729 Ferrariam,
1080 638 1288 714 Camiaeum
1306 648 1343 713 et
1362 638 1528 712 Adriauis
1544 663 1625 737 quae

403 764 439 829 et
457 753 633 830 Gabolum
652 778 735 828 oum
753 753 920 827 omnibus
934 753 1075 842 linibus
1089 752 1278 827 territoriis
1291 761 1398 851 atquo
1412 752 1542 826 insulis
1556 763 1625 828 ter-

406 893 445 941 ra
463 866 623 966 marique
647 867 691 942 ad
716 867 939 967 supradictas
964 867 1130 942 civitates
1156 866 1427 965 pertinentibus.
1453 865 1624 943 Simulat

404 980 627 1079 Pentapolim
645 978 813 1056 videlieet
832 978 1047 1070 Ariminum,
1065 979 1268 1069 Pisaurum,
1285 982 1436 1067 Fanum,
1455 979 1625 1076 Senogal·

406 1093 505 1181 liam,
525 1100 719 1179 Anconam,
745 1093 949 1179 Ausimum,
974 1096 1189 1181 Humanam,
1215 1092 1352 1181 Hesim,
1377 1096 1508 1167 Forum
1535 1118 1626 1168 sem·

406 1206 531 1304 pronii,
544 1209 665 1282 Monte
679 1207 814 1297 feretri,
827 1206 968 1297 Urbini,
981 1215 1016 1282 et
1028 1206 1248 1281 territorium
1268 1205 1460 1294 Valnense,
1478 1205 1626 1295 Callem,

405 1320 572 1409 LnoioliS,
589 1321 797 1417 Eugubium
816 1346 899 1396 cum
917 1319 1081 1394 omnibus
1099 1319 1229 1394 finibus
1246 1346 1288 1397 ae
1302 1320 1409 1394 terris
1421 1320 1465 1394 ad
1484 1319 1623 1395 easdem

405 1432 571 1525 civitates
585 1434 856 1532 pertinentibus.
870 1433 1001 1508 Eodem
1017 1432 1116 1508 modo
1130 1432 1348 1508 territorium
1360 1433 1566 1521 Sabinense,
1579 1432 1625 1506 si·

407 1557 470 1623 out
487 1573 508 1620 a
525 1548 686 1642 genitore
703 1557 824 1622 nostro
841 1547 972 1623 Karolo
990 1546 1201 1644 imperatore
1217 1538 1321 1622 beato
1338 1551 1442 1623 Petro
1460 1546 1626 1644 Apostolo

406 1685 469 1759 per
485 1660 683 1736 donationis
705 1661 880 1759 seriptum
899 1669 1108 1758 conceptum
1122 1668 1177 1733 est
1189 1659 1256 1734 sub
1269 1659 1489 1757 integritate,
1505 1683 1627 1757 quem·

406 1771 595 1848 admodum
618 1775 663 1849 ab
689 1774 852 1849 Hitherio
877 1785 913 1849 et
937 1772 1194 1868 Magenaribus
1217 1773 1415 1849 Abbatibns
1440 1773 1561 1848 missis
1586 1773 1628 1847 il·

406 1884 479 1961 lius
495 1886 590 1964 inter
607 1886 699 1962 idem
721 1886 940 1961 territorium
960 1886 1154 1963 Sabinense
1170 1898 1278 1986 atque
1296 1889 1487 1963 Reatinum
1506 1888 1628 1963 defini-

407 2008 487 2092 tum
505 2011 569 2076 est.
592 2004 633 2075 In
656 2000 817 2099 partibus
834 1999 925 2075 idest
942 2000 1082 2076 'l'usoiae
1106 2000 1418 2097 Langobardorum
1436 2000 1626 2077 castellum

408 2113 605 2203 felicitatis,
618 2113 848 2202 Urbiretum,
862 2112 1036 2187 Balneum
1047 2114 1156 2210 regis,
1168 2114 1324 2204 Ferenti,
1338 2115 1505 2190 Castrum
1520 2114 1627 2188 viter·

411 2228 510 2316 bum,
536 2228 673 2317 OrolaS,
690 2230 856 2316 Martem,
874 2230 1088 2316 Tuscanam,
1105 2229 1276 2317 Suanam,
1299 2227 1546 2326 Populonium,
1562 2230 1628 2301 Ro

407 2341 526 2432 sellaS,
542 2353 578 2417 et
598 2342 735 2416 insulas
758 2341 952 2430 Corsicam,
977 2344 1143 2430 Martem,
1165 2339 1379 2429 Sardiniam,
1404 2350 1440 2415 et
1465 2340 1626 2415 Siciliam

412 2453 480 2529 sub
497 2455 707 2552 integritate
724 2479 801 2543 sna,
818 2480 901 2528 oum
919 2453 1084 2528 omnibns
1099 2453 1346 2529 adiacentibus
1371 2479 1414 2529 ao
1436 2453 1627 2529 territoriis

414 2568 616 2655 maritimis,
633 2567 808 2656 litoribus
834 2566 1017 2667 portubus,
1033 2565 1077 2640 ad
1103 2567 1364 2664 suprascriptas
1389 2566 1568 2654 civitates,
1593 2577 1628 2642 et

415 2679 552 2753 insulas
571 2677 841 2778 pertinentibus.
859 2681 948 2754 Item
968 2678 1180 2776 inpartibus
1194 2678 1399 2778 Campaniae
1412 2683 1547 2769 Soram,
1562 2685 1628 2753 Ar·

413 2816 485 2882 ces,
503 2792 698 2891 Aquinum,
719 2791 905 2890 Arpinum,
919 2791 1117 2882 Theanum,
1131 2802 1166 2866 et
1179 2793 1351 2890 Capuam,
1365 2803 1400 2867 et
1413 2793 1627 2891 patrimonia

411 2905 455 2980 ad
473 2914 684 3003 potestatem
702 2914 737 2979 ot
754 2905 923 2980 ditionem
942 2914 1097 2979 vestram
1117 2902 1333 3003 pertinentia
1346 2907 1441 2980 sicut
1454 2915 1508 2980 est
1521 2904 1628 3006 patri-

415 3021 572 3094 monium
586 3021 894 3108 Benevontanum,
906 3027 942 3093 et
956 3016 1281 3106 Sale1·nitanum,et
1293 3018 1547 3118 patrimonium
1562 3019 1628 3093 Ca·

413 3132 536 3206 labriae
553 3132 732 3206 inferioris
749 3143 785 3206 et
803 3131 1007 3229 superioris,
1020 3140 1056 3205 et
1073 3130 1327 3228 patrimonium
1341 3130 1628 3228 Neapolitanum,

417 3254 454 3320 et
466 3244 681 3341 ubicumque
696 3244 733 3316 in
748 3243 909 3342 partibus
919 3244 1022 3340 regni
1035 3242 1292 3340 atqueimperii
1306 3245 1409 3317 aDeo
1422 3242 1522 3317 nobis
1535 3267 1627 3319 com-

415 3357 513 3432 missi
527 3357 740 3455 patrimonia
758 3367 878 3432 vestra
895 3381 972 3432 esse
989 3365 1196 3430 noscuntur.
1211 3358 1286 3430 Has
1298 3380 1420 3432 omues
1433 3355 1627 3455 suprascri-

413 3481 493 3570 ptas
505 3469 834 3570 provincias,urbes
842 3480 877 3545 et
890 3470 1068 3557 civitates,
1076 3467 1188 3565 opida,
1201 3477 1308 3567 atque
1321 3468 1479 3559 castella,
1487 3468 1627 3545 viculos

414 3607 457 3658 ao
478 3580 658 3659 territoria
675 3582 854 3681 simulque
876 3593 912 3657 et
932 3580 1158 3682 patrimonia,
1175 3580 1353 3656 iamdiotoe
1370 3581 1539 3657 aecclesiae
1556 3592 1627 3656 tum

411 3692 513 3770 beate
522 3697 626 3770 Petra
639 3694 805 3792 apostole,
817 3705 853 3770 et
866 3720 928 3793 per
940 3706 975 3770 te
984 3693 1120 3770 vicario
1132 3706 1194 3769 tuo
1207 3694 1387 3793 spirituali
1402 3695 1493 3792 patri
1508 3705 1627 3770 nostro

410 3807 547 3881 Domno
566 3805 706 3881 Pascali
727 3830 867 3882 summo
888 3807 1064 3896 Pontifici,
1080 3817 1117 3882 et
1134 3806 1331 3881 universali
1346 3810 1461 3904 Papae,
1478 3808 1626 3905 eiusque

410 3918 677 3996 successoribus
690 3944 804 4016 usque
822 3920 859 3993 in
878 3921 983 3995 finem
997 3918 1131 4007 saeculi,
1144 3943 1185 3993 eo
1199 3919 1297 3994 modo
1310 3921 1576 4010 confirmamus,
1589 3921 1627 3994 in

407 4055 475 4107 ano
482 4031 666 4109 detineant
674 4032 763 4121 iure,
772 4033 975 4132 principatu
985 4044 1092 4131 atquo
1101 4031 1245 4106 ditione.
1253 4031 1370 4105 Simili
1382 4034 1481 4107 modo
1491 4032 1628 4129 perhoo

409 4154 539 4219 nostroe
555 4144 835 4220 confirmationis
847 4146 1028 4221 decretum
1043 4147 1228 4217 firmamus
1241 4144 1456 4235 donationes
1469 4170 1558 4245 quas
1572 4147 1628 4244 pie

409 4256 662 4333 reeordationis
680 4259 839 4332 Domnus
857 4259 896 4331 Pi
901 4258 1006 4354 pinus
1024 4281 1086 4332 rex
1102 4283 1193 4330 avus
1210 4266 1339 4346 noster,
1357 4268 1482 4356 etpost
1504 4284 1544 4333 ea
1563 4262 1629 4332 llo-

410 4393 517 4442 mnus
541 4377 578 4444 ot
602 4368 742 4464 genitor
767 4381 886 4445 noster
910 4368 1065 4444 Karalus
1094 4369 1304 4468 imperator,
1333 4369 1437 4447 beato
1464 4372 1629 4469 Apostolo

411 4482 516 4554 Petro
531 4490 725 4585 spontanea
743 4480 938 4570 voluntate,
954 4481 1196 4568 contulerunt,
1214 4506 1281 4557 neo
1297 4507 1367 4558 non
1385 4493 1421 4559 ot
1438 4509 1568 4560 censos
1592 4495 1629 4558 ot
