3608 5498
810 392 1010 457 -464-

293 511 433 588 delendi
453 511 615 602 vulnere,
632 511 695 610 qui
720 510 836 586 coluit
859 535 924 586 suo
948 510 1099 587 vulnere
1123 533 1246 586 omnes
1269 535 1407 589 sanare.
1431 516 1531 593 Item

294 653 403 728 super
420 626 598 725 psalmum
618 628 708 700 LVI.
725 626 808 701 Noli
834 625 1019 702 attendere
1044 626 1201 701 inermes
1226 652 1365 715 manus,
1385 629 1452 718 sed
1477 630 1530 706 ad

293 740 361 817 hoc
378 749 540 814 armatus
555 739 639 815 inda
657 740 830 837 processit
846 738 990 836 gladius
1015 740 1110 818 unde
1135 739 1303 817 Christus
1328 742 1533 820 occidetur.

293 856 384 929 Item
399 853 437 928 iu
451 852 543 928 libro
555 852 859 928 Patriarcharum.
873 853 1048 929 Dominus
1060 853 1188 929 Ihesus
1201 853 1348 930 mittens
1359 854 1531 947 aderan-

293 968 525 1066 gclizandum
543 967 746 1068 discipulae,
763 967 862 1044 misit
877 991 937 1043 eos
953 966 1030 1043 siue
1047 991 1146 1057 auro,
1162 967 1240 1043 sine'
1256 976 1418 1064 argento,
1441 967 1529 1045 sine

293 1081 458 1182 pecunia,
475 1080 552 1157 sine
569 1081 687 1178 virga,
703 1091 741 1157 et
752 1091 794 1157 ut
807 1080 992 1157 incentiva
1008 1081 1095 1173 litis,
1107 1091 1143 1158 et
1155 1081 1396 1156 instrumenta
1408 1081 1527 1180 eripe-

295 1206 351 1271 ret
368 1195 527 1271 ultionis.
544 1195 777 1292 Augustinus
793 1195 831 1269 in
849 1194 940 1270 libro
955 1196 998 1271 de
1012 1195 1079 1272 fide
1093 1206 1129 1272 et
1141 1195 1316 1294 operibus.
1328 1198 1376 1270 Et
1391 1193 1528 1271 Finees

293 1310 459 1385 sacerdos
474 1308 657 1384 adulteros
673 1308 781 1383 simul
798 1309 964 1384 inventos
981 1308 1076 1386 ferro
1096 1309 1213 1385 ultore
1238 1308 1396 1385 confixit.
1418 1310 1529 1396 Quod

293 1424 418 1524 utique
435 1423 748 1520 degradationibus
765 1434 801 1499 et
818 1422 1247 1499 excommunicationibus
1271 1420 1526 1518 significatum

293 1562 371 1613 essa
391 1537 593 1612 faciendum
612 1537 679 1612 hoc
695 1546 864 1635 tempore,
881 1560 965 1611 cum
982 1536 1020 1610 in
1037 1536 1208 1612 aecclesioe
1229 1536 1418 1634 disciplina
1435 1536 1530 1611 visi·

296 1650 379 1725 bilis
392 1651 511 1727 luerat
522 1650 667 1747 gladius
680 1661 896 1728 cessaturus.
910 1653 956 1724 Et
969 1648 1072 1722 infra.
1085 1649 1182 1726 Idem
1196 1650 1391 1725 deflorator.
1409 1649 1528 1725 Cum·

293 1789 362 1863 que
380 1764 546 1839 Salvator
562 1765 670 1840 etiam
688 1765 888 1840 defensione
907 1789 982 1838 sum
997 1788 1156 1860 persona
1172 1788 1273 1838 arma
1295 1762 1526 1862 prohibuerit

293 1881 410 1968 Petro,
427 1901 489 1977 pro
507 1878 704 1954 minoribus
719 1880 840 1955 causis
856 1886 977 1979 aperte
993 1876 1136 1954 clericis
1153 1901 1225 1953 non
1241 1878 1367 1955 debers
1389 1876 1445 1953 uti
1463 1901 1528 1952 ar·

295 1993 364 2069 mir
381 1992 548 2071 innotuit

809 2098 1000 2186 CXXXIII.

569 2294 662 2351 Beda
679 2295 712 2349 ln
727 2294 874 2362 hystoria
892 2295 1071 2362 Anglorum
1087 2294 1170 2350 libro
1189 2297 1247 2350 111.

390 2451 456 2525 His
473 2449 692 2548 temporibus
708 2452 826 2546 Reges
844 2447 1046 2545 Anglorum
1063 2449 1288 2541 nobilissimi,
1306 2449 1419 2525 Osriv
1441 2473 1528 2550 pro-·

291 2564 422 2640 vinciae
438 2564 580 2639 Nordan
600 2562 858 2661 Hymbrorum,
871 2572 910 2639 ot
923 2563 1000 2639 haec
1013 2567 1141 2640 Berect
1155 2563 1444 2654 cantuariorum,
1456 2564 1523 2639 ha·

290 2675 363 2752 bito
379 2677 473 2752 inter
490 2702 527 2751 se
544 2675 692 2751 consilio
713 2677 799 2775 quid
820 2677 864 2753 dc
885 2684 982 2752 statu
1005 2676 1177 2752 aecclesia
1198 2677 1399 2773 Anglorum
1421 2688 1523 2755 esset

291 2791 486 2886 agendum,
514 2789 739 2866 intellexerat
763 2790 942 2867 veraciter
969 2787 1082 2862 Osviv
1110 2789 1277 2887 quamvis
1294 2790 1467 2864 educatus
1495 2817 1520 2865 a

291 2903 433 2992 Scottis,
450 2901 534 3001 quia
552 2906 708 2977 Romana
733 2914 827 2977 esset
846 2902 1033 2979 Catholica
1050 2913 1086 2978 et
1104 2903 1305 3003 Apostolica
1323 2903 1517 2981 AEoclesia.

291 3020 664 3113 Assumpseruntcum
676 3014 847 3091 electione
859 3025 894 3090 et
907 3040 1083 3093 consensu
1097 3027 1231 3093 sancta
1243 3016 1414 3093 ecclesie
1426 3040 1521 3113 gen·

289 3129 336 3204 tis
354 3129 556 3226 Anglorum
574 3128 694 3203 virum
707 3128 839 3203 bonum
853 3139 890 3204 et
902 3141 1026 3228 aptum
1042 3131 1248 3230 Eperatium
1263 3129 1520 3229 presbyterum

289 3244 433 3320 nomine
450 3243 588 3340 Iughar
605 3244 691 3317 dum
708 3243 751 3318 de
765 3241 895 3319 clerico
911 3244 1105 3320 oeusdedit
1116 3244 1282 3343 episcopi,
1295 3258 1331 3319 et
1342 3243 1440 3318 huuc
1452 3268 1520 3318 an·

289 3355 441 3431 tistitem
460 3356 697 3431 ordinandum
716 3359 863 3429 Romam
883 3356 1069 3433 miseruut.
1083 3357 1419 3453 Quatinusaccepto
1436 3355 1518 3453 ipso

288 3471 522 3568 Episcopatus
539 3471 658 3566 gradu
675 3469 861 3560 catholico,
881 3493 1101 3568 peromnem
1121 3469 1346 3546 Britanniam
1369 3468 1521 3546 remise·

289 3591 376 3656 runt
401 3583 550 3656 Domino
572 3582 874 3658 excellentissimo
891 3583 965 3659 filio
982 3585 1075 3659 Suiu
1092 3585 1185 3680 Regi
1203 3587 1394 3671 Saxonum,
1412 3581 1521 3657 Vita-

288 3696 407 3770 lianus
424 3697 620 3795 Episcopus
644 3721 771 3772 servus
788 3720 975 3772 servorum
1002 3698 1078 3772 Dei.
1104 3701 1151 3772 Et
1175 3697 1281 3772 infra.
1299 3700 1519 3792 Verumpta·

288 3833 370 3884 men
387 3807 515 3905 gerulo
536 3807 663 3882 harum
689 3821 893 3884 vestrarum
913 3811 1100 3884 literarum
1119 3809 1250 3885 vestris
1277 3807 1407 3897 missis,
1433 3807 1521 3882 reli-

287 3922 390 4021 quias
406 3921 590 3997 beatorum
606 3921 852 4019 Apostolorum
869 3923 968 3998 Petri
980 3932 1017 3998 et
1031 3922 1135 3996 Pauli
1148 3932 1185 3997 et
1198 3932 1403 3996 sanctorum
1422 3944 1521 3995 mar··

288 4047 414 4136 tyrum
431 4036 628 4126 Laurentii,
641 4034 809 4111 Iohannis
822 4043 860 4111 et
872 4035 978 4110 Pauli
996 4045 1033 4110 et
1046 4034 1194 4131 Georgii
1207 4044 1314 4131 atque
1328 4035 1519 4110 Pancratii

286 4149 438 4224 fecimus
454 4149 541 4224 dari.
558 4153 651 4224 Nam
669 4157 706 4224 et
723 4148 870 4245 coniugi
889 4158 1008 4224 vestre
1025 4157 1155 4222 nostrae
1171 4145 1350 4245 spirituali
1366 4144 1450 4220 filia
1462 4145 1520 4221 di·

287 4263 456 4350 reximus
473 4286 536 4360 per
554 4263 717 4359 praefatos
734 4260 881 4358 gerulos
900 4284 1058 4347 crucem,
1075 4270 1112 4334 et
1129 4258 1268 4334 clavem
1287 4283 1432 4335 auream
1451 4257 1521 4333 ha-

284 4373 409 4449 bentes
425 4374 468 4451 de
486 4374 741 4450 sacratissimis
759 4374 918 4451 vinculis
936 4374 1120 4449 beatorum
1135 4374 1232 4450 Petri
1250 4386 1286 4449 et
1304 4371 1409 4447 Pauli
1423 4379 1521 4472 Apo

284 4485 468 4562 stolorum.
