3608 5498
805 339 1044 451 -aoaq

280 520 423 586 'tantus
436 510 501 586 hoc
518 509 627 585 velud
644 508 681 583 in
699 508 852 586 hostiam
870 512 943 585 Deo
959 509 1098 601 obtulit,
1118 510 1180 608 qui
1197 519 1321 586 contra
1338 535 1376 587 se
1393 535 1518 610 pravo-

292 650 373 698 rum
390 624 601 699 inimicitias
613 624 794 699 excitavit.
805 624 899 701 Hinc
912 633 967 699 est
984 625 1075 722 quod
1090 625 1176 700 Levi
1191 625 1307 699 tribus
1319 625 1516 724 assumptis

291 736 423 834 gladiis
441 761 502 835 per
526 747 727 813 castrorum
748 738 869 827 ¹media
894 739 1084 828 transiens,
1102 739 1186 837 quia
1212 740 1370 814 feriendo
1398 740 1516 814 noluit

292 852 536 949 peccatoribus
563 876 718 949 parcere,
735 855 808 938 Deo
825 877 955 927 manus
976 853 1073 932 dicta
1090 864 1144 929 est
1162 877 1399 930 consecrasse.
1416 844 1513 930 Hinc

289 967 416 1043 Finees
443 967 830 1066 peccantiumcivium
856 967 1014 1064 gratiam
1040 992 1222 1066 spernens,
1239 977 1407 1044 coeuntes
1428 992 1513 1043 curn

290 1081 498 1156 Madianitis
514 1080 668 1180 perculit
688 1091 724 1157 ct
741 1080 831 1155 iram
849 1081 992 1155 Domini
1009 1081 1124 1155 iratus
1144 1080 1311 1179 placavit.
1330 1080 1426 1157 Hinc
1452 1104 1515 1179 per

290 1197 518 1296 semetipsam
528 1195 675 1270 Veritas
686 1194 784 1271 dicit.
792 1190 911 1270 Nolite
925 1193 1094 1269 arbitrari
1108 1194 1193 1292 quia
1209 1193 1371 1269 venerim
1388 1218 1513 1293 pacem

291 1308 433 1384 mittero
450 1310 488 1382 in
501 1319 645 1398 terram,
662 1332 732 1384 non
758 1310 842 1384 veni
860 1333 981 1407 paoem
1000 1310 1154 1398 mittere,
1171 1309 1233 1383 sed
1248 1308 1422 1404 gladium.
1440 1311 1516 1382 Ma-

291 1420 405 1495 lorum
424 1446 580 1519 namquo
596 1446 680 1497 cum
699 1421 843 1497 incaute
867 1421 1040 1496 amicitiis
1066 1420 1266 1517 iungimur,
1282 1420 1398 1518 culpis
1423 1420 1515 1516 liga-

290 1562 382 1624 mur,
398 1537 493 1612 unde
509 1536 675 1635 Iosaphat
700 1537 762 1634 qui
779 1546 831 1611 tot
848 1537 890 1611 de
907 1546 991 1611 ante
1007 1560 1051 1611 ac
1068 1536 1144 1610 vita
1169 1536 1355 1634 praeconiis
1383 1534 1515 1610 attolli·

288 1659 360 1738 tur,
377 1650 420 1725 de
436 1650 482 1726 ab
497 1651 566 1726 hac
584 1651 682 1747 regis
698 1650 869 1726 amicitiis
887 1675 977 1749 peno
995 1651 1177 1748 periturus
1194 1651 1412 1748 increpatur,
1428 1675 1513 1725 cum

289 1789 310 1836 a
328 1765 476 1840 Domino
499 1791 563 1863 per
584 1766 791 1863 prophetam
817 1766 961 1847 dicitur.
978 1763 1091 1862 Impio
1116 1764 1248 1862 praebes
1273 1763 1461 1851 auxilium,
1477 1773 1515 1837 ct

286 1876 344 1956 ,his
361 1878 422 1975 qui
440 1879 591 1953 oderunt
608 1880 723 1952 Deum
742 1878 904 1961 amicitia
929 1878 1104 1973 iungeris,
1120 1886 1157 1953 et
1180 1877 1312 1953 iccirco
1329 1877 1418 1951 iram
1437 1877 1516 1974 qui·

286 1989 369 2065 dem
388 1991 529 2066 Domini
548 1991 751 2080 merebaris,
769 1992 831 2069 sed
846 1992 938 2066 bona
955 2015 1060 2091 opera
1077 1991 1230 2070 inventa
1243 2000 1329 2065 sunt
1346 1990 1383 2063 in
1409 1998 1455 2079 te,
1473 2012 1515 2064 eo

289 2105 381 2202 quod
397 2104 589 2181 abstuleris
606 2105 705 2181 lucos
727 2106 765 2180 in
790 2116 886 2180 terra
904 2107 1002 2181 luda.
1021 2105 1076 2180 Ab
1101 2104 1163 2179 illo
1180 2105 1275 2180 enim
1294 2103 1356 2203 qui
1373 2128 1514 2178 summe

289 2229 410 2294 rectus
426 2229 481 2294 est
497 2242 537 2294 eo
562 2219 638 2317 ipsc
668 2219 740 2293 iam
767 2219 956 2317 discrepat,
974 2243 1045 2318 quo
1069 2241 1318 2317 perversorum
1341 2216 1515 2292 amicitiis

288 2333 364 2407 vita
381 2344 501 2409 nostra
518 2334 717 2410 concordat.
735 2333 957 2409 Admoneudi
975 2341 1061 2408 suut
1077 2332 1207 2430 pacati,
1225 2355 1270 2406 ne
1288 2330 1319 2405 si
1336 2330 1382 2404 ad
1399 2353 1514 2405 corre·

287 2445 419 2544 ptionis
447 2446 557 2522 verba
582 2446 778 2546 prosiliant,
795 2447 1025 2544 temporalem
1056 2471 1179 2544 pacem
1210 2445 1279 2519 sibi
1309 2443 1513 2542 perturbari

287 2559 488 2635 formident.
505 2563 736 2658 Rursumquo
757 2560 969 2637 admonendi
987 2570 1085 2649 sunt,
1102 2569 1143 2634 ut
1159 2559 1307 2635 eandem
1324 2583 1445 2657 pacem
1463 2558 1516 2633 di·

287 2673 437 2749 lectione
454 2675 598 2770 integra
623 2675 842 2750 intrinsecus
870 2682 1018 2750 teneant
1046 2697 1155 2772 quam
1181 2698 1245 2773 per
1270 2671 1511 2747 invectionem

287 2789 386 2865 vocis
415 2789 482 2865 sibi
511 2790 735 2866 extrinsecus
765 2789 935 2865 tribuant.
962 2787 1063 2875 Quod
1091 2799 1288 2885 utrumque
1304 2786 1420 2860 David
1449 2809 1513 2885 pro

289 2927 409 2978 mense
425 2903 562 3003 peribet
578 2928 722 2979 servare
736 2928 820 2979 cum
834 2902 931 2980 dicit.
941 2902 1034 2979 Cum
1047 2901 1105 2976 his
1122 2902 1183 3000 qui
1196 2900 1375 2976 hoderunt
1387 2926 1511 3000 pacem

287 3041 384 3092 eram
410 3017 594 3115 pacificus,
611 3042 694 3093 cum
719 3015 888 3115 loquebar
916 3014 990 3091 illis
1015 3014 1278 3113 impugnabant
1303 3038 1358 3088 me
1382 3013 1512 3108 gratis

288 3133 382 3207 Ecce
411 3140 447 3205 et
475 3129 625 3228 loquens
650 3129 944 3227 impugnabatur,
960 3141 997 3205 et
1021 3139 1142 3204 tamen
1172 3129 1406 3226 impugnatus
1433 3136 1513 3202 erat

287 3243 469 3342 pacificus,
487 3244 572 3342 quia
604 3268 671 3319 nec
699 3243 921 3319 insanientes
950 3243 1137 3318 cessabant
1163 3240 1428 3340 reprehendere,
1444 3265 1512 3316 nec

287 3356 517 3456 reprehensos
537 3356 755 3452 neglegebat
770 3381 902 3431 amaro.
916 3355 1012 3431 Hinc
1026 3355 1134 3430 etiam
1150 3353 1285 3427 Paulus
1302 3353 1362 3427 ait.
1376 3353 1414 3426 Si
1433 3353 1511 3426 fieri

287 3479 401 3568 potest
417 3470 509 3568 quod
526 3495 570 3545 ex
586 3469 687 3544 vobis
704 3479 759 3545 est
775 3495 858 3545 cum
883 3468 1049 3544 omnibus
1073 3466 1277 3541 hominibus
1302 3491 1426 3564 pacem
1449 3465 1513 3539 ha-

286 3581 421 3672 bentes,
438 3582 648 3658 hortaturus
661 3583 757 3658 enim
772 3581 965 3680 discipulos
979 3591 1020 3655 ut
1034 3604 1157 3680 pacem
1171 3605 1254 3656 oum
1268 3578 1433 3654 omnibus
1449 3577 1513 3652 ha·

286 3694 422 3783 berent,
438 3695 611 3795 praemisit
627 3695 760 3771 dicens.
779 3696 817 3769 Si
835 3696 912 3771 fieri
930 3705 1054 3793 potest.
1065 3702 1181 3792 Atque
1195 3693 1397 3790 subiungit.
1410 3693 1511 3780 Quod

286 3831 331 3881 ox
347 3808 447 3882 vobis
464 3818 528 3884 est.
547 3808 700 3884 Difficile
724 3809 854 3907 quippe
872 3818 949 3884 erat
965 3818 1006 3883 ut
1023 3807 1054 3882 si
1074 3807 1165 3881 male
1183 3817 1264 3881 acte
1282 3807 1512 3903 corriperent,

286 3920 415 3997 habere
432 3947 557 4022 pacem
575 3946 657 3996 cum
675 3922 840 3996 omnibus
857 3929 1011 4018 possent.
1029 3919 1098 3995 Sed
1119 3945 1202 3995 cum
1220 3917 1424 4016 temporalis
1441 3943 1513 4015 pax

286 4033 325 4106 in
343 4057 533 4131 pravorum
552 4033 718 4109 cordibus
734 4059 779 4109 ex
795 4044 916 4107 nostra
934 4031 1176 4131 increpatione
1197 4031 1440 4119 confunditur,
1457 4030 1512 4103 in-

287 4146 421 4221 violata
438 4172 583 4222 necesse
600 4158 654 4222 est
671 4148 767 4221 utin
793 4157 913 4222 nostro
937 4146 1040 4221 corde
1065 4154 1239 4220 servetur.
1257 4147 1365 4219 Recte
1390 4142 1512 4240 itaque

286 4259 349 4346 ait,
366 4259 458 4356 quod
475 4283 520 4332 ex
535 4258 635 4334 vobis
652 4270 715 4335 est.
735 4266 788 4335 Ac
806 4258 836 4332 si
854 4258 1029 4331 nimirum
1046 4257 1153 4332 dicat.
1171 4257 1264 4343 Quia
1289 4280 1357 4354 pax
1373 4264 1409 4330 et
1425 4254 1512 4328 dua-

288 4394 366 4442 rum
385 4370 543 4468 partium
560 4394 735 4446 consensu
752 4368 926 4460 subsistit,
935 4368 966 4444 si
980 4368 1024 4442 ab
1042 4369 1173 4466 eisqui
1191 4367 1435 4468 corripiuntur
1451 4391 1512 4441 ex·

287 4481 445 4577 pellitur,
461 4481 604 4578 integre
629 4495 747 4557 tamen
775 4484 813 4556 iu
838 4493 959 4557 vestra
980 4481 1041 4579 qui
1059 4480 1239 4578 corripitis
1256 4490 1375 4555 mente
1392 4489 1512 4554 tenea·
