3608 5498
675 410 874 473 -305-

161 534 279 610 clesiae
296 559 420 637 curam
438 542 676 631 cunctamque
693 533 943 624 substantiam,
955 535 1001 608 ad
1014 533 1112 609 vices
1125 530 1384 608 valentioribus

161 649 314 740 clericis,
331 649 445 748 quoad
464 649 555 724 vixit
570 648 755 745 delegavit
767 657 803 722 et
819 646 978 722 credidit.
999 650 1207 745 Numquam
1231 645 1383 719 anulum

160 762 199 837 in
218 789 327 837 manu
344 763 479 838 habens
496 761 557 838 sod
574 762 619 835 ab
635 761 772 836 hisdem
791 762 915 837 domus
928 761 1125 861 praepositis
1137 770 1269 837 cuncta
1285 784 1385 836 aeco-

161 885 221 974 pta
237 887 273 952 et
288 887 434 974 erogata
456 876 682 965 notabantur,
699 900 779 975 quae
800 898 894 949 anno
918 874 1093 972 completo
1117 874 1231 950 eidem
1259 873 1383 949 recitab

161 991 302 1080 bantur,
319 1013 388 1089 quo
401 991 556 1066 sciretur
573 999 747 1088 quantum
765 997 964 1086 acceptum,
981 997 1227 1087 quantumque
1241 985 1380 1084 dispen-

163 1114 281 1179 satum
307 1103 427 1194 luerit,
451 1103 509 1180 vel
534 1113 709 1202 quantum
735 1103 1012 1203 dispensandum
1045 1101 1267 1178 remanserit.
1290 1103 1381 1175 Suos

164 1217 461 1314 consanguineos,
478 1216 538 1292 vel
554 1216 590 1290 in
614 1218 790 1316 proposito
811 1217 870 1292 vel
896 1226 997 1292 extra
1021 1216 1244 1305 constitutos,
1261 1239 1328 1291 neo
1344 1214 1383 1288 in

160 1332 249 1422 vita,
266 1356 333 1407 neo
350 1332 388 1405 in
412 1340 523 1406 morte
547 1329 653 1427 vulgi
673 1341 784 1408 morte
809 1333 989 1408 tractavit.
1006 1331 1146 1420 Quibus
1163 1332 1247 1406 dum
1265 1329 1383 1404 adhuc

163 1452 373 1543 superesset,
390 1444 426 1518 id
444 1443 474 1518 si
492 1467 580 1543 opus
602 1444 683 1534 fuit,
708 1447 800 1543 quod
821 1447 951 1522 ceteris
975 1446 1153 1544 erogavit,
1170 1445 1272 1520 novit
1293 1444 1384 1521 divi·

162 1559 232 1634 tias
247 1558 430 1649 haberent,
447 1559 509 1634 sed
525 1568 568 1633 ut
584 1582 653 1635 non
671 1570 736 1635 aut
753 1560 874 1637 miuus
890 1559 1013 1636 clerici
1030 1569 1191 1659 egerent.

681 1728 870 1812 CXXXIII.

408 1883 625 1947 Hieronymus
644 1880 688 1934 ad
706 1882 879 1935 Paulinum
896 1883 1136 1949 presbyterum.

254 2021 377 2094 Preter
394 2018 531 2093 victum
548 2025 585 2092 et
602 2016 858 2092 vestimentum
876 2027 912 2092 et
925 2017 1135 2093 manifestas
1149 2016 1380 2093 necessitates

158 2131 270 2207 nichil
288 2132 456 2229 cuiquam
474 2131 622 2219 tribuas,
639 2154 684 2204 ne
698 2130 852 2205 filiorum
868 2156 977 2230 panes
990 2155 1098 2206 canes
1111 2131 1308 2218 comedant,
1321 2155 1381 2205 ve·

158 2270 236 2318 rum
256 2244 390 2320 Christi
408 2243 580 2342 templum
594 2243 714 2317 anima
727 2245 905 2321 credentis
922 2255 987 2334 est,
1003 2245 1104 2318 illam
1121 2268 1263 2335 exorna,
1281 2243 1380 2318 illam

156 2358 263 2447 vesti,
278 2359 332 2432 illi
349 2358 434 2434 offer
450 2359 607 2448 donaria,
624 2359 661 2432 in
679 2358 743 2432 illa
763 2357 947 2434 Christum
970 2358 1122 2458 suscipe.
1135 2362 1223 2447 Quae
1240 2358 1381 2433 utilitas

157 2483 212 2548 est
225 2473 376 2571 parietes
389 2473 531 2569 fulgere
544 2472 720 2569 germinis
733 2482 769 2547 et
782 2473 968 2550 Christum
983 2472 1021 2547 in
1035 2474 1128 2549 fame
1142 2498 1295 2572 paupere
1311 2498 1381 2549 mo·

157 2587 215 2662 ri?
228 2591 302 2661 Iam
316 2610 386 2662 non
400 2598 486 2662 sunt
499 2596 561 2661 tua
575 2611 654 2684 quae
666 2585 831 2683 possides
845 2588 1070 2687 Dispensatio
1083 2588 1147 2662 tibi
1162 2588 1298 2664 credita
1315 2598 1380 2665 est.

157 2704 337 2776 Memento
355 2701 505 2775 Ananiae
522 2710 558 2775 et
576 2699 735 2798 Saphire.
752 2702 808 2775 Illi
832 2712 909 2776 tum
928 2703 971 2778 de
986 2727 1052 2776 sua
1064 2714 1311 2779 servaverunt.
1325 2707 1378 2778 Tu

156 2816 340 2891 considera
353 2840 399 2890 ne
413 2814 547 2890 Christi
562 2813 799 2890 substantiam
812 2816 1027 2914 inpudenter
1040 2816 1213 2905 effundas,
1229 2816 1321 2892 idest
1334 2842 1379 2892 na

156 2931 374 3007 inmoderato
394 2931 525 3007 iudicio
547 2955 621 3006 rem
640 2955 838 3032 pauperum
850 2930 989 3005 tribuas
1003 2953 1072 3004 non
1086 2931 1312 3030 pauperibus.
1330 2936 1379 3007 Et

157 3045 354 3120 secundnm
380 3045 516 3121 dictum
542 3043 810 3144 prudentissimi
835 3043 917 3131 viri,
943 3042 1158 3119 liberalitate
1179 3042 1379 3119 liberalitas

156 3167 286 3255 pareat.
295 3157 378 3232 Noli
388 3157 562 3256 respicere
571 3157 615 3231 ad
629 3157 770 3244 faleras,
779 3167 814 3233 et
823 3157 968 3232 nomina
977 3182 1072 3230 vana
1082 3158 1269 3263 Catonum.
1279 3160 1376 3235 Idem

156 3296 264 3369 super
283 3271 514 3346 Matthaeum.
532 3273 664 3347 Omnes
681 3270 742 3370 qui
761 3271 851 3369 stipe
866 3269 1001 3367 templi,
1014 3279 1050 3345 et
1063 3269 1120 3343 his
1137 3295 1217 3369 quae
1233 3271 1278 3346 ad
1291 3297 1376 3372 pau·

155 3409 280 3483 perum
295 3409 381 3458 usus
394 3383 640 3474 conferuntur,
652 3383 691 3457 in
704 3382 786 3458 aliis
800 3382 906 3459 rebus
918 3382 1120 3457 abutuntur
1132 3383 1374 3481 quibussuam

156 3495 321 3594 expleant
337 3497 569 3586 voluntatem,
586 3496 722 3572 similes
737 3507 824 3571 sunt
849 3494 1048 3571 scribarum
1074 3506 1109 3572 et
1131 3496 1375 3595 phariseorum

156 3608 393 3685 redimentum
405 3609 630 3686 mendacium
643 3620 680 3686 et
692 3610 907 3707 sanguinem
921 3608 1119 3686 Salvatoris
1132 3611 1375 3688 vendentium.

665 3812 872 3896 cxxxffll.

334 4045 335 4048 =
421 4017 470 4068 Ex
489 4014 607 4069 eodem
625 4015 801 4069 Iustiniana
819 4015 1049 4072 constitutione
1068 4019 1108 4069 11.

249 4178 508 4255 Constantinus
537 4177 679 4253 clericis
707 4177 860 4253 salutem
891 4178 988 4253 dicit.
1020 4180 1124 4253 quta
1150 4139 1374 4256 sanctionem

154 4316 261 4390 quam
277 4293 409 4367 dudum
424 4294 596 4370 meruisse
611 4291 857 4391 perhibemini,
870 4291 997 4366 fundos
1009 4300 1044 4366 et
1059 4292 1237 4392 mancipia
1253 4303 1374 4369 vestra

153 4406 277 4480 nullus
294 4407 397 4482 novis
414 4406 663 4482 collationibus
679 4406 855 4502 obligavit
871 4406 932 4480 sed
951 4407 1141 4503 vagatione
1159 4406 1375 4516 gaudebitis.

152 4518 431 4593 Valentinianus
447 4529 484 4594 et
502 4519 648 4595 Valens.
665 4518 862 4598 Universos
886 4542 974 4618 quos
998 4520 1186 4595 constituit
1209 4522 1375 4600 custodes

1174 4637 1210 4690 ao

1432 2045 1498 2294 l
