3608 5498
295 901 297 905 ,
380 820 557 896 Similiter
572 845 619 896 ne
636 841 856 915 summorum
874 821 1050 920 quispiam
1068 822 1248 898 minorum
1273 823 1511 899 accusationi·

285 935 352 1011 bus
370 934 564 1033 impetatur
580 932 851 1033 autrdispereat,
868 960 985 1034 neque
1001 936 1043 1009 in·
1057 959 1096 1010 re
1120 936 1228 1011 dubia
1240 957 1242 961 ⁴
1253 945 1352 1012 certa
1376 936 1516 1012 iudice·

286 1059 347 1125 tur
363 1046 552 1137 sententia,
564 1072 632 1123 nec
649 1046 766 1121 ullum
783 1047 960 1124 iudicium
983 1050 1054 1124 nisi
1074 1049 1325 1127 ordinabiliter
1348 1049 1511 1126 habitum

286 1171 463 1249 teneatur,
476 1160 580 1258 plura
592 1160 635 1235 de
647 1160 705 1233 his
717 1160 795 1234 ideo
806 1159 868 1235 hic
880 1186 950 1238 non
964 1163 1197 1252 inseruimus,
1208 1188 1276 1238 nec
1288 1188 1446 1238 vacuare
1458 1163 1512 1237 vi-

286 1273 403 1350 lemve
421 1276 538 1350 facere
556 1273 763 1372 praedictam
782 1273 970 1370 Synodum
995 1276 1212 1366 videremur,
1236 1288 1300 1352 aut
1325 1277 1511 1351 fastidium

286 1388 493 1484 legentibus
509 1398 574 1462 aut
589 1387 818 1462 audientibus
834 1387 970 1485 prolixa
984 1390 1118 1466 laceret
1131 1391 1289 1490 epistola.
1303 1392 1342 1466 Si
1355 1390 1437 1489 quis
1449 1417 1513 1464 au·

288 1512 359 1579 tem
376 1503 419 1579 de
434 1503 492 1577 his
508 1502 681 1603 ampliora
697 1502 789 1578 scire
807 1500 962 1578 voluerit
974 1502 1012 1576 in
1027 1528 1128 1578 sacro
1140 1514 1258 1579 nostre
1273 1504 1375 1580 Sedis
1387 1503 1511 1580 Eccle-

287 1617 351 1695 siae
367 1616 510 1706 scrinio,
525 1627 562 1693 et
572 1616 645 1692 alia
661 1626 697 1692 et
712 1641 754 1692 ea
770 1615 1093 1714 quaexpraediximus
1110 1616 1276 1694 invenire
1291 1616 1428 1716 poterit.

836 1834 967 1919 XVIII.

388 2062 526 2138 Statuit
541 2061 679 2138 Nieena
704 2061 864 2161 synodus
881 2069 923 2133 ut
938 2060 1080 2135 nullum
1106 2059 1285 2138 sententia
1308 2060 1380 2134 nisi
1402 2085 1425 2134 a
1449 2083 1514 2135 suo

293 2178 412 2256 iudice
429 2176 526 2252 dicta
542 2177 777 2273 constringat.
795 2173 937 2249 Iudices
953 2181 1074 2246 autem
1091 2172 1154 2246 alii
1179 2197 1256 2248 esse
1279 2195 1350 2245 nou
1374 2170 1515 2260 debent,

294 2292 365 2366 nisi
383 2314 471 2389 quos
488 2291 564 2388 ipse
582 2290 643 2387 qui
668 2288 856 2386 impetitur
880 2284 1044 2381 elegerit,
1057 2294 1122 2359 aut
1138 2308 1226 2383 quos
1250 2307 1316 2358 suc
1340 2307 1514 2358 consensu

292 2405 370 2481 baec
388 2414 513 2481 sancta
531 2404 639 2479 Sedes
657 2414 721 2477 aut
738 2404 817 2478 eius
834 2399 1004 2498 primates
1021 2397 1235 2472 auctoritate
1256 2395 1366 2470 huius
1390 2405 1513 2472 sancte

296 2516 399 2602 Sedis
416 2514 676 2611 delegaverint.
693 2517 783 2590 Item
802 2514 841 2587 in
858 2510 991 2586 eadem.

295 2714 298 2720 ,
389 2632 568 2704 Decuerat
583 2651 648 2702 vos
668 2626 769 2702 iuxta
794 2631 961 2725 praefatas
987 2626 1134 2724 regulas
1157 2626 1190 2702 si
1215 2626 1329 2725 aliqui
1354 2626 1516 2723 egissent

294 2750 419 2819 contra
435 2767 543 2816 suum
560 2740 719 2816 ordinem
733 2743 903 2820 mandare
914 2742 1016 2818 nobis
1029 2750 1065 2816 et
1080 2750 1268 2838 expectare
1285 2741 1376 2839 quod
1392 2740 1438 2814 ad
1455 2765 1515 2814 ve-

295 2863 370 2929 stra
387 2853 550 2929 consulta
568 2853 817 2943 scriberemus,
833 2856 871 2930 in
893 2866 1035 2931 tantum
1062 2863 1104 2928 ut
1128 2853 1160 2928 si
1185 2853 1294 2930 ctiam
1319 2853 1514 2952 quicquam

298 2991 414 3064 grave
430 2966 780 3065 intollerandumque
805 2969 1081 3057 committerent,
1105 2977 1226 3042 nostra
1250 2966 1518 3065 praestolaretur

296 3106 459 3170 censura,
476 3089 513 3155 et
528 3080 621 3153 nihil
639 3079 739 3177 prius
764 3082 863 3158 aliud
887 3083 1140 3170 decerneretis,
1164 3106 1272 3180 quam
1298 3081 1390 3178 quod
1414 3079 1515 3154 nobis

298 3192 453 3291 placeret
469 3191 738 3287 cognovissetis.

371 3309 463 3381 Data
480 3308 524 3379 Κ.
540 3306 730 3381 Novembr.
748 3307 931 3384 Feliciano
948 3318 983 3384 et
999 3308 1217 3383 Maximiano
1235 3310 1316 3381 VV.
1334 3306 1404 3383 CC.

831 3527 982 3612 xvuu.
1009 3467 1012 3471 ⁵

395 3755 531 3827 Domuo
542 3761 598 3827 ter
609 3753 813 3827 beatissimo
822 3763 858 3829 et
866 3755 1063 3831 honorabili
1073 3763 1196 3829 sancto
1205 3754 1303 3827 Patri
1313 3751 1425 3828 Felici
1438 3778 1518 3826 san-

299 3875 367 3942 ctae
384 3867 487 3941 Sedis
504 3867 715 3964 Apostolicae
733 3868 840 3943 Urbis
865 3872 984 3945 Romae
1007 3873 1122 3966 Papae,
1139 3867 1371 3954 Athanasius
1388 3876 1424 3941 et
1440 3864 1520 3940 uni·

301 3981 396 4056 versi
414 3981 666 4079 Egyptiorum,
679 3981 951 4070 Thebaidorum,
963 3993 1001 4057 et
1012 3982 1192 4057 Libiorum
1207 3980 1371 4078 Episcopi
1385 3980 1424 4053 in
1436 4004 1517 4054 san·

301 4103 359 4170 cta
378 4092 621 4169 Alexandrina
642 4095 777 4192 synodo
790 4095 856 4169 Dei
870 4096 991 4191 gratia
1004 4105 1236 4192 congregata.
1250 4097 1296 4168 Et
1308 4094 1412 4168 inira.
1425 4093 1519 4182 Quia

302 4232 440 4305 semper
455 4217 696 4283 antecessores
715 4209 839 4298 nostri,
856 4219 892 4285 et
916 4233 981 4284 nos
996 4237 1018 4284 a
1034 4219 1156 4284 vestra
1174 4207 1378 4306 Apostolica
1395 4217 1521 4283 sancta

302 4323 391 4397 Sede
408 4321 584 4396 auxilium
609 4322 781 4413 ausimus,
798 4334 835 4399 et
860 4324 971 4397 nostri
990 4347 1053 4397 vos
1078 4348 1203 4398 curam
1228 4322 1333 4397 abere
1354 4321 1523 4417 cognovi·

303 4461 384 4510 mus
402 4436 589 4535 prefatam
607 4446 643 4511 et
668 4436 909 4535 Apostolicam
934 4447 970 4512 et
993 4460 1172 4511 summam
1197 4435 1398 4534 expetimus
1422 4432 1523 4510 iuxta
