3608 5498
802 387 1000 451 -302-

289 506 507 584 Enitendum
525 531 677 606 quoque,
690 515 732 582 ut
744 507 927 583 benefieiis
939 506 1141 604 obligemus
1154 516 1189 582 et
1201 507 1422 584 consolatum
1443 509 1519 608 plu-

288 622 396 698 rimos
414 648 638 699 reseruemus
655 623 824 718 gratiam,
841 647 886 698 ne
904 621 982 697 iure
999 621 1163 697 beneficii
1177 623 1265 696 fiant
1280 624 1516 711 immemores,

288 736 348 834 qui
367 763 403 812 se
421 738 585 834 graviter
603 738 694 813 lesos
711 737 949 834 dolent.‚Sepe
967 738 1063 812 onim
1082 736 1119 810 iu
1138 764 1207 812 usu
1227 739 1339 828 venit,
1364 749 1406 813 ut
1429 762 1518 837 quos

288 851 408 946 gratia
423 852 565 940 foveris,
575 851 634 927 vel
647 850 767 950 aliquo
780 850 960 948 superiore
975 851 1220 926 cumulaveris
1233 853 1361 948 gradu,
1374 863 1518 928 avertas

287 964 317 1036 si
335 963 483 1062 indigue
501 965 534 1038 ei
552 965 707 1063 aliquem
732 963 1007 1064 praeponendum
1033 964 1179 1040 iudices.
1198 967 1296 1042 Idem
1322 966 1361 1039 in
1386 966 1519 1042 eodem.

287 1078 451 1154 Perfecta
469 1079 664 1154 liberalitas
682 1089 747 1169 est,
765 1089 807 1153 ut
824 1079 980 1177 primum
1005 1078 1160 1174 opereris
1185 1077 1282 1153 circa
1307 1077 1518 1181 domesticos

288 1192 378 1266 [idei.
397 1193 552 1268 Grandis
570 1194 688 1292 culpa,
705 1193 734 1266 si
754 1192 889 1267 sciente
907 1201 943 1270 te
970 1191 1084 1266 fidelis
1109 1202 1225 1288 egeat.
1251 1193 1288 1266 Si
1315 1193 1409 1268 scias
1432 1217 1515 1268 enm

287 1304 364 1379 sine
386 1316 532 1405 sumptu
551 1330 627 1381 esse
644 1307 775 1380 famem
793 1305 968 1395 tollerare,
994 1331 1207 1405 erumpnam
1228 1308 1437 1406 perpetitur,
1454 1307 1516 1405 qui

289 1420 487 1515 praesertim
508 1443 616 1516 agere
641 1419 841 1495 erubescat.
867 1420 904 1492 Si
924 1420 961 1493 in
979 1445 1125 1496 causam
1144 1420 1347 1510 inciderint,
1372 1431 1437 1495 aut
1460 1446 1518 1497 ca·

288 1532 468 1630 ptivitatis
486 1557 645 1623 suorum,
661 1544 726 1609 aut
742 1533 932 1632 calupnie,
949 1542 985 1607 et
1003 1557 1074 1607 non
1092 1534 1253 1609 adiuves.
1270 1533 1308 1608 si
1327 1533 1375 1608 sit
1391 1533 1427 1608 in
1442 1559 1519 1609 oar·

287 1670 379 1737 cere,
391 1657 427 1722 et
440 1648 551 1746 paenis
568 1659 604 1723 et
621 1648 809 1747 suppliciis
825 1657 966 1746 propter·
982 1648 1142 1723 debitum
1160 1648 1319 1750 aliquod,
1329 1636 1448 1723 iustus
1460 1675 1519 1724 ex·

288 1761 480 1838 crucietur.
498 1765 590 1836 Nam
609 1771 645 1837 et
661 1762 691 1836 si
709 1761 875 1836 omnibus
892 1760 1040 1836 debetur
1057 1760 1311 1850 misericordia,
1325 1771 1446 1837 tamen
1464 1761 1518 1835 in·

288 1884 342 1949 sto
359 1874 525 1973 amplius,
543 1875 573 1949 si
594 1885 748 1973 tempore
762 1873 967 1949 afflictionis
981 1898 1056 1947 suae
1068 1873 1183 1949 nichil
1196 1873 1374 1973 impetret,
1387 1874 1416 1948 si
1431 1883 1519 1949 tem-

287 2012 370 2086 pore
387 1988 538 2086 periculi
558 2013 627 2088 quo
644 1988 783 2088 rapitur
800 1989 845 2063 ad
864 1998 1027 2077 mortem,
1040 1987 1122 2086 plus
1135 1989 1229 2087 apud
1241 1999 1276 2063 te
1290 1988 1441 2087 pecunia
1454 1999 1518 2063 tna

286 2101 409 2193 valeat
425 2126 533 2200 quam
550 2103 626 2176 uita
644 2101 822 2177 morituri.
840 2103 893 2176 De
911 2125 980 2199 quo
998 2101 1149 2199 pulchre
1170 2100 1231 2177 Iob
1256 2102 1353 2178 dicit.
1370 2100 1518 2177 Benedi-

286 2215 357 2291 ctio
373 2215 524 2315 perituri
541 2240 647 2314 super
667 2240 722 2290 me
742 2215 854 2290 venit.
872 2217 1112 2290 Personarum
1132 2215 1276 2314 quidem
1298 2218 1395 2291 Deus
1419 2237 1519 2290 aoce-

286 2339 364 2427 ptor
380 2353 450 2403 non
467 2339 533 2419 est,
550 2329 635 2428 quia
653 2328 753 2403 novit
777 2329 907 2403 omnia.
933 2331 1006 2403 Nos
1030 2338 1152 2403 autem
1178 2329 1346 2404 omnibus
1371 2327 1515 2426 quidem

287 2441 457 2543 debemus
469 2441 760 2517 misericordiam.
770 2442 838 2516 Sed
847 2442 932 2541 quia
941 2441 1101 2540 plerique
1116 2442 1240 2517 fraude
1252 2467 1330 2519 eam
1344 2452 1513 2540 querunt,

287 2564 324 2630 et
340 2555 522 2651 affingunt
538 2580 736 2644 erumnam,
749 2555 810 2630 ubi
824 2580 933 2631 causa
948 2556 1211 2646 manifestatur,
1227 2580 1375 2655 persona
1388 2578 1517 2653 cogno·

288 2668 414 2758 scitur,
427 2679 568 2766 tempus
582 2680 701 2766 urget,
714 2667 855 2765 largius
867 2695 906 2744 se
919 2670 1022 2746 debet
1034 2670 1248 2768 profundere
1261 2670 1516 2745 misericordia.

288 2784 368 2877 Non
385 2781 481 2855 enim
500 2807 633 2856 avarus
651 2791 706 2858 est
730 2782 915 2874 Dominus,
934 2793 974 2858 ut
999 2783 1195 2882 plurimum
1213 2793 1358 2883 quaerat.
1383 2789 1517 2860 Beatus

290 2894 432 2994 quidem
446 2897 508 2993 qui
525 2895 676 2971 dimittit
691 2895 810 2970 omnia
828 2906 865 2971 et
880 2899 1044 2995 sequitur
1059 2924 1154 2975 eum.
1171 2900 1240 2975 Sed
1256 2909 1294 2975 et
1311 2900 1371 2976 ille
1389 2899 1515 2981 beatus

291 3019 357 3098 est,
375 3010 436 3108 qui
454 3010 547 3108 quod
571 3008 679 3085 habet
703 3036 748 3086 ex
771 3011 902 3086 affectu
927 3011 1024 3087 facit.
1050 3012 1219 3087 Ceterum
1246 3012 1420 3086 Dominus
1444 3035 1515 3086 non

288 3123 369 3198 vult
387 3123 495 3197 simul
512 3123 647 3197 effundi
671 3146 763 3221 opes,
780 3125 842 3198 sed
865 3123 1076 3222 dispensari,
1093 3124 1164 3198 nisi
1190 3125 1280 3200 forte
1306 3135 1347 3200 ut
1372 3126 1515 3201 Eliseus

288 3236 396 3311 boves
421 3258 504 3315 suos
520 3236 663 3326 oceidit,
681 3247 717 3312 et
743 3238 844 3335 pavit
867 3261 1039 3335 pauperes
1064 3262 1107 3312 ex
1132 3261 1173 3313 eo
1198 3239 1291 3337 quod
1316 3238 1453 3326 habuit,
1474 3247 1516 3312 ut

290 3349 392 3423 nulla
409 3375 497 3425 cura
514 3358 698 3425 teneretur
719 3350 924 3440 domestica,
940 3349 1001 3424 sed
1013 3348 1156 3425 'relictis
1172 3349 1337 3424 omnibus
1354 3349 1392 3425 in
1409 3348 1515 3424 disei-

270 3462 424 3560 plinam
442 3486 481 3537 se
497 3462 739 3561 propheticam
758 3465 867 3540 daret.
885 3467 950 3538 Est
967 3461 1030 3536 illa
1053 3463 1162 3538 etiam
1185 3461 1363 3562 probanda
1387 3461 1516 3537 libera·

290 3574 385 3663 litas,
414 3584 456 3648 ut
488 3575 665 3673 proximos
694 3575 842 3652 seminis
870 3575 925 3651 tui
955 3597 1026 3648 non
1050 3574 1236 3673 despicias,
1270 3574 1299 3650 si
1326 3599 1434 3671 egere
1459 3598 1515 3650 ce

290 3710 455 3784 gnoseos,
478 3687 606 3763 melius
631 3699 686 3765 est
702 3689 798 3765 enim
817 3699 859 3765 ut
876 3689 951 3789 ipse
977 3687 1171 3764 subvenias
1196 3688 1269 3765 tuis
1294 3689 1425 3788 quibus
1450 3714 1516 3788 pu·

293 3802 356 3875 dor
372 3811 427 3875 est
443 3801 488 3874 ab
505 3800 587 3875 aliis
603 3812 748 3899 suptum
774 3803 973 3902 deposcere,
990 3811 1054 3877 aut
1077 3801 1187 3879 alicui
1206 3802 1384 3902 postulare
1401 3803 1515 3878 subsi-

289 3915 388 3989 dium
414 3915 630 3991 necessitati.
648 3918 729 3991 Non
754 3925 874 3992 tamen
899 3925 940 3990 ut
964 3914 1019 3989 illi
1049 3915 1195 3993 ditiores
1219 3940 1260 3993 eo
1286 3917 1360 3992 fieri
1387 3916 1514 4007 velint,

291 4029 382 4126 quod
400 4036 440 4102 tu
459 4037 557 4127 potes
573 4029 734 4105 conferre
751 4028 925 4128 inopibus.
936 4030 1054 4105 Causa
1067 4030 1163 4105 enim
1181 4039 1326 4128 praestat
1343 4053 1412 4105 non
1431 4054 1514 4127 gra·

291 4142 352 4214 tia.
367 4143 493 4238 Neque
518 4141 614 4215 enim
644 4151 827 4239 propterea
852 4152 888 4217 tc
905 4143 1054 4217 Domino
1079 4143 1207 4218 dicasti
1229 4154 1269 4219 ut
1285 4154 1366 4220 tuos
1383 4144 1514 4220 divites

289 4253 410 4329 facins.
430 4257 476 4328 Et
499 4254 604 4328 infra.
623 4253 888 4330 Consideranda
914 4255 1021 4330 etiam
1040 4255 1077 4327 in
1096 4254 1284 4352 largiendo
1300 4266 1386 4331 aetas
1403 4266 1510 4354 atque

287 4366 462 4456 debilitas,
479 4390 736 4467 nonnunquam
762 4369 872 4444 etiam
902 4367 1117 4444 verecundia
1144 4393 1224 4467 qnae
1242 4369 1418 4466 ingenuos
1436 4392 1514 4466 pro·

287 4479 341 4555 dit
358 4477 505 4554 natales.
522 4482 571 4554 Ut
587 4479 732 4558 senibus
750 4481 831 4580 plus
848 4480 1028 4578 largiaris,
1045 4481 1107 4580 qui
1125 4481 1192 4556 sibi
1211 4482 1347 4559 labores
1364 4482 1435 4556 iam
1454 4506 1514 4557 ue·
