3608 5498
810 382 1009 445 -481-

294 500 395 597 leges
421 502 544 578 saeculi
572 511 799 587 summovent
824 511 860 577 et
883 525 948 577 nos
972 527 1250 594 summovemus,
1275 503 1530 603 suprascripta¹

293 617 395 689 nulla
420 617 601 693 accusatio
629 617 855 714 suscipiatur.
885 621 954 691 Eos
981 616 1301 692 anathematizatos
1326 642 1403 693 esse
1428 639 1516 715 quos

292 730 455 830 Episcopi
481 731 537 804 sui
565 731 708 828 scriptis
735 729 1143 818 anathematizaverunt,
1160 740 1224 806 aut
1240 755 1363 806 eorum
1381 739 1516 805 statuta

292 843 606 919 anathematizant.
632 846 771 920 Absens
801 869 866 920 nec
894 845 1093 920 accusatori
1114 871 1180 920 nec
1205 844 1368 921 accusari
1394 853 1517 942 potest.

294 962 495 1031 Accusatus
512 957 710 1033 accusatori
725 981 795 1032 non
813 958 1021 1054 respondeat
1040 959 1248 1056 priusquam
1268 982 1291 1032 a
1311 979 1375 1031 suo
1396 957 1515 1032 iudice

294 1068 509 1164 regulariter
525 1079 684 1160 vocetur,
701 1070 889 1168 locumque
909 1070 1117 1147 defendendi
1142 1072 1297 1172 accipiat
1309 1071 1353 1145 ad
1370 1070 1515 1146 abluen-

293 1182 336 1255 da
354 1184 515 1258 crimina.
533 1184 643 1259 Felix.
657 1189 756 1259 lutra
773 1187 841 1258 llll
859 1182 918 1259 vel
937 1186 968 1253 V
986 1192 1051 1256 aut
1067 1186 1137 1257 Vll
1159 1207 1299 1258 menses
1320 1182 1422 1256 iuxta
1442 1206 1515 1280 pes-

292 1296 498 1372 sibilitatem
522 1306 715 1374 accusatus
741 1298 850 1373 fuerit
874 1297 1004 1372 dentur
1029 1295 1176 1370 indutie.
1201 1297 1238 1370 Si
1264 1304 1515 1372 accusatorum

294 1433 440 1507 persone
457 1409 496 1482 in
513 1411 644 1488 iudicio
661 1411 902 1509 episcoporum
921 1408 1117 1505 culpabiles
1133 1410 1375 1506 apparuerint,
1392 1410 1437 1484 ad
1460 1434 1516 1482 ar-

292 1522 476 1616 guendum
494 1545 563 1597 non
580 1523 828 1610 admittantur,
845 1522 914 1597 nisi
932 1521 1090 1618 proprias
1106 1545 1235 1595 causas
1259 1545 1418 1598 asserere
1444 1545 1514 1596 non

290 1645 412 1709 tamen
430 1635 635 1711 criminales
652 1635 710 1710 vel
727 1635 988 1711 ecclesiasticas
1002 1634 1190 1710 voluerint.
1202 1635 1352 1710 Infamia
1365 1658 1514 1732 persona

291 1773 357 1823 nec
376 1761 591 1847 procurator,
610 1750 713 1825 debet
730 1775 806 1825 esse
820 1749 879 1825 rel
892 1747 1326 1845 cognitornurichianus.
1341 1749 1513 1846 Quisquis

292 1860 352 1934 ille
370 1875 424 1935 est
442 1861 502 1960 qui
524 1858 659 1937 crimen
677 1863 844 1950 intendis,
861 1862 899 1934 in
916 1862 1090 1937 iudicium
1104 1861 1237 1949 veniat,
1250 1885 1378 1937 nomen
1397 1862 1447 1936 rei
1462 1863 1516 1935 in-

293 1975 593 2063 dicet,vinculum
610 1976 852 2073 inscriptionis
864 1976 1024 2073 arripiat,
1034 1975 1192 2051 custodie
1205 1975 1440 2050 similitudine
1452 1974 1519 2048 ha·

293 2087 365 2161 bita
381 2098 501 2164 tamen
516 2090 706 2186 dignitatis
720 2090 943 2165 estimatione
961 2089 1126 2186 patiatur.
1146 2093 1222 2163 Nec
1239 2089 1313 2163 fore
1327 2088 1394 2162 sibi
1407 2088 1519 2164 liceu-

291 2203 342 2275 tia
357 2204 497 2278 noverit
511 2205 717 2291 mentiendi,
734 2229 817 2280 cum
831 2202 1116 2300 calumpniantes
1128 2201 1172 2275 ad
1185 2201 1381 2276 vindictam
1396 2210 1518 2298 poscat

291 2315 487 2391 similitudo
508 2317 685 2415 supplicii.
703 2317 858 2393 Infames
871 2328 967 2401 sunt,
980 2315 1041 2412 qui
1060 2314 1105 2388 ad
1122 2337 1246 2409 magos
1259 2313 1517 2412 sortilegosque

294 2431 532 2505 cucurrerint.
548 2430 652 2505 Nulli
670 2431 795 2505 infami
816 2440 881 2505 aut
904 2429 1081 2524 sacrilego
1105 2428 1212 2504 liceat
1236 2428 1410 2504 adversus
1435 2428 1516 2503 reli·

292 2541 435 2636 giosum
453 2543 699 2618 Christianum
716 2543 958 2619 testimonium
975 2543 1104 2631 dicere,
1121 2542 1179 2617 vel
1197 2542 1356 2639 qualibet
1371 2542 1513 2618 actione

256 2703 259 2708 -
291 2654 470 2750 impetere,
488 2655 544 2730 vel
563 2656 804 2754 inscriptione.
822 2655 944 2729 Gaius.
961 2655 1158 2752 Expoliatis
1174 2655 1293 2730 omnia
1310 2664 1398 2730 sunt
1422 2655 1513 2751 legi·

289 2766 356 2840 bus
374 2768 661 2864 redintegranda,
679 2794 757 2867 qure
774 2769 825 2844 eis
837 2770 955 2843 ablata
973 2778 1067 2842 sunt.
1086 2767 1256 2865 Alioquin
1283 2767 1424 2842 nullum
1443 2767 1513 2843 cri-

292 2906 373 2955 men
391 2882 442 2955 eis
459 2882 550 2957 obici
569 2894 690 2980 potest.
708 2887 754 2958 Et
775 2882 913 2958 indutie
930 2880 1004 2954 illis
1030 2890 1107 2978 post
1130 2880 1311 2975 integram
1338 2890 1516 2955 restaura-

292 2994 422 3069 tionem
440 2995 696 3070 anuiversariae
713 3005 789 3094 post
802 2999 854 3071 VI
869 3021 1008 3070 menses
1020 3019 1104 3070 cum
1118 2994 1347 3088 indulgenda
1360 3002 1457 3082 sunt,
1471 3004 1512 3069 ut

291 3132 356 3180 sua
369 3109 486 3181 omnia
504 3109 635 3207 absque
652 3110 905 3207 impedimento
920 3108 1065 3183 distant.
1078 3106 1321 3182 Marcellinus.
1333 3110 1414 3182 Non
1427 3106 1516 3182 lieet

292 3218 508 3315 imperatori,
525 3221 584 3296 vel
602 3222 770 3319 cuiquam
791 3222 959 3320 pietatem
985 3219 1211 3306 custodienti,
1235 3218 1372 3317 aliquid
1389 3228 1515 3294 contra

291 3333 494 3407 divinitatis
511 3334 677 3408 mandata
691 3358 913 3432 praesumere.
926 3337 1051 3421 Quare
1069 3357 1176 3430 supra
1195 3332 1233 3406 in
1248 3331 1315 3406 hoc
1333 3332 1453 3407 eodem
1472 3331 1515 3405 li·

292 3444 354 3518 bro
371 3469 445 3542 cap.
463 3448 582 3521 XXX.
600 3445 804 3520 Marcellus
817 3447 885 3533 Qui
904 3456 1027 3544 sponte
1041 3449 1235 3519 Romanam
1253 3445 1372 3519 sedem
1385 3468 1512 3519 coure-

291 3556 398 3631 niunt
414 3558 597 3654 Episcopis
617 3557 750 3654 absque
769 3557 842 3631 ulla
861 3557 1032 3647 custodia,
1050 3568 1115 3631 aut
1131 3556 1514 3643 excommunicatione,

291 3667 348 3742 vel
362 3669 610 3766 dampnatione
624 3669 732 3744 libere
751 3669 802 3743 ire
816 3669 1042 3745 concedatur.
1056 3670 1187 3745 Omnia
1200 3667 1514 3767 comprovincialia

290 3782 435 3875 negotia
449 3806 509 3878 per
522 3792 683 3856 sanctam
693 3784 887 3855 Romanam
903 3782 1119 3858 AEcclesiam
1132 3793 1219 3858 sunt
1232 3780 1469 3868 retractanda,
1482 3780 1513 3853 si

288 3892 396 3967 huius
413 3894 581 3969 Ecclesia
608 3894 771 3969 Pontifex
795 3895 1010 3992 praeceperit.
1035 3894 1223 3970 Eusebius.
1248 3891 1435 3991 Episcopis
1457 3913 1515 3988 op·

290 4007 421 4104 pressis
438 4006 537 4103 prius
554 4018 687 4104 oportet
700 4007 818 4081 omnia
835 4006 978 4101 legibus
992 4006 1239 4102 redintegrari.
1251 4009 1408 4080 Tantum
1421 4013 1511 4078 tem·

290 4121 384 4217 poris
400 4121 554 4218 spatium
573 4121 756 4218 Episcopis
773 4120 1017 4215 indulgeatur,
1030 4128 1164 4215 quanto
1179 4116 1365 4215 exspoliati
1379 4114 1438 4190 vel
1455 4140 1514 4191 ex·

290 4234 383 4329 pulsi
400 4258 476 4308 esse
494 4233 671 4320 videntur,
688 4242 880 4330 antequam
897 4231 942 4304 ad
955 4231 1131 4327 synodum
1146 4238 1372 4304 vocarentur.
1389 4229 1461 4316 Qui
1474 4253 1510 4301 a·

290 4347 385 4419 liena
403 4346 544 4420 invadis
557 4370 625 4420 nou
640 4357 742 4420 exeat
758 4345 968 4442 impunitus,
985 4343 1047 4418 sed
1063 4367 1146 4417 eum
1164 4341 1460 4440 multiplicatione
1477 4365 1512 4415 ο-

293 4457 389 4529 mnia
408 4458 581 4532 restituat.
600 4456 782 4531 Silvester.
801 4454 901 4529 Nulli
917 4454 1061 4529 omnino
1077 4453 1209 4528 elerico
1235 4453 1341 4529 licere
1367 4478 1512 4528 eausam

1297 4567 1328 4620 81
