3608 5498
831 418 870 432 ..
898 386 939 450 98
964 420 1004 433 ..

304 503 554 592 diterraneam,
572 505 740 603 Mysiam,
755 505 970 579 Dardaniam
984 515 1019 580 et
1034 505 1222 580 Praebalim
1240 507 1342 583 beato
1360 511 1464 584 Petro
1480 515 1527 584 A·

303 616 519 713 postolorum
538 618 697 716 Principi
716 618 957 694 contradicere
974 620 1097 694 nullus
1115 632 1317 717 praesumat.
1330 626 1418 710 Quae
1429 635 1529 699 antc-

284 720 483 805 'cessorum
501 742 703 806 nostrorum
721 731 938 829 temporibus
955 732 1095 808 scilicet
1107 735 1264 823 Damasi,
1277 736 1410 825 Siricii,
1423 741 1527 812 Inno-

301 843 422 933 centii,
439 844 622 934 Bonifatii,
648 844 830 934 celestini,
855 847 964 936 Xisti,
989 848 1127 938 Leonis,
1153 848 1310 947 Hylarii,
1336 850 1527 949 Simplicii,

300 957 442 1043 Felicis,
456 968 562 1056 atque
576 958 762 1034 Hormisde
783 970 988 1035 sanctorum
1007 961 1222 1036 Pontificum
1235 961 1526 1060 dispositionibus

301 1186 368 1263 bus
385 1187 582 1263 destinatas
599 1213 661 1286 per
678 1197 817 1263 nostros
834 1188 962 1262 missos
979 1199 1020 1263 ut
1037 1190 1087 1263 rei
1106 1190 1296 1264 veritatem
1309 1214 1526 1286 cognoscere

300 1302 441 1399 queatis
458 1313 588 1377 vestrae
609 1301 795 1398 augustali
813 1303 979 1400 potentiae
996 1302 1152 1399 dirigere
1170 1303 1389 1378 curavimus.
1407 1308 1527 1380 Prete-

302 1440 361 1491 rea
379 1417 651 1492 calabritanum
671 1415 930 1490 Patrimonium
950 1417 1210 1516 Syculumque,
1224 1442 1304 1516 quae
1316 1428 1447 1493 nostrae
1460 1421 1526 1493 Ec·
1589 1427 1592 1433 '

299 1531 416 1607 clesiae
433 1555 600 1606 concessa
618 1530 717 1605 fuere
734 1539 770 1604 et
787 1555 828 1604 ea
845 1554 924 1628 quae
941 1532 986 1605 ad
1004 1531 1213 1628 possidenda
1238 1532 1394 1630 optinuit
1417 1542 1454 1606 et
1474 1531 1526 1606 di-

299 1647 518 1744 sponendum
537 1670 599 1743 per
616 1668 698 1719 suos
715 1644 912 1720 familiares
929 1671 1054 1741 regere
1073 1645 1212 1720 studuit
1229 1647 1360 1721 nostris
1385 1671 1526 1722 conces·

299 1760 458 1834 sionibus
476 1760 677 1834 reddantur.
696 1758 871 1846 Quoniam
889 1759 1130 1835 irrationabile
1148 1768 1203 1834 est
1220 1771 1261 1834 ut
1278 1760 1524 1835 ecclesiastica

298 1875 471 1974 possessio
487 1873 582 1948 unde
599 1871 793 1947 luminaria
810 1883 845 1948 et
862 1872 1152 1949 concinnationes
1169 1873 1339 1948 aecclesiae
1357 1873 1421 1948 Dei
1446 1873 1524 1949 fieri

296 1991 425 2068 debent
434 2001 577 2065 terrena
587 1987 777 2086 quominus
791 1996 963 2084 potestate
977 1983 1247 2075 subtrahantur,
1257 1985 1318 2060 sed
1327 1984 1447 2059 domui
1459 1984 1523 2060 Dei

297 2105 466 2181 restituta
484 2102 651 2178 meritum
671 2099 857 2175 redditoris
879 2096 1131 2194 multiplicent,
1152 2106 1189 2171 et
1209 2096 1444 2193 suscipientes
1465 2120 1525 2172 vo·

295 2230 375 2295 tum
385 2215 586 2316 spiritualis
598 2214 762 2290 desiderii
776 2213 889 2289 lucris
902 2222 1120 2288 exerceatur.
1129 2215 1227 2287 Inter
1236 2211 1305 2286 ista
1313 2221 1350 2286 et
1358 2211 1523 2309 superius

296 2333 393 2408 dicta
410 2331 578 2406 volumus
595 2339 637 2403 ut
649 2329 869 2405 consecratio
882 2328 1097 2403 Siracusano
1110 2325 1386 2423 Archiepiscopo
1398 2335 1520 2400 nostra

297 2445 414 2521 asede
426 2443 665 2541 impendatur,
674 2451 715 2516 ut
727 2441 871 2517 traditio
880 2442 923 2516 ab
934 2441 1112 2540 Apostolis
1124 2439 1303 2530 instituta,
1311 2439 1520 2516 nullatenus

294 2558 426 2634 vestris
443 2556 662 2656 temporibus
678 2554 843 2631 violetur.

832 2781 987 2865 CXXXI.

388 3015 520 3084 Vnuvn
539 3021 582 3086 et.
596 3009 689 3084 inter
708 3008 829 3084 beatos
856 3007 1039 3106 Apostolos
1064 3008 1159 3084 sicut
1183 3019 1219 3084 et
1244 3009 1343 3106 prius
1368 3016 1517 3083 sanctus

292 3130 361 3201 ΡΡ.
379 3124 494 3200 Iulius
511 3135 546 3199 et
564 3132 683 3221 postea
697 3122 758 3198 ille
772 3147 929 3219 magnus
946 3134 981 3199 et
998 3134 1146 3199 sanctus
1158 3126 1227 3198 Leo
1239 3122 1409 3198 describit
1421 3121 1459 3194 in
1472 3121 1519 3195 si·

292 3239 496 3314 militudine
512 3239 654 3312 honoris
672 3236 744 3311 fuit
769 3238 929 3334 quaedam
957 3239 1122 3314 discretio
1147 3237 1341 3336 potcstatis.
1366 3240 1517 3312 Etcum

291 3354 452 3429 omnium
470 3378 533 3451 par
549 3364 644 3428 esset
659 3351 787 3427 electio
803 3351 868 3425 uni
886 3361 1007 3427 tamen
1025 3353 1148 3427 datum
1166 3361 1221 3427 est
1235 3361 1275 3427 ut
1288 3349 1417 3428 ceteris
1430 3374 1518 3447 prm

193 3526 198 3533 .
290 3468 451 3542 minoret.
470 3470 521 3541 De
538 3491 607 3564 qua
621 3467 733 3540 forma
747 3465 1002 3562 Episcoporum
1015 3491 1164 3564 quaeque
1178 3475 1231 3540 est
1243 3475 1320 3538 orta
1333 3461 1516 3537 distinctio

291 3590 327 3655 ct
344 3605 479 3676 magna
495 3579 715 3654 ordinatione
733 3578 915 3675 provisum
933 3588 998 3668 est,
1015 3604 1061 3654 ne
1078 3602 1201 3653 omnes
1219 3577 1286 3651 sibi
1300 3575 1418 3650 omnia
1431 3599 1517 3649 ven-

290 3694 462 3769 dicarent.
489 3694 557 3768 Sed
579 3704 699 3769 essent
723 3693 761 3765 in
788 3690 945 3788 singulis
970 3692 1165 3789 provinciis
1189 3689 1339 3787 singuli,
1363 3712 1515 3786 quorum

289 3806 384 3881 inter
402 3808 532 3881 fratres
549 3806 740 3881 haberetur
757 3804 872 3902 prima
890 3806 1079 3881 sententia.
1096 3809 1143 3880 Et
1160 3830 1287 3878 rursus
1305 3801 1449 3900 quidam
1475 3801 1516 3875 iu

286 3921 481 3995 maioribus
498 3919 648 3994 urbibus
660 3918 858 4007 constituti,
872 3917 1150 3994 sollicitudinem
1164 3916 1198 3991 ei
1208 3914 1433 4011 susciperent
1440 3938 1515 3986 am·

287 4034 436 4132 pliorem
455 4061 516 4132 per
533 4057 621 4132 quos
637 4034 682 4107 ad
700 4058 810 4107 unam
837 4032 935 4106 Petri
961 4033 1079 4108 sedem
1104 4027 1322 4106 universalis
1342 4024 1515 4103 oecelesiae

287 4171 376 4222 cura
394 4147 599 4235 conflueret,
612 4158 648 4222 et
660 4145 775 4221 nichil
792 4169 951 4242 unquam
966 4170 987 4218 a
1000 4166 1064 4218 suo
1077 4143 1192 4241 capite
1204 4140 1400 4215 dissideret.
1413 4138 1515 4226 Quod

286 4261 318 4334 si
328 4261 637 4358 quidamexvobis
649 4259 810 4335 interiori
821 4255 1316 4356 comprehendissentobtutu,
1325 4276 1511 4350 nunquam

286 4374 512 4449 Rothandum
528 4374 740 4472 Episcopum
756 4371 980 4448 suessionice
994 4371 1101 4446 Urbis
1114 4371 1191 4446 sine
1204 4392 1380 4445 consensu
1393 4376 1513 4440 nostro

287 4486 513 4586 deponerent,
531 4487 818 4585 depredarentur,
834 4497 873 4560 et
889 4486 925 4557 in
945 4484 1093 4559 exilium
1107 4483 1252 4582 pulsum
1267 4478 1510 4555 monasteriali
