3608 5498
804 423 1002 487 -349-

293 541 439 640 Sycilioe
456 542 639 635 iussimus,
652 553 694 619 ut
709 544 827 618 omnis
845 545 980 643 requiei
994 555 1030 622 ot
1041 546 1183 621 honoris
1196 549 1305 623 vestri
1320 574 1442 624 curam
1457 549 1516 624 ba·

292 656 385 747 beat,
401 679 471 755 quo
486 660 610 735 veniat
627 668 750 735 vestra
766 658 948 737 beatitudo
963 661 1008 736 ad
1025 683 1099 736 nos.

846 827 960 913 VHII.

331 989 381 1040 Ex
399 989 430 1040 11
449 991 577 1044 actione
595 992 656 1043 vn
675 991 791 1058 synodi
807 989 998 1045 universalis
1016 991 1163 1045 ecclesias
1184 993 1209 1045 L
1227 993 1472 1059 Episcoporum.

387 1123 568 1200 Adrianus
585 1127 781 1225 Episcopus
798 1152 925 1202 servus
942 1151 1127 1203 servorum
1146 1130 1211 1204 Dei
1237 1128 1377 1204 domnis
1402 1128 1519 1228 piissi-

292 1237 361 1311 mis
374 1249 410 1315 ot
422 1240 660 1316 serenissimis
673 1241 946 1340 imperatoribus
963 1242 1047 1317 filiis
1060 1241 1252 1339 diligendis
1265 1242 1303 1315 in
1318 1245 1390 1318 Deo
1403 1252 1439 1318 et
1452 1245 1517 1317 Do-

291 1350 387 1426 mino
403 1362 521 1428 nostro
538 1354 644 1429 Ihesu
664 1354 806 1431 Christo
832 1355 1067 1434 Constantino
1091 1366 1127 1432 et
1152 1360 1300 1455 Hyrene
1327 1358 1516 1455 Augustis.

289 1467 336 1539 Et
354 1465 456 1541 infra.
474 1468 512 1541 Si
531 1492 616 1544 vero
632 1468 849 1567 impossibile
866 1479 920 1544 est
937 1470 1176 1546 hereticorum
1199 1471 1355 1546 vesaniae
1371 1494 1434 1571 pro
1463 1472 1517 1545 in·

290 1579 500 1656 credulitate
526 1582 682 1680 ipsorum
711 1582 807 1680 ipsas
832 1607 953 1658 sacras
977 1610 1020 1660 ac
1037 1584 1260 1661 venerandas
1277 1585 1456 1682 imagines
1473 1585 1520 1661 si·

291 1718 335 1768 ne
361 1695 488 1792 synodi
512 1696 650 1772 actione
681 1695 719 1769 in
746 1695 939 1794 pristinum
965 1698 1106 1795 erigere
1137 1723 1180 1774 ac
1210 1699 1420 1774 confirmare
1450 1707 1520 1772 sta·

290 1817 379 1898 tum,
396 1817 433 1884 et
450 1821 586 1885 nostros
603 1811 803 1889 sacerdotes
821 1835 883 1909 pro
900 1810 1148 1887 huiuscemodi
1165 1810 1224 1909 pia
1245 1811 1445 1908 operatione
1460 1835 1519 1886 ve·
1583 1877 1591 1890 .

290 1931 365 1994 stra
374 1923 474 2022 cupit
482 1923 709 1999 serenissima
723 1924 920 2022 imperialis
933 1925 1092 2023 potentia
1105 1923 1292 2014 accersire,
1302 1923 1396 2000 sicut
1409 1924 1445 1997 in
1460 1949 1519 2000 ve·

290 2034 374 2109 stris
384 2034 497 2111 fertur
507 2037 753 2138 imperialibus
766 2037 995 2113 iussionibus.
1008 2037 1191 2135 Imprimis
1204 2036 1334 2135 pseudo
1347 2037 1517 2133 sillogum

292 2147 382 2224 illud
399 2151 491 2248 quod
508 2150 585 2226 sine
602 2151 794 2250 apostolica
813 2152 895 2228 sede
908 2150 1203 2226 irrationabiliter
1216 2149 1381 2249 nequiter
1393 2159 1518 2227 contra

289 2272 493 2338 sanctorum
511 2264 771 2341 venerabilium
788 2275 932 2364 patrum
951 2265 1177 2341 traditionem
1196 2265 1239 2340 de
1257 2263 1370 2340 sacris
1387 2264 1519 2362 imagi-

288 2376 395 2451 nibus
410 2389 533 2454 actum
551 2391 605 2456 est
621 2380 944 2457 anathematizetur
971 2378 1205 2478 praesentibus
1231 2378 1351 2454 missis
1375 2379 1519 2469 nostris,

289 2499 325 2565 et
341 2500 430 2567 tunc
447 2492 543 2568 sicut
555 2495 726 2593 antiquus
741 2519 814 2569 mos
827 2493 958 2584 extitit,
977 2493 1208 2570 iureiurando
1220 2503 1343 2570 restra
1358 2492 1518 2594 piissima

289 2629 331 2678 ac
345 2606 642 2703 tranquillissima
656 2600 822 2704 potestas,
832 2633 903 2682 una
913 2634 996 2683 cum
1012 2609 1138 2684 domna
1150 2610 1217 2683 M...
1226 2617 1346 2684 vestra
1359 2606 1519 2707 piissima

289 2718 477 2813 genitrice,
495 2745 558 2795 seu
573 2720 732 2796 eiusdem
747 2721 846 2818 regie
866 2722 965 2798 urbis
983 2722 1204 2810 Patriarcba,
1221 2745 1371 2799 necnon
1385 2731 1521 2799 etcun·

290 2842 347 2905 eto
369 2843 506 2920 senatu,
531 2834 710 2931 corporale
727 2834 927 2911 tribuentes
953 2847 1231 2926 sacramentum,
1255 2827 1406 2912 verbum
1424 2860 1519 2911 oom-

291 2945 519 3022 monitorium
537 2948 631 3024 sicut
648 2948 849 3047 antiquitus
876 2951 935 3049 pia
962 2976 1064 3025 sacra
1088 2950 1190 3025 nobis
1215 2949 1372 3046 dirigere
1396 2960 1517 3024 vestra

290 3058 460 3154 dignetur
474 3061 669 3162 imperialis
683 3071 849 3161 potestas,
858 3061 920 3160 qui
931 3071 1014 3137 ante
1028 3071 1082 3137 cst
1094 3062 1188 3161 apud
1201 3085 1264 3137 vos
1276 3062 1388 3160 partis
1401 3061 1520 3137 cuius-

291 3171 377 3247 libet
394 3173 495 3249 favor
511 3186 575 3250 aut
587 3176 753 3266 defensio,
771 3176 833 3252 sed
855 3176 1086 3275 equalitatem
1101 3175 1263 3274 utrisque
1276 3175 1436 3275 partibus
1449 3201 1521 3252 ser·

291 3286 432 3374 rabitis,
449 3288 657 3364 nullatenus
674 3290 923 3365 necessitatem
941 3286 1119 3363 facientes
1137 3287 1174 3361 in
1188 3310 1412 3386 quocumque
1426 3288 1520 3386 capi·

291 3399 377 3489 tale,
391 3400 442 3477 eis
451 3401 512 3500 qui
525 3426 546 3475 a
559 3401 659 3476 nobis
669 3401 872 3499 dirigentur
886 3425 1025 3500 quoquo
1039 3401 1148 3492 modo,
1158 3401 1219 3477 sed
1229 3411 1264 3478 et
1277 3402 1373 3476 omni
1383 3401 1516 3477 bonore

292 3538 373 3587 cum
384 3514 597 3611 competenti
611 3514 859 3588 munificentia
874 3524 910 3589 et
924 3514 1150 3614 susceptione
1163 3515 1292 3611 dignos
1305 3539 1363 3591 eos
1378 3514 1519 3590 habebi·

292 3629 348 3700 tis.
362 3626 452 3702 Etsi
465 3627 606 3725 quidem
621 3628 866 3716 convenerint,
880 3652 963 3705 eece
976 3628 1075 3704 bene.
1089 3627 1128 3702 Si
1141 3637 1261 3703 autem
1277 3628 1424 3703 minimo
1437 3650 1519 3705 con·

292 3740 468 3830 venerint,
482 3741 612 3816 iterum
626 3741 818 3816 cumomni
832 3740 1060 3817 humanitate
1074 3765 1136 3842 eos
1148 3741 1192 3815 ad
1209 3765 1273 3816 nos
1290 3741 1447 3838 dirigere
1464 3766 1519 3814 sa-

291 3855 425 3950 tagetis
442 3854 526 3953 quia
542 3854 676 3930 dudum
690 3854 821 3931 ibidem
839 3879 901 3953 pro
915 3855 990 3931 zelo
1002 3854 1084 3930 fidei
1097 3880 1140 3931 ac
1153 3863 1358 3930 sanctarum
1371 3853 1517 3952 ymagi-

292 3993 379 4042 num
395 3968 554 4065 religiosi
567 3968 638 4043 viri
651 3967 789 4057 directi,
798 3969 836 4042 in
845 3968 993 4046 exilium
1007 3967 1109 4042 missi
1123 3977 1220 4057 sunt,
1233 3976 1269 4042 et
1280 3964 1518 4042 bonaconfcs·

291 4079 391 4156 sione
403 4081 514 4156 huius
526 4081 649 4155 mundi
663 4081 775 4155 vitam
791 4082 972 4157 linierunt.
982 4085 1028 4156 Et
1041 4079 1145 4155 inira.
1155 4083 1202 4155 Et
1214 4079 1318 4155 valde
1331 4078 1452 4154 mirati
1462 4104 1521 4153 su·

294 4220 375 4267 mus
391 4194 483 4292 quod
501 4194 539 4267 in
555 4194 687 4269 vestris
707 4193 957 4293 imperialibus
974 4193 1081 4268 iussis
1100 4217 1162 4291 pro
1187 4191 1390 4292 patriarcha
1408 4192 1519 4289 regiae

294 4304 393 4380 urbis
406 4305 545 4381 scilicet
558 4304 728 4380 Tharasio
736 4305 894 4395 directis,
903 4305 1146 4381 universalem
1156 4330 1238 4381 eum
1248 4303 1378 4380 ibidem
1389 4304 1520 4403 reperi·

293 4442 374 4491 rnus
384 4418 654 4494 exaratum.Sed
662 4429 784 4493 utrum
795 4443 857 4518 per
866 4417 1146 4517 nequitiam,aut
1155 4418 1287 4494 scisma
1297 4417 1355 4493 vel
1364 4418 1517 4494 heresim

295 4529 498 4628 iniquorum
516 4531 690 4627 scriptum
705 4539 770 4622 est,
783 4531 1002 4625 ignoramus.
1017 4530 1086 4606 Sed
1100 4529 1218 4607 virum
1234 4555 1296 4630 per
1309 4530 1520 4631 nequitiam,
