3608 5498
689 409 820 472 -333
856 446 890 457 -

179 526 216 599 in
235 527 329 600 facto
346 548 417 611 ero,
437 535 472 600 ot
491 527 680 602 consilium
694 532 786 628 quod
800 531 887 604 milri
903 528 1118 605 crediderint
1128 529 1173 603 ad
1189 527 1330 601 illorum
1345 527 1403 602 da·

180 665 304 712 mnum
323 639 476 713 scienter
493 640 583 713 nulli
603 641 782 718 intimabo.
802 646 967 739 Regnum
985 652 1106 717 autem
1125 641 1216 739 quod
1236 639 1322 713 mihi
1341 665 1404 738 per

180 778 326 825 manum
345 762 444 825 tuam
464 756 598 828 Damno
619 756 751 832 Gebizo
768 756 936 844 traditur,
954 755 1106 830 fideliter
1128 753 1285 829 retinebo
1310 763 1346 828 et
1363 753 1403 826 il·

180 865 242 939 lud
255 891 431 963 suumque
446 866 503 940 ius
518 869 727 962 Apostolicae
741 871 823 946 Sedi
836 870 956 970 aliquo
969 869 1115 966 ingenio
1128 868 1319 967 aliquando
1332 891 1402 943 non

180 978 398 1052 subtraham.
411 980 601 1054 Dominum
613 1007 732 1057 meum
748 988 880 1084 Papam
895 985 1110 1081 Gregorium
1124 993 1160 1060 et
1173 1006 1405 1058 suossuoces-

179 1117 275 1167 sores
291 1102 397 1191 atque
414 1092 563 1188 lagatos,
572 1095 601 1168 si
615 1095 652 1168 in
673 1122 787 1172 meam
802 1108 1010 1196 potestatem
1024 1096 1400 1185 venerinthonorifioe
1485 1133 1487 1137 ⁷

179 1205 386 1303 suscipiam,
400 1207 559 1282 tractabo
575 1219 612 1283 et
629 1211 822 1301 remittam,
835 1222 871 1287 et
885 1212 1133 1310 undecumque
1153 1235 1207 1284 me
1225 1209 1403 1283 invitave-

180 1320 254 1394 rint
270 1331 375 1417 prout
391 1331 509 1417 potero
525 1332 561 1396 ot
579 1323 615 1396 in
634 1325 763 1423 quibus
777 1336 905 1423 potero,
918 1327 970 1401 eis
983 1326 1106 1401 iustite
1120 1324 1402 1422 simpliciterque

179 1433 343 1507 serviam.
356 1437 446 1508 ltem
458 1434 493 1507 in
504 1437 654 1532 quodam
668 1437 808 1513 tumulo
823 1439 904 1538 (sic)
922 1438 1151 1515 Lateranensi
1170 1439 1263 1512 inter
1277 1447 1404 1512 cetera.

180 1546 418 1644 Speciocneus
435 1548 507 1622 dux
521 1549 674 1624 Boemiae
690 1553 828 1648 accepit
841 1553 1023 1628 licentiam
1037 1550 1318 1649 aPapaNicolao
1332 1548 1399 1624 sibi

178 1662 338 1757 portandi
357 1662 512 1750 mitram,
525 1673 561 1738 et
578 1664 740 1761 promisit
757 1691 794 1740 se
810 1666 978 1741 daturum
1004 1665 1100 1740 omni
1125 1688 1219 1739 anno
1243 1665 1272 1740 C
1292 1663 1403 1738 libras

177 1775 319 1869 argenti
338 1776 380 1850 de
397 1787 493 1851 terra
510 1802 575 1850 sua
593 1777 659 1851 sub
676 1779 819 1853 nomine
835 1803 974 1853 census.

250 1891 291 1962 ln
302 1890 443 1964 nomine
453 1891 594 1964 Domini
605 1892 668 1966 Dei
678 1889 1100 1989 omnipotentisPatriset
1109 1888 1193 1962 Filii
1203 1888 1402 1986 etSpiritus

175 2002 303 2082 sancti.
320 2005 398 2098 Ego
415 2004 618 2078 ludovicus
634 2008 830 2102 Imperator
845 2010 1045 2100 Augustus,
1058 2012 1177 2078 statuo
1193 2014 1230 2078 et
1246 2003 1401 2078 concedo

177 2138 239 2211 per
252 2114 317 2190 hoc
331 2127 474 2214 paetum
488 2116 768 2192 confirmationis
781 2127 920 2205 nostrae,
933 2116 999 2191 tibi
1013 2116 1114 2190 beato
1128 2119 1232 2191 Petro
1244 2115 1401 2212 Principi

179 2228 425 2323 Apostolorum
439 2239 474 2303 et
484 2253 545 2325 per
554 2239 589 2303 te
598 2231 740 2304 Vicario
749 2233 952 2304 tuoDomno
963 2227 1402 2304 PascbalisummoP0nti·

178 2339 235 2414 fici
245 2342 485 2417 etunivorsali
499 2347 600 2440 Papae
610 2353 646 2418 et
654 2343 920 2419 successoribus
933 2343 1011 2417 eius
1020 2341 1057 2414 in
1072 2352 1293 2439 perpetuum,
1306 2341 1402 2416 sicut

177 2478 197 2523 a
214 2455 529 2552 praedecessoribus
547 2456 679 2531 vestris
696 2480 810 2554 usque
829 2481 926 2531 nuno
951 2456 989 2529 in
1015 2465 1171 2530 vestram
1191 2463 1400 2553 potestatem

178 2575 214 2639 ot
230 2567 360 2641 ditione
378 2569 547 2643 tenuistis
564 2582 599 2643 et
617 2569 842 2666 disposuistis
859 2569 1043 2644 civitatem
1064 2571 1210 2643 Romam
1229 2593 1310 2643 oum
1337 2568 1401 2642 du·

178 2690 261 2755 catu
272 2704 335 2754 suo
349 2690 383 2756 et
393 2681 608 2756 suburbanis
620 2692 728 2780 atque
742 2680 873 2757 viculis
886 2681 1051 2756 omnibus
1065 2691 1101 2756 et
1110 2680 1300 2756 territoriis
1310 2681 1399 2770 eine,

180 2794 630 2881 montanisacmaritimis,
643 2794 868 2881 litoribusao
881 2793 1053 2895 portubus
1069 2818 1132 2867 seu
1151 2793 1291 2868 cunctis
1309 2793 1397 2867 civi·

177 2905 324 2992 tatibus,
341 2907 509 2994 castellis,
526 2907 662 3007 oppidis
687 2931 731 2981 ac
755 2907 887 2981 viculis
905 2908 941 2979 in
960 2907 1099 2981 Tusciae
1117 2906 1289 3004 partibus,
1306 2905 1398 2980 idest

178 3020 323 3092 Portum
352 3020 685 3108 centumcellarnm
708 3020 833 3107 Chare,
853 3020 1009 3107 bledam,
1036 3023 1305 3106 Manturanum‚
1331 3020 1398 3092 Su·

178 3132 417 3233 trium,Nape,
427 3132 637 3220 Castellum,
651 3133 837 3220 Gallisem,
848 3135 1006 3221 Roriam,
1021 3132 1280 3219 Polimartium,
1295 3137 1399 3206 Ame-

178 3244 620 3333 riam‚Todem,Perusium
631 3273 714 3321 curn
726 3244 840 3319 tribus
854 3244 1175 3332 insulissuis,idest
1186 3245 1351 3319 maiorem
1362 3253 1399 3318 et

179 3358 350 3432 minorem
370 3359 590 3446 Pulvensim,
608 3359 795 3445 Narniam,
813 3356 1018 3432 Utriculum
1036 3383 1119 3433 cum
1137 3356 1303 3430 omnibus
1321 3357 1400 3429 fini·

176 3469 244 3543 bus
261 3496 303 3545 ac
320 3471 510 3547 territoriis
527 3473 570 3544 ad
588 3472 850 3570 suprascriptas
867 3470 1035 3544 civitates
1054 3469 1324 3567 pertinentibus.
1343 3470 1398 3543 Si·

178 3583 253 3655 mili
270 3584 369 3657 modo
382 3584 417 3656 in
434 3584 594 3683 partibus
609 3584 824 3682 Campaniae,
839 3582 1021 3679 Segniam
1037 3583 1253 3678 Anagniam,
1264 3587 1399 3658 Furen-

178 3697 308 3784 tinum‚
328 3695 504 3783 Alabum,
522 3697 717 3784 Patricum,
735 3695 953 3770 Frisilunam
977 3720 1060 3770 cum
1078 3694 1243 3768 omnibus
1266 3695 1398 3768 finibus

179 3808 395 3905 Campaniae,
412 3833 478 3883 nec
496 3832 565 3882 non
585 3808 758 3905 Tyburim
779 3834 860 3882 cum
879 3808 1043 3882 omnibus
1057 3806 1188 3881 finibus
1200 3832 1243 3881 ac
1260 3809 1399 3882 territo·

178 3921 231 3994 rio
247 3922 291 3995 ad
309 3921 451 3996 easdem
465 3921 632 3996 civitates
646 3922 917 4019 pertinentibus.
930 3924 1089 3996 Necnon
1102 3931 1138 3994 et
1153 3919 1395 3996 Exarohatum

181 4038 426 4109 Ravennatem
445 4034 512 4108 sub
525 4034 836 4131 integritatacum
853 4032 1012 4120 urbibus,
1021 4033 1242 4113 civitatibus.
1251 4032 1398 4131 oppidis,

179 4159 215 4220 et
234 4147 392 4223 castellis
409 4172 488 4244 quae
505 4148 561 4247 pic
579 4147 831 4222 recordationis
848 4151 1006 4221 Domnus
1024 4147 1174 4243 Pipinus
1190 4150 1265 4221 Rex
1285 4170 1329 4222 ac
1341 4146 1398 4222 bo

178 4285 222 4335 ne
241 4261 418 4335 memoria
436 4262 577 4356 genitor
594 4272 714 4334 noster
733 4258 885 4334 Carolus
905 4259 1096 4357 imperator
1113 4258 1214 4333 beato
1228 4262 1333 4333 Petro
1351 4264 1398 4332 A·

180 4372 312 4470 postolo
329 4383 364 4446 et
381 4371 696 4473 praedecessoribus
713 4371 843 4445 vestris
861 4371 931 4442 iarn
950 4371 1084 4444 dudum
1111 4395 1174 4468 per
1197 4371 1396 4446 donationis

177 4487 346 4582 paginam
359 4483 1397 4574 restituerunt,hocestcivitatemRavennametEmiliam‚
