3608 5498
688 400 886 468 -281-

178 524 261 599 simi
274 525 432 600 Ianuarii
446 533 570 601 eontra
582 535 787 602 sanctorum
801 547 978 601 canonum
992 532 1128 600 statuta
1136 523 1301 624 nequiter
1312 550 1398 628 praa

178 640 331 739 sumpsit
348 640 529 731 invadere,
542 641 629 716 item
649 640 922 739 condempnans,
938 639 1074 739 privari
1086 639 1291 729 sacerdotio,
1304 650 1340 716 et
1352 641 1397 716 ab

177 753 275 829 omni
293 754 536 831 ecclesiastico
553 754 674 830 ordine
687 752 861 830 removeri
875 763 1004 842 statuo,
1017 764 1059 828 ut
1070 762 1107 829 et
1118 754 1186 830 hoc
1198 755 1291 852 quod
1304 753 1398 831 male

178 877 234 944 est
249 868 398 968 adeptus
414 870 569 959 amittat,
586 892 653 944 nec
669 869 714 943 ad
730 867 886 944 officium
903 868 996 967 quod
1012 876 1096 943 ante
1120 867 1293 964 indignus
1318 892 1399 965 ges·

180 991 279 1058 serat
296 991 509 1058 revertatur.
527 981 755 1082 sepedictum
773 992 893 1059 autem
906 981 1175 1059 sanctissimum
1188 981 1396 1057 Ianuarium

178 1094 392 1194 Episcopum
411 1096 625 1187 absolutum,
637 1095 713 1172 loco
725 1119 790 1171 sno
802 1096 839 1170 in
857 1095 1092 1196 Episcopatus
1108 1095 1224 1192 gradu
1243 1097 1317 1172 Deo
1335 1121 1397 1171 au·

179 1218 275 1286 ctore
294 1208 438 1302 reverti,
455 1235 498 1286 ac
515 1209 627 1287 modis
643 1208 809 1287 omnibns
825 1210 1011 1287 reformari
1028 1210 1215 1288 constituo.

678 1438 903 1525 LXXXVIII.

277 1666 477 1764 Gregorius
501 1666 695 1743 Sabiniano
719 1667 942 1755 subdiacono.
966 1673 1066 1746 Inter
1095 1680 1224 1747 cetera.
1249 1669 1398 1746 Sacrile

180 1780 282 1878 ginm
301 1789 338 1858 et
355 1792 479 1856 contra
498 1779 598 1878 leges
614 1791 680 1871 est,
696 1782 728 1856 si
751 1782 832 1880 quis
849 1782 942 1880 quod
959 1782 1224 1859 venerabilibus
1240 1781 1328 1858 locis
1346 1807 1399 1858 re·

182 1894 369 1994 linquitur,
378 1919 497 1993 pravae
505 1894 704 1971 voluntatis
715 1894 929 1971 studiissuis
937 1895 1168 1993 temptaverit
1180 1895 1399 1994 compendiis

182 2009 346 2085 retinere.
362 2009 460 2085 Idem
480 2009 672 2084 Anthemio
688 2010 911 2086 subdiacono.
927 2009 1030 2085 Ratio
1041 2010 1143 2084 nulla
1155 2010 1342 2108 permittit,
1354 2019 1396 2086 ut

181 2123 332 2223 propriis
348 2122 524 2221 cuiusque
543 2122 667 2198 usibus
684 2123 895 2222 applicetur,
913 2123 1004 2221 quod
1022 2145 1084 2221 pro
1100 2120 1283 2198 communi
1300 2120 1399 2196 utili·

182 2246 257 2339 tate
284 2236 407 2311 datum
436 2260 514 2312 esse
539 2237 779 2333 cognoscitur.
796 2237 892 2312 Idem
911 2236 1047 2312 Italica
1064 2235 1240 2313 Patriciae.
1257 2234 1399 2312 Scimus

181 2349 423 2449 nosmedipsos
436 2349 762 2426 iuvarrtesDomino
774 2377 796 2425 a
808 2376 999 2428 causarum
1012 2349 1144 2449 litigiis
1156 2349 1400 2427 ecelesiastica

183 2464 422 2540 moderatione
440 2488 663 2564 compescere
680 2474 789 2563 atque
813 2464 1012 2541 secundum
1037 2463 1140 2539 illnm
1165 2463 1399 2563 apostolicum

184 2603 347 2668 sensum,
365 2579 525 2678 rapinam
544 2577 713 2653 bonorum
736 2587 937 2653 nostrorum
954 2603 1038 2654 curn
1055 2578 1187 2675 gaudIo
1211 2577 1400 2653 sustinere.

184 2692 254 2767 Sed
270 2690 361 2766 illud
378 2691 470 2768 scire
487 2715 550 2766 vos
567 2690 746 2767 credimus
763 2691 1046 2766 taciturnitatem
1064 2699 1171 2789 atque
1188 2689 1399 2789 patientiam

184 2813 342 2880 nostram
360 2805 494 2880 futuris
513 2814 590 2903 post
608 2829 664 2880 me
681 2806 907 2904 pontificibus
920 2806 958 2880 in
976 2806 1082 2881 rebus
1099 2829 1295 2905 pauperum
1313 2829 1400 2902 prae·

186 2917 359 2994 iudicium
385 2942 456 2993 non
490 2917 679 2995 Iacturam.
705 2920 803 2995 Idem
829 2918 940 2995 Felici
968 2918 1182 2994 subdiacono
1205 2926 1242 2993 et
1270 2913 1399 2993 rectori

187 3029 391 3129 patrimonii
412 3030 544 3128 Appiae
559 3031 686 3106 Omnia
704 3056 784 3130 quae
800 3031 877 3108 haeo
893 3030 1085 3130 apostoIIea
1102 3031 1285 3106 beatorum
1299 3028 1400 3105 Petri

185 3154 221 3219 et
235 3143 338 3218 Pauli
356 3167 507 3243 quorum
524 3145 655 3220 honore
670 3155 708 3221 et
720 3145 904 3222 beneficiis
920 3146 1098 3245 acquisita
1114 3154 1211 3235 sunt,
1224 3147 1296 3219 Deo
1313 3150 1401 3217 sunt

183 3267 328 3333 auctore
345 3260 558 3333 communia.
576 3263 710 3334 Tamen
735 3259 837 3334 beato
849 3259 965 3334 Paulo
990 3259 1052 3358 qui
1081 3269 1194 3334 totum
1225 3256 1400 3330 mnndum

186 3370 322 3445 lumine
339 3370 600 3468 praedicationis
617 3371 792 3468 implevit,
810 3373 982 3472 possessio
994 3397 1106 3471 aquas
1123 3371 1257 3447 salvias
1273 3371 1311 3443 in
1329 3393 1400 3468 qua

185 3484 262 3581 ipse
279 3483 394 3583 capite
410 3493 602 3559 truncatus
618 3494 685 3575 est,
698 3485 900 3582 specialiter
917 3511 1000 3562 cum
1016 3487 1182 3561 omnibus
1199 3484 1310 3561 eidem
1325 3506 1402 3580 per·

190 3597 388 3674 timentibus
405 3599 551 3673 serviat.

667 3737 913 3823 LXXXVIIII.

284 3934 482 4032 Gregorius
496 3937 600 4011 Petro
616 3937 829 4013 subdiacono
842 3939 1057 4039 Campaniae.
1070 3938 1183 4027 Quale
1199 3939 1236 4013 in
1255 3936 1402 4014 castello

186 4049 385 4125 Lucullano
402 4048 450 4124 sit
467 4051 585 4124 scelus
597 4051 634 4124 in
645 4051 757 4126 Paulo
773 4051 884 4128 fratre
901 4063 939 4129 et
955 4053 1158 4151 coepiscopo
1174 4062 1294 4128 nostro
1310 4073 1404 4127 com·

189 4162 353 4252 missum,
370 4157 504 4239 directa
529 4163 629 4239 nobis
647 4164 771 4240 relatio
789 4166 875 4242 lecit
897 4167 1137 4241 manifestum.
1155 4165 1305 4241 Proinde
1323 4166 1405 4240 Sco-

188 4276 314 4350 lastieo
332 4275 442 4351 indici
461 4277 666 4374 Campaniae
683 4289 719 4354 et
736 4278 916 4377 Eppianio
933 4279 1147 4354 subdiacono
1163 4288 1283 4354 nostro
1300 4279 1403 4352 inuu-

191 4388 321 4479 nimus‚
339 4400 380 4465 ut
397 4399 535 4464 tantam
557 4391 733 4465 insaniam
753 4392 916 4469 districta
941 4393 1126 4490 corrigant
1150 4392 1405 4469 emendatione.

189 4506 236 4580 Et
254 4503 421 4605 quoniam
439 4504 617 4613 mancipia
633 4504 798 4609 glorIosae
816 4506 1051 4589 Clementinae
1075 4505 1111 4580 in
1129 4505 1251 4588 eodem
1268 4505 1400 4582 scelere
