3608 5498
808 385 1007 451 -122-

802 638 1020 722 CLXXVIII.

391 867 590 963 Gregorius
607 867 645 940 in
662 869 751 941 XVI
768 866 858 941 libro
876 866 1076 942 moralium.
1090 867 1282 943 Maledicta
1300 869 1347 943 sit
1360 894 1425 967 par
1438 870 1517 946 eius

294 983 333 1056 in
360 992 467 1072 terra,
485 1007 551 1057 nec
572 982 733 1057 ambulet
751 1007 813 1080 per
830 982 927 1056 viam
946 981 1145 1057 vinearum.
1163 983 1234 1055 Via
1257 982 1446 1058 vinearum
1464 994 1520 1060 est

294 1095 470 1170 rectitudo
487 1094 732 1170 eeclesiarum.
750 1098 868 1182 Quare
885 1119 947 1169 seu
961 1094 1161 1170 hereticum
1180 1121 1243 1170 seu
1265 1096 1447 1172 carnalem
1464 1098 1520 1172 ni·

293 1208 368 1283 chil
384 1209 501 1283 obstat
517 1207 685 1304 intelligi.
703 1209 795 1295 Quia
812 1209 873 1282 via
890 1209 1078 1284 vinearum
1096 1209 1187 1284 idest
1205 1209 1381 1284 rectitudo
1406 1212 1520 1287 eccle·

294 1323 430 1397 siarum
444 1323 625 1397 amittitur
637 1322 723 1396 dum
738 1321 796 1396 rel
810 1322 896 1397 fides
906 1334 1014 1413 recta,
1023 1323 1082 1398 vel
1096 1324 1271 1400 rectitudo
1283 1324 1518 1401 ecclesiarum

297 1437 444 1512 iustitiae
461 1460 532 1511 non
546 1447 698 1511 tenetur.
711 1437 775 1511 Ille
789 1460 944 1534 namque
957 1460 1019 1534 per
1031 1438 1129 1510 viam
1143 1437 1333 1513 vinearum
1346 1439 1519 1530 ambulat,

295 1552 358 1650 qui
371 1550 589 1626 universalis
601 1550 762 1625 ecclesia>
775 1551 1061 1648 pradicationem
1075 1563 1211 1648 pensat,
1224 1564 1261 1627 et
1275 1576 1388 1650 neque
1401 1579 1422 1626 a
1436 1554 1517 1630 fidei

295 1689 411 1763 neque
428 1690 449 1737 a
466 1663 637 1739 bonorum
655 1675 803 1738 actuum
822 1663 1037 1739 rectitudine
1054 1664 1221 1740 declinat.

787 1891 1023 1976 ttxxvssss.

389 2115 587 2211 Gregorius
603 2115 641 2187 in
659 2115 766 2187 XXII
783 2112 873 2187 libro
890 2111 1090 2186 moralium.
1108 2114 1217 2187 Terra
1242 2121 1367 2187 eontra
1383 2135 1517 2210 posses·

293 2254 408 2306 sorem
427 2230 570 2317 clamat,
588 2229 618 2302 si
636 2239 758 2304 contra
777 2253 859 2303 eum
878 2226 940 2324 qui
958 2225 1026 2300 sibi
1044 2237 1171 2323 praeest
1187 2225 1324 2323 aliquid
1338 2225 1516 2302 iniustum

293 2344 351 2418 vel
377 2345 518 2441 privata
547 2344 672 2418 domus
696 2342 756 2417 vel
781 2351 906 2415 sancta
931 2340 1083 2415 ecclesia
1109 2350 1322 2414 murmurat.
1348 2339 1516 2417 Clamare

291 2459 421 2557 quippe
438 2468 561 2533 contra
580 2457 741 2553 regentis
758 2456 973 2531 iniustitiam
992 2455 1248 2530 rationabiliter
1266 2454 1443 2531 subiectos
1458 2456 1517 2531 do·

293 2572 377 2647 lere.
395 2572 566 2670 Sequitur
584 2572 726 2646 fructus
743 2571 821 2645 eius
837 2593 907 2644 non
921 2569 1095 2645 commedi
1107 2568 1239 2668 absque
1252 2569 1414 2667 pecunia.
1428 2572 1518 2644 Fru-

292 2696 374 2762 ctus
399 2686 531 2762 etenim
557 2695 661 2760 terrae
677 2685 811 2784 absque
829 2685 981 2783 pecunia
1001 2683 1184 2758 comedere
1214 2693 1279 2769 ast,
1294 2682 1518 2770 ‚ecelesiasti-

292 2824 351 2875 cos
376 2800 520 2898 quidem
543 2810 709 2897 sumptus
733 2800 907 2900 accipere,
933 2798 996 2872 sed
1021 2797 1135 2872 eidem
1162 2797 1323 2873 ecclesia
1347 2797 1517 2895 pradica-

292 2913 402 2989 tionis
419 2914 573 3011 pretium
591 2936 661 2987 non
679 2912 844 3010 praebere.
863 2913 965 2989 Unde
982 2913 1140 2988 alectoria
1152 2935 1240 2988 voce
1251 2912 1393 2987 dicitur.
1408 2915 1516 3010 Opor-

291 3029 363 3103 tuit
377 3039 412 3103 te
426 3027 614 3126 pecuniam
629 3051 745 3101 meam
755 3026 976 3102 committere
989 3027 1217 3117 numulariis,
1225 3037 1260 3103 et
1269 3028 1515 3126 vcuieusergo

291 3143 503 3241 recepissem
520 3142 613 3239 quod
630 3167 750 3216 meum
768 3151 846 3216 erat
863 3167 946 3217 euru
964 3167 1085 3216 usura.
1103 3145 1220 3217 Terra
1238 3142 1353 3238 igitur
1370 3142 1514 3217 fructus

289 3254 422 3353 absque
441 3254 593 3353 pecunia
611 3255 774 3344 comedit,
790 3254 852 3352 qui
870 3254 1114 3331 ecclesiastica
1132 3255 1315 3330 commoda
1336 3255 1380 3329 ad
1404 3275 1513 3330 usum

291 3371 448 3467 corporis
465 3369 627 3467 percipit,
645 3368 704 3443 sed
721 3370 952 3444 exortationis
965 3370 1207 3444 ministerium
1221 3369 1348 3467 populo
1360 3392 1430 3444 nou
1444 3371 1513 3443 im-

291 3485 422 3583 pendit.
441 3483 542 3571 Quod
558 3483 603 3558 ab
619 3483 685 3558 hoc
710 3507 773 3557 uos
795 3493 953 3581 pastores
976 3484 1131 3559 dicimus
1156 3485 1218 3582 qui
1243 3485 1438 3559 adveutum
1464 3485 1516 3561 di-

293 3599 412 3674 stricti
429 3599 560 3673 iudicis
578 3608 848 3696 praecurrentes,
865 3599 1022 3674 officium
1040 3599 1183 3697 quidem
1210 3599 1384 3696 praeconis
1399 3601 1515 3676 susci-

290 3715 419 3810 pimus.
437 3713 506 3788 Sed
523 3712 694 3787 alimenta
712 3712 955 3788 ecclesiastiea
973 3715 1069 3788 mitti
1087 3713 1375 3788 manducamus?
1388 3714 1514 3811 Exigi·

289 3854 371 3902 mus
387 3827 480 3925 quod
498 3837 616 3901 nostro
633 3826 780 3900 debetur
798 3828 946 3925 corpori,
971 3828 1031 3902 sed
1057 3850 1128 3901 uon
1153 3827 1393 3924 impendimus
1417 3827 1513 3924 quod

289 3942 532 4016 subiectorum
549 3940 720 4016 debemus
738 3941 844 4016 cordi.
867 3944 942 4016 Hoc
968 3965 1124 4039 namque
1149 3940 1251 4016 debet
1276 3941 1513 4038 omnipotenti

288 4058 362 4131 Deo
378 4056 494 4131 omnis
510 4057 573 4155 qui
591 4066 718 4153 praeest
735 4056 871 4153 populo,
888 4054 955 4130 hoc
977 4055 1039 4154 qui
1065 4055 1190 4130 multis
1207 4055 1274 4130 hoc
1291 4056 1353 4153 qui
1370 4055 1513 4154 paucio

287 4169 388 4244 ribus
404 4179 531 4266 praeest
548 4178 590 4242 nt
606 4169 659 4243 sic
677 4169 794 4244 debita
812 4170 1013 4245 ministeria
1029 4194 1050 4241 a
1067 4170 1221 4244 subditis
1244 4169 1377 4266 exigat,
1395 4170 1514 4267 quati-

287 4307 357 4356 nus
374 4283 460 4380 quid
476 4283 552 4379 ipse
568 4282 677 4357 etiam
695 4307 837 4383 semper
853 4283 1104 4358 admonitionis
1120 4285 1173 4357 eis
1190 4282 1315 4359 debeat
1331 4282 1512 4358 sollicitus

288 4395 458 4470 attendat.
