3608 5498
925 161 951 215 ‘j'

936 223 954 303 f

935 344 938 349 ,
1196 297 1214 337 n

800 419 859 441 ..-
884 356 930 447 5o'
954 415 994 432 -
1188 362 1192 369 '

297 493 487 608 gesserint
503 492 577 583 non
589 493 710 582 autem
729 505 880 580 ultimus
902 500 953 580 eis
970 499 1073 581 detur
1098 499 1244 580 incussi
1262 507 1305 580 dc
1330 505 1438 595 clero,
1461 503 1520 580 bis

297 649 379 700 vero
396 624 457 723 qui
474 631 638 698 auctores
655 645 726 696 non
739 618 1097 729 sueruntimpietatis
1114 618 1175 694 sed
1193 643 1254 716 per
1267 615 1518 694 necessitatem

295 748 331 813 et
346 738 422 812 vim
439 736 684 824 abstrauntur‚
696 733 832 831 placuit
846 741 892 805 ut
903 732 1010 808 venia
1023 731 1137 821 detur,
1151 741 1187 806 et
1199 727 1354 807 habeant
1366 732 1405 805 in
1422 732 1518 809 clero

294 850 412 927 locum
423 849 576 924 maxime
589 872 672 923 cum
685 846 948 929 excusationem
963 867 1025 942 pro
1042 839 1108 918 sua
1119 841 1248 918 soriam
1260 844 1336 943 (sic)
1346 843 1519 920 dederint.

295 966 428 1040 Sancta
445 962 591 1037 sinodus
608 960 706 1036 dixit.
724 964 827 1036 Patet
845 983 904 1034 eos
920 958 989 1056 qui
1000 968 1164 1034 auctores
1189 981 1259 1032 non
1284 959 1433 1034 t‘u'erunt
1454 958 1519 1033 im-

295 1077 450 1174 pietatis,
475 1099 653 1174 quamque
675 1074 781 1149 tracti
806 1084 842 1148 et
863 1072 938 1145 vim
964 1071 1059 1169 passi
1084 1082 1181 1161 suut,
1206 1071 1316 1169 recipi
1341 1073 1378 1146 in
1403 1096 1519 1149 sacer·

294 1190 440 1265 dotium.
454 1189 622 1264 Prelatus
639 1210 723 1262 vero
740 1187 799 1262 vel
816 1184 997 1283 genitores
1014 1186 1195 1274 hereseon,
1220 1187 1258 1260 in
1280 1186 1517 1262 sacerdotium

295 1327 365 1380 non
382 1303 514 1377 amisit.
530 1306 579 1377 Et
595 1302 699 1376 infra.
717 1301 810 1376 Cum
828 1323 914 1374 veru
931 1306 1096 1396 quereret
1114 1308 1237 1373 utrum
1259 1297 1385 1375 debere
1406 1298 1518 1397 recipi

294 1416 469 1493 ordinatio
484 1440 619 1505 eorum,
636 1414 697 1513 qui
715 1413 760 1487 ab
776 1411 945 1488 hereticis
962 1411 1111 1509 promoti
1128 1422 1224 1487 sunt.
1241 1416 1369 1488 Petrus
1386 1414 1459 1488 Deo
1482 1437 1519 1484 a·

294 1529 435 1604 mabilis
453 1527 753 1626 Archipresbyter
777 1526 896 1602 locum
920 1526 1078 1602 retinens
1103 1526 1320 1602 sanctissimi
1342 1530 1447 1624 Papae
1471 1530 1520 1600 A·

293 1642 409 1717 driani
427 1641 526 1716 dixit.
543 1645 594 1717 Ut
609 1640 713 1715 aiunt
728 1638 996 1737 hystoriograhi
1010 1648 1158 1714 sanctus
1172 1638 1340 1714 Meletius
1356 1639 1402 1714 ab
1415 1639 1517 1713 Aria·

292 1755 350 1829 nis
367 1755 551 1829 ordinatus
568 1764 633 1843 est,
651 1763 686 1828 et
703 1752 865 1828 ascendit
889 1776 996 1851 super
1020 1753 1218 1841 ambonem,
1243 1762 1280 1828 et
1296 1753 1517 1851 predicavit,

293 1868 509 1957 homousion,
525 1868 700 1943 ordinatio
717 1889 801 1942 vero
818 1867 896 1941 eius
921 1889 991 1939 non
1016 1877 1072 1941 est
1093 1866 1287 1964 repudiata.
1313 1867 1518 1943 Theodorus

292 1983 499 2081 Episcopus,
516 1993 552 2058 et
568 1981 629 2080 qui
647 2007 731 2057 cum
746 2005 785 2056 eo
798 1980 963 2078 Episcopi
978 1979 1110 2054 Sicilioe
1123 1979 1301 2056 dixerunt.
1316 1984 1452 2057 Verum
1465 1980 1517 2056 di·

291 2095 345 2170 xit
361 2098 521 2171 Domnus
546 2095 846 2193 Archipresbyter
872 2094 1084 2192 Apostolicae
1108 2095 1296 2171 cathedrae.
1321 2095 1517 2171 Therasius

291 2208 514 2297 patriarcha,
535 2208 634 2282 dixit.
658 2198 871 2282 Anatbolius
896 2208 1030 2305 primas
1054 2218 1188 2284 sancta
1212 2209 1325 2284 sinodi
1352 2211 1517 2287 Calcedo

290 2323 412 2401 nensis
429 2324 511 2413 fuit,
524 2333 560 2397 et
576 2323 622 2397 ab
634 2323 743 2420 impio
755 2322 1118 2400 Dioscoro-ordinatus
1130 2333 1193 2398 est.
1207 2328 1304 2420 Ergo
1321 2325 1516 2423 suscipian-

290 2448 350 2512 tur
367 2438 429 2536 qui
445 2438 490 2511 ab
506 2436 673 2512 hereticis
690 2427 912 2524 ordinantur,
937 2434 1032 2511 sicut
1056 2435 1118 2511 illc
1143 2447 1308 2536 receptus
1324 2444 1406 2514 est?
1423 2442 1515 2515 Item

290 2562 367 2651 post
383 2552 455 2626 alia
471 2551 634 2649 quedam,
651 2552 681 2624 si
700 2550 781 2648 quis
798 2552 916 2626 studio
937 2551 981 2624 ad
1006 2541 1204 2627 hereticum
1230 2552 1314 2627 ierit
1338 2566 1375 2628 et
1396 2579 1518 2630 susce-

290 2667 383 2765 perit
398 2664 667 2754 ordinatiouem‚
685 2665 762 2740 sine
779 2665 980 2764 receptione
998 2655 1074 2740 sit?
1091 2675 1127 2740 et
1144 2666 1249 2764 paulo
1267 2676 1353 2764 post.
1375 2669 1446 2756 Qui
1471 2669 1515 2744 ob

289 2774 493 2870 huiusmodi
509 2803 668 2867 causam,
680 2788 716 2853 et
729 2777 810 2853 fidei
824 2771 1100 2854 destructionem
1116 2789 1202 2853 sunt
1214 2780 1379 2870 ordinati,
1392 2793 1428 2857 et
1442 2807 1515 2856 ma·

288 2891 385 2967 xime
401 2891 432 2965 si
450 2890 614 2989 Episcopi
633 2891 812 2966 orthodoxi
832 2903 1024 2989 praesentes
1045 2893 1194 2969 suerunt
1218 2919 1240 2968 a
1264 2895 1395 2992 quibus
1420 2907 1514 2994 pote·

290 3013 373 3077 rant
393 3007 595 3079 consecrari
612 3028 682 3078 uon
698 3003 930 3101 recipiantur.
944 3005 1004 3081 Sic
1017 3016 1071 3081 est
1084 3006 1179 3082 enim
1194 3021 1364 3104 paternus
1377 3035 1513 3086 sensus.

289 3118 328 3191 Si
345 3141 430 3193 vero
447 3118 618 3216 synodica
636 3116 876 3215 promulgatio
892 3127 928 3193 et
945 3119 1132 3194 concordia
1150 3120 1384 3196 ecclesiarum
1403 3149 1513 3200 causa

288 3229 501 3305 orthodoxiae
518 3232 613 3305 facta
631 3231 751 3319 tuerit,
765 3230 825 3329 qui
841 3234 1105 3331 presumpserit
1120 3234 1165 3308 ab
1177 3235 1344 3310 hereticis
1356 3238 1512 3313 ordinari

288 3345 497 3450 depositioni
514 3345 735 3420 succumbat.

385 3461 517 3533 Sancta
535 3459 694 3559 synodus
710 3460 800 3534 dixit
817 3459 884 3535 hoc
902 3459 1037 3534 iustum
1056 3471 1110 3536 est
1132 3461 1317 3538 iudicium.

814 3689 991 3774 XXXVII.

383 3916 561 4003 Quomodo
577 3925 698 3991 autem
718 3941 851 4014 magna
875 3930 911 3995 et
936 3921 1153 3996 universalis
1177 3922 1249 3997 fuit
1265 3922 1328 3995 illa
1350 3924 1510 4022 synodus

286 4051 393 4126 quam
412 4053 526 4126 neque
545 4041 757 4128 receperunt
774 4032 994 4131 reliquarum
1011 4034 1178 4110 Presules
1192 4034 1436 4127 ecclesiarum,
1450 4036 1512 4114 sed

286 4140 507 4216 anathemati
524 4143 617 4218 hanc
638 4145 926 4220 transmiserunt.
939 4150 1020 4220 Non
1036 4148 1133 4222 enim
1150 4147 1277 4223 habuit
1292 4149 1510 4225 adiutorium
1562 4227 1565 4233 ,

287 4251 385 4327 illius
398 4255 567 4352 temporis
576 4259 815 4332 Romanorum
826 4260 1052 4350 Pontificum,
1062 4261 1120 4335 vel
1135 4263 1269 4360 eosqui
1283 4263 1378 4338 circa
1391 4263 1510 4362 ipsum

286 4375 372 4440 sunt
389 4367 600 4458 sacerdotes,
616 4394 683 4446 nec
700 4371 807 4446 etiam
826 4395 889 4470 per
908 4373 1064 4449 vicarios
1080 4376 1170 4466 eius,
1188 4402 1302 4476 neque
1319 4401 1381 4478 per
1403 4404 1513 4479 ency-

286 4479 392 4555 cliam
418 4481 603 4585 epistolam
630 4507 737 4581 quam
755 4484 800 4560 ad
818 4486 961 4562 modurn
978 4487 1039 4562 lex
1064 4490 1157 4564 diem
1183 4490 1428 4582 conciliorum,
1449 4494 1511 4570 sed
