3608 5498
951 351 1104 414 ..ἐ-

414 478 516 564 Quod
532 474 609 550 haec
632 473 711 549 eius
736 482 891 572 potestas
915 472 959 547 ad
984 466 1098 569 ipsius
1122 471 1268 546 transiit
1292 495 1524 549 successoros.
1549 475 1634 573 Cap.

485 591 687 666 LXXVIII.
703 598 740 664 et
757 588 885 664 CVIII.
902 596 938 662 et
955 587 1067 661 CXV.

414 705 514 795 Quod
532 704 632 778 illins
649 702 791 801 podesa
811 700 973 776 fidelibus
990 700 1166 776 obsculari
1184 699 1323 776 debent.
1341 702 1425 799 Cap.
1444 702 1586 778 CCVII.

414 821 513 908 Quod
531 820 605 917 ipse
619 817 864 891 indubitanter
876 823 1023 890 sanetus
1036 813 1084 887 sit
1096 813 1126 887 si
1140 814 1311 890 canonice
1324 825 1556 891 consecratus
1569 825 1632 891 est.

486 935 571 1031 Cap.
589 933 717 1008 CVIII.
937 1003 942 1014 .

413 1048 514 1136 Quod
530 1073 551 1120 a
567 1046 706 1121 Nicena
724 1044 867 1142 Synodo
883 1043 1089 1118 nominatus
1106 1042 1154 1116 sit
1171 1047 1278 1140 Papa.
1295 1044 1380 1142 Cap.
1398 1048 1441 1116 V.

414 1162 503 1236 Item
521 1158 611 1258 quod
629 1168 712 1232 ante
728 1182 806 1231 eam
826 1164 975 1232 vocatus
992 1155 1038 1231 sit
1056 1161 1152 1255 Papa
1174 1156 1402 1232 universalis.
1420 1159 1504 1256 Cap.
1524 1163 1549 1233 I.
1573 1157 1633 1232 lib.

416 1386 554 1473 Quoda
577 1383 860 1460 Chalcedonensi
878 1383 1000 1458 sinodo
1025 1385 1097 1460 DC.
1118 1387 1236 1458 XXX.
1257 1394 1398 1482 patrum
1421 1382 1637 1459 universalis

486 1501 533 1576 sit
546 1498 755 1598 appellatus.
774 1501 858 1596 Cap.
877 1500 1087 1574 CXLVIIII.

416 1614 516 1703 Quod
525 1612 692 1713 qualitati
703 1611 1129 1711 vitmipsinsrcspondont
1137 1613 1257 1686 omnia
1267 1612 1510 1689 ecclesiastica
1526 1638 1634 1688 mem·

488 1727 562 1801 bra.
581 1728 666 1824 Cap.
683 1727 880 1802 CCXXXI.

416 1841 516 1930 Quod
535 1845 693 1915 Romana
710 1838 862 1915 ccclesia
876 1838 953 1936 isio)
967 1863 1070 1912 nomo
1088 1839 1197 1937 possit
1211 1840 1378 1915 iudicare.
1393 1841 1477 1936 Cap.
1491 1841 1636 1915 LXXV.

487 1963 523 2028 et
540 1955 704 2031 LXXVI.
721 1962 757 2027 et
775 1953 903 2027 CVIII.
920 1962 956 2027 ot
973 1953 1193 2027 CXXVIIII.
1210 1964 1244 2028 et
1263 1954 1442 2029 CCXXV.

415 2069 516 2156 Quod
533 2067 646 2141 maior
670 2066 764 2141 sedis
788 2092 810 2139 a
836 2066 963 2140 minori
988 2090 1058 2141 non
1084 2068 1195 2164 possit
1219 2068 1383 2143 iudicari.
1409 2068 1493 2165 Cap.
1519 2071 1636 2143 XVII.

487 2184 639 2256 XXVII.
673 2181 711 2254 in
728 2180 819 2254 libro
837 2181 922 2255 ΙΙΙΙο
941 2180 1025 2278 Cap.
1042 2182 1196 2253 XXXV.
1213 2190 1248 2254 et
1266 2181 1339 2253 XL.

416 2299 467 2372 De
493 2285 537 2371 eo.
557 2295 619 2393 qui
646 2295 859 2370 indicaverit
884 2299 1080 2368 Romanam
1107 2293 1315 2369 Ecclesiam.
1346 2293 1430 2391 Cap.
1458 2295 1575 2367 XXX.
1600 2304 1636 2368 et

487 2411 707 2486 CXXVIHI.

416 2527 468 2599 De
485 2523 536 2598 eis
553 2522 614 2619 qui
632 2531 757 2597 contra
782 2521 875 2596 beati
903 2519 998 2596 Petri
1016 2520 1134 2595 sedem
1154 2520 1306 2595 iniurias
1332 2520 1525 2617 proferunt.
1551 2520 1635 2618 Cap.

487 2637 694 2711 XXXVIII.

416 2751 516 2838 Quod
533 2749 681 2825 heretici
699 2749 774 2824 sint
791 2749 852 2847 qni
879 2753 1045 2825 Romanae
1070 2750 1241 2827 Ecclesiae
1265 2774 1336 2825 non
1361 2751 1577 2826 concordent
1600 2762 1636 2826 et

487 2864 548 2963 qui
565 2863 643 2939 eius
660 2863 852 2961 privilegia
869 2864 1037 2938 nituntur
1058 2865 1209 2940 auferre.
1236 2864 1404 2962 Capitula
1431 2866 1634 2940 CXXXVI.

491 2978 652 3054 CCXVI.
677 2988 712 3053 et
739 2978 954 3054 CCXXVII.
979 2989 1015 3053 et
1033 2980 1263 3054 CLXXVIII.
1282 2980 1459 3055 CCXIIII.
1477 2980 1636 3057 CCXVI.

488 3093 666 3168 CCXVII.

417 3204 540 3281 Dahis
556 3206 619 3303 qui
635 3204 681 3279 ab
698 3206 896 3281 universali
913 3206 1125 3281 dividuntur
1143 3205 1314 3282 Ecclesia.
1331 3207 1416 3304 Cap.
1434 3209 1573 3283 CXLII.
1600 3218 1636 3287 et

488 3319 646 3394 CXLIII.
662 3329 699 3394 et
716 3321 890 3396 CXLIIII.
907 3331 944 3394 ot
961 3322 1100 3397 CXLV.
1486 3411 1488 3414 Ι

418 3434 517 3521 Quod
531 3458 641 3510 causa
654 3434 804 3508 Romani
818 3434 1001 3509 Pontificis
1015 3435 1078 3509 Dei
1093 3435 1139 3509 sit
1153 3435 1285 3509 iudicio
1299 3433 1537 3532 relinquenda.
1552 3435 1636 3533 Cap.

489 3547 617 3621 CVIII.
634 3556 671 3622 et
687 3545 724 3620 in
743 3548 829 3622 ΙΙΙΙο
846 3547 936 3621 libro
948 3548 1033 3644 Cap.
1050 3552 1195 3624 XLVII.

418 3661 517 3748 Quod
534 3660 785 3758 Episcoporum
804 3661 937 3737 iudicia
955 3662 1129 3737 Dominus
1151 3663 1253 3737 beato
1279 3666 1383 3739 Petro
1407 3663 1634 3739 commiserit.

493 3775 578 3873 Cap.
595 3777 776 3849 LXXIIII.

419 3888 519 3977 Quod
542 3888 608 3963 hoc
626 3888 858 3986 privilegium
885 3890 962 3965 eius
987 3890 1087 3965 sedes
1109 3889 1364 3965 hereditarium
1390 3889 1528 3965 habeat.
1553 3891 1637 3988 Cap.

419 4114 518 4199 Quod
537 4113 767 4204 Patriamhis,
781 4116 999 4191 Primanbus
1014 4116 1071 4192 vel
1084 4117 1370 4193 provincialibus
1384 4116 1568 4215 Episcopis
1580 4142 1637 4193 ac·

490 4229 607 4302 cusati
640 4228 836 4327 coepiscopi
861 4256 1010 4305 eausam
1035 4230 1214 4307 discutere
1243 4255 1314 4305 non
1347 4230 1502 4306 diffinire
1532 4230 1639 4307 liceat

490 4341 559 4415 nisi
579 4342 792 4439 Apostoliooc
810 4344 911 4419 Sedis
924 4344 1148 4422 auctoritato.
1165 4345 1249 4442 Cap.
1263 4346 1360 4418 XVI.
1375 4346 1467 4418 LVI.
1480 4352 1516 4419 et
1529 4347 1637 4420 LVII.

491 4463 528 4528 et
544 4457 670 4531 LVIII.
