3608 5498
951 412 1147 476 -340-

986 648 1119 734 olvfl.

532 884 610 978 Ego
627 881 800 957 Robertus
817 881 881 957 Dei
906 880 1027 978 gratia
1048 891 1084 958 et
1108 883 1225 959 sancti
1243 884 1341 960 Petri
1366 884 1440 959 dux
1456 885 1598 983 Apulia
1622 895 1659 961 et

439 994 624 1087 Calabriae,
637 1005 672 1071 et
687 1005 836 1094 utroque
853 994 1088 1072 subveniente
1105 996 1252 1072 tuturus
1269 997 1412 1087 Siciliae,
1425 999 1470 1074 ab
1486 998 1555 1074 hac
1572 1000 1658 1075 hora

436 1120 473 1185 et
489 1109 655 1209 deinceps
672 1134 731 1186 ero
749 1109 862 1186 fidelis
879 1119 1013 1186 sanctae
1025 1114 1192 1186 Romanae
1205 1111 1374 1187 aecclesiae
1390 1122 1426 1188 ct
1445 1112 1656 1210 Apostolicae

439 1223 534 1314 Sedi,
547 1234 583 1300 et
595 1224 660 1300 tibi
679 1225 829 1300 Domino
847 1250 923 1322 meo
936 1225 1084 1300 Nicolao
1097 1225 1211 1320 Papae.
1224 1226 1267 1298 In
1280 1224 1428 1300 consilio
1439 1226 1498 1301 vel
1513 1226 1550 1299 in
1564 1226 1658 1301 facto

436 1339 531 1414 unde
545 1338 654 1413 vitam
668 1348 733 1412 aut
746 1339 945 1413 membrum
960 1339 1096 1437 perdas,
1109 1336 1167 1410 vel
1181 1347 1307 1435 captus
1321 1340 1371 1413 sis
1384 1338 1478 1412 mala
1493 1340 1657 1437 captione

437 1476 507 1528 non
520 1478 588 1529 ero.
601 1453 870 1551 Consiliumque
879 1454 970 1552 quod
984 1450 1073 1526 mihi
1083 1449 1288 1541 credideris,
1297 1460 1333 1526 ct
1342 1452 1600 1527 contradixeris
1613 1477 1658 1528 uc

437 1565 529 1641 illud
543 1566 859 1656 manifestem,uon
873 1563 1107 1640 manifestabo
1116 1564 1161 1637 ad
1175 1574 1280 1640 tuum
1294 1566 1465 1639 damnum
1480 1592 1536 1641 me
1546 1567 1659 1642 scion-

438 1687 484 1755 te.
496 1682 637 1755 Sanctae
650 1682 817 1754 Romanae
830 1679 1001 1755 acclesiae
1013 1678 1149 1778 tibique
1166 1679 1308 1755 adiutor
1322 1674 1450 1769 ernau
1464 1682 1657 1756 tenendum

438 1791 483 1866 ad
500 1792 759 1892 acquirendum
775 1792 912 1889 regalia
930 1792 1045 1868 sancti
1065 1792 1164 1904 Petri
1183 1793 1330 1892 eiusque
1344 1794 1580 1891 possessiones
1597 1820 1659 1896 pro

438 1927 516 1980 meo
532 1929 632 2004 posse
648 1914 771 1981 contra
788 1929 910 1982 omnes
926 1905 1099 1995 homiues,
1115 1916 1151 1981 et
1175 1906 1351 1982 adiuvabo
1368 1917 1403 1981 tc
1422 1917 1463 1983 ut
1479 1932 1605 1983 secure
1623 1916 1659 1983 et

439 2019 632 2096 honorifice
651 2029 775 2096 teneas
789 2024 963 2119 Papatum
978 2023 1176 2096 Romanum
1197 2031 1402 2120 terramque
1420 2021 1537 2097 sancti
1550 2022 1659 2097 Petri.

439 2135 487 2209 Et
503 2133 726 2236 principatus
742 2159 810 2211 nac
826 2134 996 2210 invadere
1012 2158 1079 2210 uec
1092 2134 1278 2233 acquirere
1292 2159 1460 2233 quaram,
1470 2160 1536 2211 nea
1549 2136 1657 2211 etiam
1741 2170 1747 2180 ·

438 2245 638 2344 depredare
667 2272 890 2345 praesumam,
912 2247 1045 2346 absque
1073 2256 1137 2322 tua
1166 2256 1382 2344 tuorumque
1411 2270 1658 2323 successorum

439 2361 501 2458 qui
518 2360 563 2435 ad
580 2361 748 2437 honorem
775 2361 891 2437 sancti
910 2362 1007 2436 Petri
1033 2360 1224 2435 intraverit
1241 2369 1339 2436 certa
1356 2360 1514 2450 licentia,
1531 2371 1659 2459 prater

442 2472 543 2546 illam
562 2497 669 2572 quam
686 2484 726 2548 tu
745 2474 833 2548 mihi
851 2475 1034 2564 concedes,
1047 2472 1106 2547 vel
1124 2472 1180 2546 tui
1197 2473 1401 2549 concessuri
1420 2483 1505 2547 suut
1521 2498 1661 2550 succes·

439 2609 545 2661 sores.
562 2587 776 2663 Pensiouem
802 2587 844 2663 de
870 2597 965 2664 terra
991 2586 1107 2662 sancti
1130 2587 1227 2661 Petri
1253 2611 1360 2684 quam
1387 2609 1454 2682 ego
1478 2597 1581 2662 teneo
1597 2597 1662 2662 aut

439 2700 576 2788 tenebo,
593 2700 689 2776 sicut
714 2710 892 2776 statutum
910 2711 965 2777 est
982 2712 1080 2776 recta
1098 2701 1166 2776 fide
1184 2700 1332 2775 studebo
1350 2700 1507 2775 utillum
1526 2726 1661 2776 annua-

439 2813 523 2890 liter
541 2825 666 2889 sancta
680 2817 837 2890 Romana
854 2814 982 2890 habeat
994 2814 1167 2890 Ecclesia.
1183 2816 1317 2889 Omnes
1334 2837 1472 2913 quoque
1491 2815 1661 2891 ecclesias

439 2951 519 3025 quae
537 2927 574 3001 in
592 2951 634 3002 aa
651 2927 849 3028 persistunt
865 2927 1114 3015 dominatione,
1131 2951 1215 3001 cum
1240 2951 1364 3001 aarum
1384 2927 1661 3024 possessionibus

439 3042 617 3117 dimittam
635 3041 672 3115 iu
690 3051 790 3116 tuam
808 3051 1030 3139 potestatem,
1043 3050 1079 3116 et
1095 3039 1259 3114 defensor
1275 3063 1335 3115 cro
1352 3039 1498 3114 illarum
1516 3041 1561 3115 ad
1578 3041 1662 3116 fide-

440 3156 576 3231 litatem
597 3158 738 3230 Sanctae
754 3159 922 3231 Romanae
938 3154 1121 3243 Ecclesiae,
1138 3163 1174 3228 et
1190 3154 1281 3227 nulli
1300 3153 1422 3228 iurabo
1440 3153 1660 3243 fidelitatem,

440 3268 511 3342 uisi
528 3269 629 3343 salva
648 3268 819 3343 fidelitate
833 3272 975 3345 Sanotae
988 3271 1156 3344 Romanae
1168 3267 1350 3343 Ecclesiae.
1364 3270 1410 3341 Et
1423 3267 1517 3356 situ,
1530 3267 1589 3342 vel
1603 3268 1658 3342 tui

440 3403 663 3457 successores
680 3390 762 3455 ante
777 3407 833 3455 me
846 3405 890 3456 ex
901 3379 971 3456 hac
988 3381 1064 3455 vita
1078 3378 1335 3477 migraveritis,
1352 3379 1550 3455 secundum
1568 3381 1659 3478 quod

442 3494 600 3569 monitus
612 3494 712 3569 luero
729 3519 749 3566 a
769 3493 975 3568 melioribus
989 3492 1251 3582 cardinalibus,
1268 3492 1411 3568 clericis
1428 3494 1607 3583 Romanis,
1624 3504 1660 3568 et

441 3607 554 3695 laicis,
579 3607 755 3683 adiuvabo
772 3617 814 3682 ut
838 3611 936 3705 Papa
952 3606 1122 3704 eligutur,
1139 3615 1176 3682 et
1191 3604 1400 3680 hordinetur
1424 3605 1469 3679 ad
1490 3605 1658 3680 honorem

442 3721 559 3796 sancti
577 3721 686 3796 Petri.
700 3723 787 3795 Haec
799 3721 919 3794 omnia
931 3719 1176 3817 suprascripta
1188 3718 1378 3795 observabo
1390 3728 1523 3795 sauctae
1537 3721 1660 3794 Roma·

441 3859 497 3908 ure
509 3833 678 3909 aecclesia
690 3842 727 3908 et
742 3833 808 3908 tibi
824 3858 908 3909 cnm
924 3843 1023 3908 recta
1034 3832 1114 3922 fide,
1131 3841 1166 3906 et
1179 3830 1273 3906 hauc
1285 3830 1455 3906 fidelitate
1468 3831 1660 3909 observabo

442 3945 517 4020 tuis
534 3944 864 4035 successoribus,ad
877 3945 1045 4020 honorem
1058 3946 1174 4021 sancti
1186 3945 1282 4021 Petri
1299 3944 1482 4036 ordinatis,
1495 3943 1556 4042 qui
1570 3944 1659 4018 mihi

444 4058 668 4134 firmaverint
692 4057 946 4133 investituram
971 4083 993 4131 a
1016 4067 1052 4132 te
1076 4058 1166 4132 mihi
1192 4082 1407 4135 concessam.
1425 4058 1463 4132 Si
1489 4082 1546 4132 me
1563 4059 1661 4132 Deus

442 4170 590 4247 adiuvet
605 4182 641 4247 et
658 4171 735 4248 haec
752 4183 878 4248 sancta
895 4170 1095 4268 evangelia.
