3608 5498
809 397 1006 461 -425-

290 516 455 592 chacium
467 515 899 615 consunrinopolitanum
914 516 976 615 qui
989 518 1022 592 11
1037 517 1360 596 communicabant.
1369 518 1450 595 Ideo
1462 523 1514 595 11⁰

290 630 389 704 misit
406 629 609 704 Eunodium
626 643 661 705 et
677 631 914 727 Peregrinum
935 631 1123 729 Episcopus
1141 643 1324 730 portantes
1346 633 1514 733 epistolas

289 745 523 820 confortarias
540 746 619 821 fidei
634 749 777 820 XVIIII
791 756 827 820 et
840 752 978 819 textum
992 742 1117 832 libelli,
1130 744 1168 818 in
1182 769 1251 844 quo
1265 745 1384 821 libello
1398 745 1513 821 noluit
1541 765 1548 778 ·

289 858 489 933 consentire
509 859 722 934 Anastasius
740 866 942 954 Augustus,
959 858 1020 955 qui
1037 868 1074 932 et
1098 860 1174 957 ipsc
1199 860 1237 934 in
1257 858 1513 935 Euthiciauam

290 971 442 1047 heresim
456 974 657 1049 communis
675 983 765 1062 erat,
781 972 967 1069 voluitque
984 973 1122 1049 eosdem
1144 974 1283 1071 legatos
1308 998 1370 1074 per
1394 998 1512 1048 remu·

290 1086 510 1163 serationem
528 1111 766 1185 corrumpere.
779 1086 850 1175 Qui
867 1097 1070 1186 contempto
1083 1088 1203 1164 eodem
1219 1095 1387 1184 Augusto
1399 1087 1514 1162 nulla·

291 1210 396 1276 tenus
409 1212 667 1276 consenserunt
682 1202 845 1299 accipere
863 1200 1065 1298 pecuniam,
1079 1200 1150 1276 nisi
1163 1200 1405 1277 satisfactione
1423 1207 1514 1298 Apo·

289 1314 423 1390 stolicae
441 1314 552 1389 Sedis.
569 1318 615 1389 Ilt
632 1301 736 1389 infra.
754 1319 887 1390 Furore
910 1313 1066 1409 repletus
1084 1314 1301 1389 Anastasius
1320 1319 1512 1410 Augustus

290 1436 412 1532 eontra
426 1430 558 1526 Papam
578 1427 815 1518 Hormisdam,
832 1427 1013 1507 lateralia
1030 1454 1133 1505 sacra
1145 1454 1211 1503 sua
1223 1428 1288 1504 hoc
1302 1427 1445 1526 scripsit
1462 1427 1513 1501 di-

290 1566 384 1616 cens.
402 1545 475 1616 Nos
493 1541 614 1617 iubere
633 1542 810 1634 volumus,
828 1569 896 1620 111
923 1545 1023 1621 nobis
1047 1541 1172 1617 iuberi.
1199 1541 1328 1616 Eodem
1353 1549 1512 1637 tempore

292 1664 386 1728 nutu
403 1655 604 1730 divinitatis
623 1681 814 1754 percussus
830 1669 885 1734 est
901 1658 1053 1735 fulmine
1077 1656 1269 1754 imperator
1288 1654 1509 1728 Anastasius.

296 1768 363 1842 His
378 1769 596 1866 temporibus
613 1770 837 1871 episcopatus
854 1773 892 1846 in
911 1773 1035 1847 Africa
1052 1781 1130 1867 post
1147 1791 1258 1843 anuos
1272 1770 1443 1842 LXXIIII
1460 1792 1513 1843 re·

290 1892 442 1958 vocatus
458 1894 524 1971 est,
540 1882 602 1981 qui
621 1883 666 1958 ab
683 1884 852 1961 hereticis
869 1886 987 1960 fuerat
1002 1881 1273 1960 exterminatus.

761 2032 766 2038 ’
870 2052 938 2136 cx.

386 2221 564 2297 lohannes
577 2221 715 2320 primus
728 2224 873 2301 natione
883 2229 1033 2312 Tuscus,
1042 2221 1147 2297 cuius
1160 2220 1378 2317 temporibus
1386 2219 1511 2295 beatus

290 2333 425 2409 effulsit
446 2334 675 2424 Benedictus,
691 2337 846 2433 perrexit
864 2335 1218 2432 Constantinopolim,
1234 2334 1294 2410 cui
1316 2335 1511 2410 occurrite

290 2451 376 2523 ΧΙΙο
395 2449 548 2525 miliar-Io
565 2449 682 2524 omnis
698 2451 830 2525 civitas
847 2477 931 2527 cum
949 2451 1064 2528 cereis
1088 2459 1125 2526 et
1149 2448 1317 2525 crucibus
1342 2448 1380 2522 in
1404 2449 1512 2523 hono·

291 2589 364 2639 rem
382 2564 564 2640 beatorum
584 2566 832 2664 Apostolorum
852 2565 948 2642 Petri
966 2577 1002 2641 et
1015 2562 1130 2638 Pauli.
1143 2566 1245 2637 Tunc
1262 2562 1424 2636 Iustinus
1439 2567 1512 2635 Au·

290 2687 422 2772 gustus
439 2678 527 2752 daus
544 2678 709 2753 honorem
738 2683 819 2769 Dec,
835 2679 1042 2754 humiliavit
1066 2704 1104 2754 sc
1130 2701 1263 2778 pronus
1287 2688 1323 2753 et
1348 2677 1511 2752 adoravit

290 2790 537 2865 beatissimum
557 2792 749 2868 Iohannem
768 2796 899 2891 Papam
919 2820 1003 2870 cum
1020 2793 1154 2889 gaudio
1173 2815 1315 2887 magno,
1340 2791 1425 2890 qnia
1442 2816 1513 2865 me·

291 2903 363 2978 ruit
380 2906 597 3003 temporibus
614 2906 690 2981 suis
709 2907 895 2982 Vicarium
914 2907 1008 2982 beati
1035 2905 1131 2981 Petri
1152 2903 1309 3002 Apostoli
1333 2904 1454 2979 videre
1472 2903 1511 2977 in

291 3040 403 3114 regno
420 3041 495 3105 suo,
514 3019 557 3095 de
574 3019 679 3096 cuius
698 3021 863 3096 manibus
880 3046 963 3096 cum
982 3019 1099 3116 gloria
1115 3028 1306 3094 coronatus
1323 3027 1387 3092 est.
1422 3051 1425 3057 ·

859 3186 945 3270 (llll.

387 3358 566 3455 Agapitus
587 3359 731 3434 natione
757 3362 938 3434 Romanus
961 3359 1149 3454 ingressus
1169 3356 1512 3454 Constantinopolim

291 3484 478 3569 susceptus
491 3482 545 3547 est
558 3497 639 3547 cum
654 3471 779 3568 gloria.
794 3477 840 3562 Et
853 3472 950 3570 cepit
962 3470 1228 3546 altercationem
1245 3470 1375 3546 habere
1388 3469 1430 3543 de
1444 3469 1513 3544 fide

291 3611 375 3660 cum
390 3585 589 3660 Iustiniana
599 3591 765 3682 Augusto
777 3588 961 3660 affirmans
974 3585 1063 3659 duas
1077 3594 1224 3658 naturas
1237 3583 1274 3658 in
1288 3583 1440 3659 Domino
1453 3605 1513 3656 1ο-

292 3710 365 3774 stro
378 3698 484 3773 lhesu
499 3698 633 3775 Christi
652 3699 1421 3795 111111111111111111.Ουί11111Α13111111.
1435 3704 1512 3773 Aut

292 3812 472 3888 consentis
490 3812 600 3903 nobis,
616 3822 681 3887 aut
696 3813 802 3889 exilio
820 3825 855 3890 te
872 3814 1048 3912 deportari
1067 3814 1207 3889 faciam.
1225 3819 1328 3890 Tunc
1351 3813 1513 3889 beatissi-

292 3954 373 4003 mus
391 3931 586 4024 Papacum
603 3927 737 4024 gaudio
753 3928 843 4002 dixit
858 3929 903 4003 ud
920 3954 1014 4004 eum.
1028 3932 1106 4025 Ego
1123 3929 1264 4027 quidem
1279 3938 1442 4027 peccator
1454 3931 1513 4002 lu·

291 4040 486 4114 stinianum
501 4039 842 4115 christianissimum
857 4041 1106 4140 imperatorem
1122 4042 1288 4118 iuvenire
1301 4041 1512 4132 desideravi,

291 4180 388 4230 nuuc
405 4164 524 4229 autem
544 4152 808 4229 Diocletianum
827 4154 963 4231 inveni.
981 4159 1115 4231 Tamen
1130 4157 1246 4231 minas
1259 4166 1341 4230 tuas
1354 4180 1422 4231 nou
1437 4181 1513 4255 per-

290 4269 1150 4367 timescoTuncoxpraeccptoAugusti,acoersito
1161 4271 1332 4370 Episcopo
1341 4271 1513 4346 Constan-

290 4381 521 4479 tinopolitano
544 4383 686 4458 nomine
713 4382 884 4457 Anthimo
908 4395 944 4458 et
968 4384 1188 4459 discussione
1214 4384 1403 4484 patefacta,
1422 4410 1513 4458 nun·

291 4520 396 4596 quam
412 4495 526 4572 voluit
538 4496 699 4574 confiteri
713 4496 801 4575 duas
816 4506 964 4576 naturas
978 4497 1016 4575 iu
1031 4521 1102 4573 uuo
1115 4497 1265 4576 Domino
1278 4507 1396 4573 nostro
1406 4498 1513 4576 lhesu
