3608 5498
809 408 941 472 -ros
966 441 1008 499 .-

297 528 364 605 hoc
381 536 437 604 est
454 550 595 605 remove
613 526 671 604 vel
687 527 809 626 aliquo
832 527 950 624 gradu
974 527 1129 617 honoris,
1149 528 1248 605 vela
1272 527 1522 609 communione

295 651 614 718 sacramentorum.
631 639 734 717 Alias
751 665 845 717 vero.
859 641 897 716 Si
911 642 1022 716 frater
1034 651 1089 716 est
1102 664 1214 718 mone.
1228 641 1266 715 si
1281 664 1368 715 uxor
1380 651 1435 718 est
1447 667 1522 718 ror·

296 753 385 850 rige.
404 754 443 827 si
460 753 645 829 subiectus
661 764 716 830 est
732 754 882 851 castiga.
898 753 999 842 Quod
1016 762 1115 851 potes
1139 753 1207 828 tao.
1232 755 1281 828 Et
1297 753 1374 830 hrec
1398 755 1521 831 omnia

296 892 379 943 cnm
397 865 587 943 dilectione
603 865 818 963 corrigendi,
831 890 902 942 non
917 892 1002 943 cum
1019 866 1097 942 odio
1110 867 1353 966 persequendi.
1366 867 1463 944 Idem
1476 869 1520 945 de

296 980 513 1056 correctione
529 990 566 1055 et
581 980 711 1076 grstia.
728 981 767 1054 Si
784 979 976 1079 aliquando
993 979 1120 1055 timore
1137 1002 1207 1054 non
1233 978 1457 1077 corripimus,
1474 1003 1519 1059 ne

294 1093 427 1193 aliquis
444 1093 525 1168 iude
543 1102 675 1191 pereat,
692 1117 758 1168 cur
775 1115 845 1168 uon
862 1094 971 1169 etium
990 1093 1153 1169 timorem
1166 1092 1380 1192 corripimus
1396 1118 1441 1170 ne
1455 1094 1520 1168 ali·
1608 1087 1612 1092 ’

297 1207 379 1307 quis
396 1207 480 1282 inde
497 1205 579 1304 plus
596 1215 727 1304 pereat,
743 1231 859 1305 neque
875 1208 971 1284 enirn
993 1206 1195 1282 dilectionis
1220 1207 1360 1282 viscera
1386 1207 1519 1283 maiora

297 1331 495 1418 gestamus,
504 1320 589 1419 quia
602 1320 727 1395 beatus
737 1320 928 1419 Apostolus
939 1321 1038 1397 dicit.
1051 1320 1228 1418 Corripite
1242 1319 1430 1418 inquietos,
1438 1343 1520 1397 con·

296 1434 462 1511 solumini
478 1434 738 1532 pusillanimes,
755 1435 926 1533 suscipite
944 1435 1133 1534 inquietos,
1146 1434 1323 1532 patientes
1345 1443 1457 1511 estote
1473 1437 1519 1511 ad

295 1572 419 1623 omues
431 1546 549 1624 videte
562 1571 607 1623 ne
619 1546 701 1645 quis
713 1546 849 1621 mulum
864 1571 925 1645 pro
939 1549 1032 1624 malo
1045 1549 1156 1643 alicui
1167 1548 1301 1626 reddat.
1310 1552 1412 1626 Tunc
1421 1551 1518 1626 enim

295 1661 412 1760 potius
426 1660 561 1735 malum
579 1683 642 1758 pro
659 1659 752 1736 malo
769 1661 961 1750 reddimus,
978 1662 1009 1737 si
1026 1661 1272 1760 corripiendus
1285 1685 1355 1737 non
1372 1663 1518 1764 corripi·

297 1786 368 1864 tur,
376 1775 437 1850 sed
447 1799 557 1873 prava
570 1774 855 1852 dissimulatione
868 1774 1090 1873 neglegitur.
1099 1774 1311 1850 Dicitonim.
1321 1777 1517 1851 Peccantes

294 1913 413 1966 coram
431 1887 597 1963 omnibus
613 1912 738 1985 argue,
755 1899 797 1965 ut
813 1894 921 1966 ceteri
942 1898 1078 1964 metum
1100 1887 1265 1963 habeant.
1283 1888 1383 1976 Quod
1400 1889 1442 1964 de
1459 1889 1518 1964 his

292 2001 539 2100 accipiendum
553 2003 677 2100 estqui
690 2025 760 2076 non
770 2001 894 2078 latent.
903 2005 951 2076 Et
960 2002 1135 2076 Dominus
1147 2001 1190 2076 de
1204 2024 1274 2075 non
1287 2001 1432 2099 penitus
1445 2028 1519 2076 ma·

292 2115 435 2189 nifestis
448 2113 614 2211 peccatis.
629 2114 667 2186 Si
681 2115 884 2212 peccaverit
897 2111 981 2192 inte
994 2117 1105 2191 frater
1118 2125 1204 2189 tuns
1215 2115 1350 2216 corripe
1367 2140 1448 2191 eum
1463 2116 1517 2190 in·

291 2238 346 2304 ter
359 2240 393 2304 te
411 2240 447 2304 et
464 2228 581 2324 ipsum
598 2225 726 2302 solum.
746 2232 1024 2325 verumptamen
1037 2239 1073 2306 et
1086 2229 1161 2326 ipse
1175 2227 1403 2304 severitatem
1416 2253 1516 2306 eous·

293 2367 363 2441 que
380 2341 547 2439 perduxit
563 2341 806 2439 correptionis,
822 2350 863 2416 ut
879 2342 1022 2418 diceret.
1040 2341 1079 2414 Si
1100 2341 1292 2417 secundam
1310 2364 1381 2415 non
1394 2343 1515 2419 audie·

291 2459 339 2533 rit
355 2457 402 2531 sit
419 2455 482 2530 tibi
501 2456 596 2531 sicut
620 2457 761 2532 etnicus
778 2466 814 2531 et
838 2455 1061 2554 publicanus.
1080 2459 1125 2544 lit
1141 2452 1223 2552 quis
1244 2453 1363 2551 magis
1387 2455 1514 2531 dilexit

291 2571 451 2644 infirmos
467 2594 574 2668 quarn
592 2569 653 2644 ille
671 2570 733 2667 qui
751 2592 813 2665 pro
829 2568 994 2644 omnibus
1010 2567 1129 2644 factus
1146 2579 1200 2644 est
1217 2569 1393 2660 infirmus,
1409 2579 1514 2646 otest

292 2685 497 2760 crucifixus.
515 2686 602 2771 Quae
614 2709 699 2760 cum
712 2682 763 2757 ita
776 2683 849 2758 sint
861 2707 927 2758 nec
936 2682 1056 2778 gratia
1070 2681 1231 2782 prohibet
1243 2683 1513 2781 correptionem,

292 2822 359 2872 nec
372 2795 546 2893 correptio
558 2795 725 2892 gratiam.
738 2796 960 2872 Omniuvero
972 2796 1049 2872 haec
1062 2821 1146 2871 cum
1159 2796 1310 2873 caritate
1324 2799 1514 2897 fiantque

291 2912 390 2986 niam
408 2911 541 2987 caritas
554 2921 739 3011 peccatum
755 2934 826 2986 non
844 2910 942 3002 facit,
955 2912 1017 2986 sed
1032 2912 1156 3010 operit.

307 3102 353 3153 De
373 3099 585 3153 sacramentis
602 3099 1012 3165 melorumeotholtoorum
1031 3099 1088 3166 qui
1108 3099 1185 3152 sunt
1204 3098 1290 3151 int-s
1309 3100 1493 3153 ecclesium.

383 3255 480 3332 Idem
497 3280 604 3356 super
620 3254 823 3330 Iohannem.
840 3254 1003 3353 Baptizet
1019 3277 1147 3329 servus
1163 3253 1278 3329 bonus
1293 3252 1371 3328 sive
1384 3276 1512 3331 servus

290 3369 416 3443 malus.
433 3368 579 3444 Nesciat
591 3392 629 3443 se
646 3367 707 3443 ille
723 3367 785 3466 qui
802 3367 1015 3465 baptizatur,
1032 3367 1217 3466 baptizari,
1228 3366 1300 3441 nisi
1312 3366 1384 3442 hab
1395 3390 1436 3443 eo
1448 3368 1511 3467 qui

289 3483 357 3558 sibi
375 3483 493 3559 tenuit
512 3481 716 3580 baptizandi
743 3492 961 3581 potestatem.
979 3486 1027 3557 Et
1050 3481 1155 3583 paulo
1179 3491 1266 3581 post.
1289 3485 1369 3558 Non
1393 3491 1512 3559 orreat

288 3596 452 3672 columba
473 3596 713 3672 ministerium
733 3594 919 3686 melorum,
937 3596 1104 3695 respiciat
1122 3595 1262 3684 Domini
1289 3604 1510 3694 potestatem.

290 3709 383 3798 Quid
405 3709 470 3785 tibi
488 3710 576 3786 lacit
603 3709 718 3784 malus
743 3709 907 3785 minister
931 3710 993 3785 ubi
1018 3721 1072 3786 est
1090 3711 1291 3786 Dominus?
1314 3713 1395 3785 Non
1419 3710 1512 3786 deci·

289 3824 389 3921 piant
418 3835 452 3901 te
482 3825 693 3900 seductores.
719 3828 885 3921 Agnosce
910 3825 997 3925 qnid
1020 3826 1140 3902 docuit
1169 3823 1344 3914 columba,
1368 3824 1428 3901 hic
1456 3835 1511 3902 est
1580 3859 1585 3868 ’

288 3939 351 4037 qui
371 3938 587 4038 baptizatio
608 3938 745 4036 Spiritu
769 3948 902 4015 sancto.
928 3943 974 4014 Et
998 3938 1103 4014 infra.
1128 3938 1226 4015 Dicit
1250 3940 1415 4015 seductor
1438 3962 1510 4014 non

287 4051 423 4126 habens
440 4052 665 4151 baptismum.
683 4052 802 4128 Malus
818 4053 882 4129 tibi
900 4052 1006 4128 dedit.
1031 4052 1194 4127 Traditur
1211 4052 1331 4128 neseio
1355 4053 1437 4151 quis
1453 4053 1511 4128 do·

289 4165 351 4240 dit.
369 4168 420 4240 De
444 4165 588 4240 officiali
612 4153 772 4265 inquam
784 4190 856 4242 non
880 4168 1032 4266 despot0,
1048 4167 1200 4243 iudicem
1224 4166 1376 4243 attendo.
1394 4171 1511 4265 Egoa

290 4278 435 4356 Christo
451 4279 652 4379 baptizatus
669 4307 761 4356 sum.
773 4285 853 4356 Non
871 4279 1006 4379 inquid.
1022 4280 1091 4357 Sed
1109 4280 1170 4356 ille
1188 4282 1383 4379 Episcopus
1400 4291 1434 4356 te
1452 4280 1512 4356 bu·

291 4396 451 4493 ptizavit,
476 4405 512 4470 et
537 4395 598 4470 ille
623 4395 819 4494 Episcopus
843 4405 879 4471 te
896 4394 1186 4471 communicavit.
1212 4399 1290 4492 Ego
1314 4396 1462 4495 inquam
1488 4421 1510 4469 a

289 4508 433 4587 Christo
449 4508 651 4610 baptizatus
667 4533 761 4602 sum,
784 4532 854 4608 ego
873 4509 970 4602 novi,
994 4509 1116 4587 docuit
1136 4536 1193 4588 me
1216 4511 1381 4589 columba
1401 4536 1510 4614 quarn
