3608 5498
795 398 990 462 -158-

804 646 984 732 ooxxvl.

380 885 561 962 Possidius
578 885 774 983 Episcopus
798 882 836 955 in
861 880 936 955 vita
962 879 1078 955 sancti
1101 879 1309 976 Augustini.
1334 883 1376 954 Iu
1403 880 1509 956 Cesa-

285 1001 393 1079 riensi
419 999 646 1077 Mauritaniae
670 997 818 1074 civitate
842 994 1060 1070 constitutus
1085 994 1300 1069 venerabilis
1326 994 1505 1071 memoriae

287 1114 517 1212 Augustinus
535 1113 743 1210 Episcopus,
756 1132 825 1209 quo
838 1133 920 1183 eum
939 1108 1062 1184 venire
1079 1134 1162 1186 cum
1188 1108 1269 1183 aliis
1293 1109 1371 1184 cius
1395 1108 1510 1208 coepi-

286 1228 401 1326 scopis
419 1227 521 1303 Sedis
539 1224 750 1324 Apostolicae
767 1223 898 1298 litterae
914 1222 1175 1321 compulerunt,
1193 1223 1236 1296 ob
1261 1223 1507 1298 terminandas

285 1343 456 1418 videlicet
481 1340 572 1415 alias
597 1338 758 1416 ecclesia
775 1337 1019 1426 necessitates,
1044 1336 1244 1412 Emeritum
1263 1337 1423 1412 eiusdem
1440 1336 1508 1410 loci

287 1457 509 1531 Donatistam
525 1454 864 1552 Episcopumquem
879 1475 953 1525 suae
967 1461 1072 1526 sectae
1085 1450 1294 1548 precipuum
1312 1451 1351 1523 in
1364 1450 1427 1524 illa
1440 1448 1510 1525 col-

286 1571 419 1644 latione
443 1568 618 1643 habuerat
634 1566 853 1642 defensorem
880 1565 980 1654 vidit,
998 1574 1134 1641 etcum
1160 1565 1281 1640 eodem
1307 1564 1449 1665 publice
1471 1565 1509 1638 in
1650 1592 1654 1599 ·

287 1683 437 1758 ecclesia
455 1680 595 1779 proprio
607 1688 746 1755 astante
760 1679 910 1754 diversa
922 1678 1182 1753 communionis
1192 1679 1390 1777 disputavit
1402 1687 1439 1753 et
1451 1703 1511 1752 su·

285 1794 435 1893 peravit.
451 1795 548 1869 Idem
566 1794 605 1866 in
619 1794 752 1868 eadem.
766 1791 1021 1888 Pelagianistae
1034 1792 1182 1868 heretici
1198 1792 1410 1890 Apostolioae
1426 1792 1522 1866 Sedix

289 1934 392 1982 suam
410 1908 592 2006 perfidiam
610 1907 822 2005 persuadere
839 1906 1069 1982 conabantur.
1087 1907 1156 1981 Sed
1173 1915 1209 1981 et
1226 1906 1398 1982 Conoiliis
1416 1904 1512 1980 Afri·

286 2023 601 2099 canissauctorum
612 2021 864 2119 Episcoporum
875 2030 1020 2115 gestum
1030 2029 1147 2109 estut
1159 2029 1283 2095 sancto
1296 2019 1511 2118 PapaeUrbi,

288 2147 323 2213 et
333 2137 430 2237 prius
441 2136 635 2212 venerabili
648 2136 865 2223 Innocentio,
879 2144 915 2209 et
926 2144 1046 2230 postea
1060 2143 1184 2208 sancto
1193 2132 1329 2206 Zosimo
1338 2132 1416 2207 eius
1430 2156 1511 2207 suo·

286 2252 418 2330 oessori
435 2252 720 2350 persuaderetur,
737 2275 843 2349 quam
858 2247 920 2322 illa
934 2259 1031 2324 secta
1048 2249 1150 2323 afide
1163 2248 1338 2325 catholica
1355 2247 1512 2323 abhomi-

287 2367 405 2440 nanda
424 2376 460 2442 et
475 2366 676 2440 damnanda
693 2365 832 2440 fuisset.
851 2369 898 2437 At
915 2362 969 2435 illi
995 2372 1093 2437 tante
1119 2363 1211 2438 sedis
1227 2362 1408 2437 antistites
1433 2361 1510 2435 suis

288 2480 441 2555 diversis
453 2480 670 2578 temporibus
682 2480 821 2555 eosdem
835 2485 999 2555 notantes
1013 2486 1119 2575 atque
1133 2501 1154 2549 a
1169 2476 1337 2551 membris
1349 2475 1511 2552 ecclesia

289 2592 532 2690 precidentes,
548 2592 641 2666 datis
659 2591 789 2666 litteris
802 2601 839 2665 et
856 2590 1039 2667 Africanis
1052 2601 1089 2666 et
1103 2590 1296 2667 occidentis
1313 2601 1349 2666 et
1365 2589 1513 2666 orientis

184 2777 186 2780 .
287 2703 873 2781 ecolesiaecosanathematizaudos
886 2714 923 2779 et
937 2704 1100 2779 vitandos
1113 2705 1157 2780 ab
1170 2704 1335 2780 omuibus
1348 2704 1512 2780 ecclesiis

288 2828 516 2895 censuerunt.
534 2822 581 2893 Et
597 2817 669 2893 tale
685 2819 728 2894 de
745 2818 819 2893 illis
836 2817 1007 2894 Ecolesiae
1031 2819 1097 2894 Dei
1115 2819 1310 2895 catholica
1331 2817 1509 2917 prolatum

291 2932 467 3007 iudicium
485 2933 594 3007 etiam
611 2932 795 3030 piissimus
813 2935 1010 3031 Imperator
1024 2933 1202 3007 Honorius
1219 2932 1368 3006 audiens
1381 2930 1447 3007 hoc
1459 2957 1513 3006 se·

289 3070 414 3144 quens,
434 3045 511 3121 suis
524 3068 583 3120 eos
596 3045 737 3143 legibus
754 3046 974 3144 dampnatos,
987 3049 1081 3123 iuter
1093 3047 1269 3123 hereticos
1285 3046 1415 3122 habere
1431 3069 1514 3122 oon-

293 3159 422 3234 stituit.

803 3388 1002 3473 ooxxvll.

388 3605 624 3678 Hraaouruvs
651 3605 690 3678 in
707 3604 855 3702 epistola
872 3605 914 3680 de
931 3604 1048 3679 tribus
1063 3605 1306 3703 hypostaseos.
1323 3609 1432 3681 Beato
1449 3609 1514 3679 Pa·

291 3740 344 3814 pae
361 3717 512 3790 Damaso
530 3715 775 3814 Hieronymus
792 3717 886 3791 inter
898 3727 1025 3793 cetera.
1040 3719 1133 3793 Cum
1146 3743 1349 3795 successore
1362 3719 1512 3817 piscato

292 3828 342 3903 ris
358 3840 395 3903 et
410 3827 585 3926 discipulo
603 3829 732 3904 Crucis
748 3829 880 3927 loquor.
898 3834 977 3928 Ego
993 3830 1136 3905 nullum
1153 3832 1309 3929 primum
1324 3832 1396 3906 nisi
1409 3830 1514 3907 chri-

291 3952 388 4017 stum
401 3966 563 4042 sequens,
575 3942 788 4018 beatitudini
801 3953 884 4032 tuae,
896 3943 987 4019 idest
1000 3944 1177 4020 cathedrae
1192 3947 1287 4029 Petri
1298 3945 1514 4020 communio·

291 4081 337 4131 nc
354 4057 545 4132 consocior.
562 4059 677 4155 Super
694 4056 794 4131 illam
811 4067 948 4155 petram
962 4056 1188 4133 hedificatam
1202 4058 1416 4135 AEcolcsiam
1431 4056 1513 4133 scio.

292 4170 518 4268 Quicumque
536 4180 635 4245 extra
652 4170 747 4247 hanc
768 4172 912 4246 domum
939 4177 1086 4268 Agnum
1113 4173 1316 4261 comederit,
1342 4172 1514 4271 profanus

291 4291 354 4356 est.
373 4282 412 4354 Si
429 4282 510 4380 quis
533 4283 572 4356 in
589 4308 629 4358 ea
647 4309 732 4359 arca
749 4307 820 4358 uon
838 4284 959 4374 fuerit,
976 4284 1069 4382 perit
1094 4296 1269 4381 regnante
1295 4286 1442 4362 diluvio.
1468 4288 1515 4359 Et
1553 4306 1565 4321 ⁸

292 4393 398 4467 infra.
415 4394 641 4493 Quicumque
660 4405 780 4471 tecum
794 4419 865 4471 non
878 4397 1030 4494 colligit,
1039 4399 1180 4495 spargit
1192 4398 1258 4474 hoc
1272 4409 1326 4475 est
1339 4399 1401 4499 qui
1413 4398 1517 4475 Chri·

295 4509 341 4581 sti
359 4530 429 4582 nou
447 4518 513 4598 est,
530 4509 734 4586 antichristi
751 4521 815 4586 est.
832 4514 1054 4609 Quapropter
1069 4511 1223 4587 obtestor
1240 4522 1341 4587 tuam
1362 4514 1516 4589 beatitu-
