3608 5498
801 406 998 472 -278-

286 533 372 620 dum
387 540 452 622 est,
465 539 502 608 et
518 530 643 607 modus
659 529 866 629 penitentiae
881 529 1143 632 temperandus.
1168 529 1213 603 Si
1232 530 1348 626 igitur
1372 528 1430 605 his
1446 527 1509 628 qui

291 643 450 743 praedicti
469 642 640 741 Stephani
657 643 776 720 locum
795 643 931 719 invasit
948 643 1097 720 fortasse
1114 643 1305 720 defunctus
1322 653 1388 733 est,
1400 652 1509 742 atque

286 757 382 832 alius
399 756 438 830 in
455 756 607 832 ecclesia
622 757 703 832 eius
720 757 904 855 episcopus
921 758 1116 848 ordinatus,
1133 757 1224 833 illud
1236 759 1279 834 de
1292 781 1332 833 eo
1351 766 1511 832 statuen-

286 872 372 947 dum
386 880 450 960 est,
462 870 555 970 quod
572 870 736 969 superius
749 871 791 946 de
807 897 917 947 causa
930 872 1054 948 fratris
1067 881 1102 948 ct
1114 872 1309 971 coepiscopi
1327 870 1441 947 nostri
1455 873 1510 945 Ia·

286 983 406 1059 nuarii
422 982 588 1058 diximus.
605 983 704 1071 Quod
721 983 811 1058 forte
827 984 947 1083 aliqua
964 985 1006 1060 dc
1024 984 1172 1061 obiectis
1191 993 1315 1060 contra
1340 1006 1513 1058 memora·

288 1108 367 1173 tum
385 1095 608 1196 Stephanum
627 1096 830 1196 episcopum
849 1097 994 1197 probata
1019 1107 1115 1187 sunt,
1139 1095 1261 1196 aliqua
1286 1118 1371 1172 vero
1391 1094 1511 1172 doceri

289 1211 438 1287 minime
455 1221 659 1310 potuerunt,
684 1221 792 1286 cauta
816 1211 959 1286 omnino
982 1209 1263 1287 consideratione
1288 1209 1510 1309 pensandum

287 1335 353 1416 est,
366 1335 488 1400 utrum
501 1324 636 1401 leviora
653 1326 822 1424 capitula,
834 1335 898 1401 ant
910 1343 1006 1401 certe
1020 1324 1188 1422 graviora
1200 1324 1346 1422 probata
1360 1332 1456 1413 sunt,
1468 1332 1512 1398 ut

290 1465 335 1516 ex
351 1439 403 1515 eis
420 1438 574 1537 qualiter
590 1439 833 1516 definitionem
849 1451 947 1516 tuam
967 1441 1120 1515 formare
1136 1438 1264 1514 debeas
1280 1436 1393 1536 possis
1410 1437 1513 1512 scire.

290 1552 475 1629 Gloriosus
491 1575 577 1628 vero
595 1553 854 1643 Commitiolus
872 1554 901 1628 si
919 1553 1187 1652 suprascriptus
1204 1552 1400 1651 Episcopus
1413 1551 1512 1625 iuno·

288 1690 373 1742 cens
387 1691 463 1741 esse
476 1663 659 1755 claruerit,
676 1665 846 1764 quicquid
859 1667 902 1742 dc
920 1667 1025 1744 rebus
1037 1668 1126 1756 eius,
1139 1666 1198 1743 vel
1216 1666 1387 1743 aecclesiae
1400 1665 1514 1764 ipsius

290 1779 388 1870 tulit,
405 1779 438 1854 ei
455 1778 534 1854 sine
550 1778 672 1877 aliqua
688 1779 858 1856 dilatione
876 1783 1052 1858 restituat.
1070 1782 1138 1857 Sed
1163 1791 1200 1858 et
1215 1805 1451 1880 quecumque
1474 1804 1514 1856 se

290 1893 331 1968 in
347 1893 631 1990 persecutionem
649 1918 693 1968 ac
710 1893 916 1969 violentiam
935 1895 1014 1972 eius
1030 1894 1249 1995 expendisse,
1266 1893 1324 1968 vel
1342 1895 1515 1968 damnum

289 2008 384 2084 idem
398 2007 583 2107 episcopus
598 2033 636 2084 se
648 2009 838 2108 pertulisse
851 2009 1056 2098 asseruerit,
1069 2009 1155 2085 item
1169 2016 1386 2084 memoratus
1399 2007 1517 2082 Comi·

289 2120 399 2197 tiolus
413 2121 546 2211 reddat,
557 2146 600 2198 ac
614 2124 822 2199 satisfaciat.
832 2122 870 2197 Si
880 2133 1000 2200 autem
1014 2123 1122 2198 talem
1136 2121 1280 2219 culpam
1293 2120 1515 2198 antedictum

290 2237 496 2335 episcopum
515 2237 607 2335 quod
623 2238 718 2314 absit
743 2239 962 2313 commisisse
986 2237 1197 2325 constiterit,
1215 2245 1256 2310 nt
1273 2243 1412 2311 conant
1431 2259 1515 2308 eum

295 2373 365 2425 nou
383 2349 683 2427 inrationabiliter
699 2377 775 2427 esse
792 2352 1001 2451 depositum,
1018 2352 1140 2426 eadem
1158 2349 1236 2425 eius
1253 2348 1422 2448 depositio
1434 2370 1517 2423 con-

292 2467 467 2552 firmetur,
484 2473 520 2539 et
536 2486 660 2540 omnes
677 2490 734 2541 res
746 2492 821 2541 suae
833 2465 994 2542 ecclesiae
1010 2490 1090 2564 qnae
1106 2463 1233 2539 ablate
1250 2462 1447 2538 claruerint
1463 2485 1517 2536 re-

290 2579 500 2666 stituantur,
517 2599 558 2653 eo
574 2578 667 2675 quod
679 2577 850 2654 delictum
863 2603 1011 2680 persone
1023 2580 1060 2653 in
1074 2579 1245 2654 damnum
1259 2575 1431 2652 aecclesiae
1444 2598 1515 2650 non

293 2702 348 2770 est
363 2691 655 2767 convertendum.
673 2692 710 2766 Si
729 2703 850 2769 autem
869 2694 1001 2770 dicitur
1017 2695 1111 2792 quod
1127 2691 1377 2769 Commitiolus
1392 2689 1517 2766 deiun-

293 2818 375 2885 ctus
388 2815 452 2896 est,
465 2806 510 2880 ab
523 2805 651 2882 herede
667 2807 746 2883 eius
762 2832 831 2906 que
848 2808 893 2884 ab
909 2808 971 2885 illo
987 2808 1120 2884 iniuste
1137 2807 1232 2884 tulta
1248 2817 1345 2896 sunt,
1361 2805 1438 2880 siue
1455 2830 1514 2880 ex-

293 2921 480 2998 cusatione
497 2920 699 2996 reddantur.
718 2925 770 2998 De
787 2946 935 3021 persona
952 2924 1153 3023 presbyteri
1169 2922 1236 2999 hoc
1260 2919 1521 2997 attendendum

291 3045 357 3124 est,
370 3034 455 3134 quia
468 3033 499 3108 si
513 3059 620 3133 quam
634 3036 760 3112 habuit
772 3061 841 3113 non
855 3037 901 3112 ab
912 3038 982 3114 alio
994 3038 1119 3126 teneri,
1131 3039 1192 3113 sed
1205 3036 1391 3135 episcopus
1404 3032 1516 3131 ipsius

292 3148 408 3224 adhiri
422 3147 555 3236 debuit,
568 3147 739 3225 sicuthoc
749 3149 972 3226 novellarum
985 3152 1193 3227 constitutio
1206 3148 1424 3237 manifestat,
1436 3171 1517 3245 quae

293 3264 345 3338 ita
362 3260 530 3360 loquitur.
548 3263 599 3336 De
616 3263 853 3338 sanctissimis
871 3274 907 3339 et
924 3266 996 3339 Deo
1012 3263 1225 3338 amabilibus
1241 3288 1284 3338 ac
1306 3259 1518 3337 reverentis·

294 3376 397 3452 simis
407 3374 602 3473 Episcopis
611 3385 647 3451 ct
657 3376 818 3466 Clericis
831 3388 867 3453 et
879 3378 1075 3453 Monachis.
1088 3381 1281 3476 Imperator
1294 3375 1518 3451 lastinianus

295 3498 490 3592 perpetuus
503 3490 1518 3591 Augustus,Petrogloriosissimopraefectopraetorii‚cap.

293 3607 385 3680 LIII.
399 3603 436 3677 Si
451 3602 533 3701 quis
546 3611 669 3697 contra
682 3603 839 3702 aliquem
853 3605 1039 3695 clericum,
1052 3619 1115 3681 aut
1129 3602 1355 3694 menachum
1368 3612 1432 3678 aut
1445 3604 1519 3678 dia·

294 3716 483 3806 conissam,
495 3723 559 3790 aut
573 3717 799 3808 monasteria,
811 3729 876 3794 aut
888 3718 1083 3817 ascytriarn
1098 3717 1234 3806 habuit,
1243 3718 1401 3817 aliquam
1410 3717 1520 3791 actio·

295 3857 378 3907 nem
396 3830 519 3906 doceat
536 3830 636 3927 prius
654 3831 923 3906 sanctissimum
942 3833 1145 3931 episcopum
1172 3833 1232 3906 cui
1255 3832 1383 3907 horum
1409 3856 1519 3905 unus·

294 3945 445 4044 quisque
463 3942 634 4019 subiacet.
651 3943 717 4020 Ille
734 3969 821 4020 vero
838 3971 985 4020 causam
1008 3948 1103 4023 inter
1127 3971 1187 4022 eos
1210 3945 1376 4022 diudicet.
1401 3949 1448 4019 Et
1472 3944 1519 4018 si·

294 4057 437 4157 quidem
455 4069 608 4156 utraque
627 4082 708 4156 pars
725 4058 781 4132 his
798 4083 877 4156 qum
895 4059 1053 4136 iudicata
1071 4070 1156 4135 sunt
1173 4059 1404 4158 acquieverit,
1421 4058 1520 4134 iube·

296 4198 379 4246 mus
395 4196 457 4270 per
475 4171 543 4247 Ioci
560 4171 714 4247 iudicem
734 4172 933 4247 executioni
959 4175 1115 4272 perfecto
1138 4175 1308 4249 contradi.
1326 4176 1373 4249 Et
1388 4184 1518 4250 cetera.

296 4287 350 4361 Ne
367 4308 451 4360 vero
467 4286 643 4362 obiciatur
655 4288 746 4385 quod
760 4286 826 4361 hec
843 4287 885 4363 de
902 4288 998 4365 clero
1015 4288 1184 4386 loquitur,
1197 4311 1266 4362 non
1281 4286 1323 4362 de
1336 4287 1519 4385 presbyte-

295 4424 345 4491 ro,
361 4400 547 4477 sciendum
562 4403 720 4501 estquod
738 4403 902 4500 superius
919 4404 956 4477 in
975 4403 1097 4479 eadem
1114 4401 1366 4479 constitutione
1384 4406 1428 4477 LI
1441 4427 1518 4501 cap.

295 4512 440 4614 legitur.
458 4514 704 4617 Appellatione
721 4515 933 4593 clericorum
952 4515 1060 4592 etiam
1080 4515 1312 4616 Presbyteros
1332 4524 1368 4592 et
1393 4514 1519 4592 Diaco
