3608 5498
798 408 995 472 -493-

287 530 441 632 episcopi
459 528 626 624 regulare
643 528 825 604 iudicium.
844 528 899 602 Ab
916 527 1097 602 universis
1113 529 1287 626 episcopis
1304 527 1450 603 dictum.
1466 529 1510 601 0-

292 644 434 718 mnibus
452 642 577 740 placet.
591 646 647 715 Ex
661 652 754 715 tomo
767 636 971 738 pontificali.
984 641 1174 715 Nastasius
1187 643 1328 716 natione
1342 665 1510 715 romanus

289 758 380 833 sedit
396 781 508 830 annos
529 759 554 829 1.
578 780 716 830 meuses
734 759 796 829 XI.
821 755 896 829 dies
914 757 1066 828 XXIIII.
1085 757 1130 828 Et
1155 753 1258 827 multi
1277 753 1461 850 presbiteri
1474 761 1512 826 et

289 869 410 945 clerici
424 877 618 964 eregeruut
630 892 668 942 se
680 893 701 939 a
714 867 963 942 commuuione
976 867 1101 964 ipsius,
1114 891 1152 942 eo
1165 867 1257 964 quod
1270 867 1347 941 sine
1360 866 1509 941 consilio

291 1006 412 1057 eorum
430 982 730 1057 communicasset
746 980 892 1054 diacono
908 980 1216 1067 thessalonicensi,
1234 980 1296 1078 qui
1311 981 1512 1054 communis

291 1105 368 1168 erat
384 1093 544 1181 Acathio,
557 1104 593 1167 ct
606 1092 689 1190 quia
704 1092 842 1166 occulto
859 1092 973 1167 voluit
991 1116 1155 1168 revocare
1176 1091 1368 1167 Acathium
1390 1104 1425 1168 et
1442 1118 1512 1168 non

291 1207 416 1304 potuit,
434 1207 516 1303 quia
533 1215 625 1280 nutu
643 1206 764 1279 divino
782 1231 974 1304 percussus
990 1214 1045 1280 est
1063 1203 1248 1280 Acathius.

817 1407 986 1492 ouiiiu.

489 1608 540 1660 nd
558 1609 760 1674 presbiteros
778 1613 889 1663 eontm
908 1613 1081 1664 concilium
1100 1610 1309 1664 Ariminense.

388 1770 534 1843 Arriani
552 1772 754 1864 gravi0rem
773 1772 1028 1871 blasphemiam
1047 1796 1154 1868 quam
1174 1772 1283 1847 ceteri
1299 1770 1510 1845 intulerunt

294 1883 363 1956 Sed
389 1882 473 1980 quia
489 1907 510 1954 a
528 1882 653 1956 multis
670 1884 735 1959 hoc
752 1895 895 1980 gestum
913 1897 978 1973 est,
994 1897 1143 1983 putatur
1158 1886 1247 1960 hene
1268 1885 1510 1960 commissum.

291 1997 401 2084 Quasi
414 2022 499 2072 vcro
509 1997 699 2071 multitudo
712 1999 849 2072 crimen
859 1986 1016 2086 excuset,
1025 2011 1089 2074 aut
1102 2023 1170 2073 uon
1186 1999 1353 2072 maiorem
1369 1998 1512 2071 ruinam

291 2109 401 2184 faciat
417 2111 523 2184 turba
541 2111 776 2208 peccantium.
795 2112 955 2209 Denique
972 2114 1061 2188 etin
1080 2111 1288 2187 cataclismo
1300 2136 1382 2186 curn
1397 2120 1511 2184 toturn

290 2222 409 2298 orbem
435 2224 534 2297 vitiis
559 2247 764 2320 oppressum
792 2223 998 2320 pluviarum
1026 2225 1130 2298 ruina
1148 2224 1311 2311 dilueret,
1329 2234 1402 2298 tota
1427 2249 1511 2298 curn

289 2336 390 2409 domo
406 2361 472 2410 sua
489 2341 563 2411 Noe
581 2335 677 2411 solus
694 2337 926 2435 pereuntibus
951 2341 1080 2414 ceteris
1107 2341 1238 2415 meruit
1260 2340 1409 2415 evadere
1427 2339 1511 2434 quia

290 2447 386 2522 solus
404 2451 518 2524 Deum
542 2449 630 2524 bene
649 2450 803 2523 vivendo
821 2450 954 2526 fecerat
972 2453 1082 2549 pium,
1100 2477 1203 2550 quern
1226 2451 1446 2528 eontrarium
1472 2474 1515 2525 ac

291 2562 421 2637 mundo
447 2563 580 2636 iratum
605 2573 860 2662 provocaverat
884 2565 1078 2638 inmanitas
1100 2565 1320 2640 delictorum.
1340 2565 1399 2639 Sic
1417 2574 1453 2637 et
1474 2564 1512 2637 iu

292 2676 451 2750 Sodomis
463 2702 545 2751 cum
560 2678 654 2751 omni
669 2676 816 2751 libidine
831 2679 1096 2752 monstruosoin
1106 2687 1234 2753 nature
1247 2678 1401 2752 dedecus
1414 2677 1513 2751 ebul·

293 2788 522 2876 lissent,cu1u
539 2792 719 2864 inmutata
740 2791 935 2866 secundum
949 2790 1029 2865 illos
1043 2792 1123 2866 vice
1135 2790 1328 2879 caeli,sicut
1340 2791 1394 2864 illi
1407 2816 1512 2862 usum

290 2914 418 2978 nature
438 2913 676 2991 mutaverant,
691 2928 814 3001 ygneo
829 2905 957 3003 ymbre
971 2904 1135 2999 extingui
1151 2912 1369 2977 meruerunt.
1381 2903 1450 2989 oui
1462 2903 1515 2975 iu·

289 3014 456 3089 ceudium
472 3015 560 3090 Loth
578 3042 661 3092 curn
680 3018 780 3091 domo
797 3043 862 3091 sua
876 3017 959 3115 quia
972 3017 1069 3090 solus
1088 3017 1260 3090 immunis
1276 3017 1394 3090 luerat
1411 3041 1432 3087 a
1446 3017 1514 3092 cri·

290 3129 398 3217 mine,
411 3127 507 3203 solus
526 3131 656 3204 meruit
668 3130 830 3205 evadere.
842 3134 917 3204 Nec
930 3130 1060 3204 terruit
1074 3155 1156 3204 eum
1169 3139 1351 3204 tantarum
1366 3129 1511 3202 urbium

290 3244 513 3339 magnitudo,
532 3269 598 3319 nec
616 3244 823 3343 populorum
839 3240 1039 3329 multitudo,
1053 3241 1113 3315 sed
1126 3267 1235 3315 causa
1248 3241 1436 3338 permovit.
1452 3241 1512 3315 Sic

290 3365 326 3430 et
343 3356 436 3429 inter
455 3356 546 3432 CCC
560 3356 690 3453 pseudo
708 3355 894 3453 propbetas
907 3354 968 3450 qui
981 3353 1024 3427 de
1042 3378 1164 3427 mensa
1178 3355 1276 3448 regis
1289 3352 1417 3428 cotidie
1431 3377 1512 3428 cru·

289 3465 459 3554 ditabant,
476 3466 566 3539 falsa
584 3467 802 3564 proferentes
818 3478 918 3541 turas
935 3465 1031 3540 solus
1049 3466 1208 3541 Micheas
1226 3466 1286 3563 qui
1306 3465 1512 3563 per-verita-

288 3586 359 3652 tem
377 3589 515 3653 teueret
528 3579 698 3653 inventus
716 3591 780 3666 est,
790 3580 913 3653 Helias
926 3600 1065 3675 quoque
1079 3589 1156 3675 post
1170 3578 1284 3652 multa
1298 3577 1512 3675 persecutio

288 3715 370 3763 nem
389 3689 486 3784 regis
503 3701 539 3764 et
557 3691 694 3785 regine,
710 3691 863 3766 DCCCL
881 3689 982 3764 falsis
999 3691 1241 3766 sacerdotibus
1259 3690 1389 3766 occisis
1406 3713 1513 3788 popu-

290 3800 364 3874 lum
382 3801 424 3876 de
442 3825 559 3876 errore
578 3803 770 3890 revocavit,
783 3813 819 3878 et
836 3812 977 3879 tanturn
995 3804 1139 3892 meruit,
1154 3814 1194 3878 ut
1211 3829 1322 3880 curru
1336 3802 1444 3900 igneo
1459 3827 1513 3874 ra-

291 3924 443 4008 peretur.

854 4010 950 4095 CLX.

321 4151 481 4204 Iudicium
500 4152 705 4218 quorundam
725 4155 911 4217 graviorum
929 4155 1095 4206 criminum
1115 4156 1206 4207 caius
1226 4154 1484 4208 consideratione

570 4240 698 4294 adverti
717 4243 830 4306 potest
847 4241 1001 4295 iudicium
1021 4245 1224 4296 caeterorum.

386 4363 437 4437 ue
449 4362 507 4435 his
520 4363 581 4460 qui
595 4373 723 4462 prater
736 4363 985 4436 necessitatem
999 4362 1225 4460 prevaricati
1240 4373 1335 4449 sunt,
1349 4371 1414 4436 aut
1427 4386 1513 4460 proe·

291 4488 346 4549 ter
363 4474 574 4549 oblationem
597 4474 826 4563 facultatum,
842 4487 907 4549 aut
927 4485 1053 4572 praeter
1072 4474 1274 4572 perieulum
1292 4475 1350 4551 vel
1377 4475 1515 4574 aliquid
