3608 5498
798 377 997 442 -280-

285 499 488 590 ostendunt,
505 521 585 598 quas
601 522 690 599 pene
705 497 884 575 habentur
901 498 1085 596 incognito
1105 521 1185 598 qum
1202 498 1311 577 etiam
1325 498 1417 575 illud
1429 526 1509 578 san·

286 613 400 704 ciunt,
409 622 451 688 ut
463 611 651 688 vilissimis
663 612 815 689 testibus
827 612 904 687 sine
917 612 1087 712 corporali
1100 612 1320 690 discussione
1332 613 1429 690 credi
1438 639 1512 706 non
1519 702 1521 706 ¹

287 727 421 804 debeat.
438 727 538 816 Quod
557 737 679 803 autem
704 726 847 818 dicitnr,
865 729 957 825 quod
981 726 1094 804 nichil
1120 726 1263 826 scriptis
1287 727 1415 804 dubuit
1431 728 1510 828 (sio)

288 840 450 918 iudicari.
466 842 560 917 Nam
577 840 626 915 ibi
643 841 737 919 inter
754 840 826 915 alia
843 840 1058 941 praecipitur,
1075 848 1117 915 ut
1133 839 1310 916 sententia
1327 865 1406 940 quae
1430 840 1510 920 sine

287 953 419 1057 scripto
434 955 531 1032 dicta
547 953 669 1047 fuerit,
684 979 752 1033 nec
768 978 898 1031 nomen
914 953 1101 1030 sententiaa
1117 952 1250 1030 habere
1270 963 1461 1030 mereatur.

797 1181 1002 1267 LXXXVII.

385 1413 428 1488 ln
445 1408 747 1486 nomine'Domini
766 1408 831 1485 Dei
848 1409 971 1484 nostri.
988 1407 1059 1485 Cui
1077 1407 1234 1484 officium
1251 1409 1447 1507 cognitoris
1459 1411 1513 1484 in-

290 1523 469 1620 iungitur,
485 1522 537 1597 ita
554 1547 592 1598 se
609 1546 699 1622 pura
715 1530 823 1621 atquo
840 1521 1053 1600 intemerata
1070 1522 1290 1599 conscientia
1307 1524 1410 1600 debet
1426 1523 1464 1598 in
1477 1547 1511 1599 o

293 1637 437 1715 mnibus
454 1636 632 1728 exhibere,
648 1645 690 1713 ut
706 1661 750 1712 ex
765 1634 824 1710 his
840 1660 920 1734 quae
937 1634 1019 1710 aliis
1044 1635 1216 1726 iudicant,
1239 1636 1315 1734 ipse
1339 1636 1513 1713 ultionem

292 1747 417 1827 aeterni
434 1750 614 1827 examinis
629 1773 699 1825 non
713 1749 886 1825 incurrat.
899 1751 993 1822 Dum
1007 1748 1123 1846 igitur
1135 1774 1181 1825 ex
1192 1750 1418 1849 deputatione
1434 1751 1515 1827 bea-

291 1862 422 1940 tissimi
440 1873 547 1963 atque
564 1862 747 1964 apostolici
765 1861 894 1937 Domni
908 1863 976 1939 mei
989 1867 1093 1962 Papa
1107 1864 1285 1961 Gregorii,
1302 1889 1370 1962 ego
1387 1865 1513 1940 lohan-

291 2002 356 2054 nes
373 1977 537 2054 deiensor
553 1976 647 2052 inter
664 1976 873 2052 Ianuarium
891 1977 1096 2077 episcopum
1122 1977 1282 2054 civitatis
1307 1979 1516 2055 Malachita·

292 2119 360 2185 nae,
378 2103 487 2192 atque
501 2091 595 2167 inter
608 2090 661 2166 ill.
673 2101 708 2167 et
720 2090 771 2166 ill.
784 2090 976 2189 Episcopus
988 2089 1152 2187 cognitor
1164 2092 1385 2184 resedissem,
1397 2116 1518 2168 neces-

291 2234 330 2285 se
345 2206 456 2282 habui
472 2230 619 2283 causam
640 2204 798 2304 praedicti
816 2204 976 2280 Ianuarii
994 2204 1137 2280 interna
1150 2204 1381 2304 inquisitione
1398 2206 1515 2281 diseu-

292 2328 423 2415 tere,et
435 2345 456 2394 a
469 2319 630 2418 partibus
643 2318 825 2394 subtiliter
838 2342 985 2418 querere
998 2319 1199 2409 veritatem,
1215 2344 1262 2393 an
1280 2319 1374 2395 siout
1392 2318 1516 2418 petitio

291 2436 370 2512 eius
387 2432 557 2525 continet,
573 2431 795 2509 transmissis
811 2431 954 2508 clericis
974 2458 996 2506 a
1013 2433 1220 2508 memoratis
1237 2434 1421 2532 episcopis,
1438 2458 1512 2508 una

293 2573 377 2625 cum
393 2545 598 2622 hominibus
614 2543 760 2642 gloriosi
778 2543 969 2635 Comitioli,
985 2547 1028 2622 de
1045 2546 1196 2623 ecclesia
1214 2546 1323 2623 luerit
1338 2546 1516 2624 violenter

292 2661 505 2738 abstractus.
521 2659 590 2748 Qui
609 2661 695 2735 dum
711 2658 827 2733 multa
843 2670 966 2735 contra
984 2685 1021 2736 se
1039 2660 1196 2738 invicem
1221 2661 1317 2738 sicut
1340 2670 1444 2759 gesta
1465 2671 1518 2738 ta-

297 2784 442 2852 stantur
466 2773 656 2863 obicerent,
676 2772 721 2847 ad
738 2772 978 2849 conclusionis
1001 2785 1153 2873 utreque
1178 2786 1297 2874 partes
1321 2775 1517 2851 terminum

298 2898 550 2990 pervenerunt,
562 2896 724 2988 petentes
737 2912 794 2963 me
807 2886 849 2962 de
862 2887 1000 2985 agnitis
1014 2887 1173 2964 iudicare
1187 2887 1323 2964 debere.
1337 2889 1438 2964 Unde
1450 2887 1518 2963 sol-

294 3002 393 3080 licite
410 3026 490 3101 qua
506 3011 587 3078 acta
604 3010 690 3074 sunt
707 2999 882 3097 relegens
900 3010 936 3076 et
960 3000 1151 3077 veritatem
1176 3001 1344 3098 diligenti
1369 3001 1519 3078 investi·

294 3116 440 3214 gatione
457 3115 678 3216 perquirens
694 3113 830 3188 nullam
846 3113 882 3187 in
895 3114 1075 3191 antedicto
1087 3115 1253 3189 Ianuario
1266 3115 1420 3213 culpam,
1434 3138 1516 3213 qum

295 3229 402 3307 exilio
418 3230 479 3307 vel
494 3228 709 3328 depositione
727 3226 848 3326 puniri
866 3229 978 3324 digna
994 3254 1072 3305 esse
1089 3230 1150 3305 sed
1167 3230 1286 3326 magis
1302 3230 1458 3306 eiectum
1475 3230 1517 3303 il·

298 3344 373 3419 lum
392 3344 435 3420 de
453 3343 614 3420 oeoclesia
631 3340 846 3418 deviolenter
864 3342 998 3418 inveni.
1016 3347 1062 3418 Et
1078 3367 1295 3442 quamquam
1312 3343 1518 3419 huiusmodi

296 3457 533 3535 temeritatem
547 3456 672 3554 legum
683 3481 835 3532 censura
849 3456 1050 3534 districtius
1063 3458 1518 3556 seriat,egotamenlegum

296 3571 458 3670 vigorem
476 3571 686 3648 sacerdotali
703 3571 942 3646 moderatione
959 3580 1162 3669 temperans
1188 3571 1314 3647 mediis
1338 3596 1521 3662 sacrosanf

296 3686 366 3763 ctis
382 3685 583 3782 evangeliis
599 3685 730 3784 quibus
746 3684 981 3783 praesentibus
1005 3684 1050 3758 ab
1074 3685 1178 3761 initio
1202 3685 1240 3758 in
1264 3684 1330 3761 hoo
1355 3687 1520 3782 cognitor

299 3800 412 3876 resedi
430 3799 573 3890 iudicio,
591 3824 631 3876 ea
649 3823 718 3898 que
735 3808 859 3875 eontra
876 3823 958 3873 eum
973 3807 1110 3873 statuta
1122 3808 1218 3888 sunt,
1231 3799 1315 3875 licet
1327 3800 1427 3875 nullo
1439 3801 1521 3877 iuro

297 3923 502 4004 teneantur,
519 3935 590 3990 noc
602 3913 758 3988 alicuius
775 3912 944 3988 momenti
962 3910 1036 3986 sint
1052 3913 1195 3986 infirma
1219 3922 1338 3989 tamen
1364 3922 1400 3988 01
1417 3914 1520 3990 iuxta

296 4051 374 4102 esse
391 4026 591 4125 pronuntio.
608 4031 727 4125 Atque
744 4037 956 4101 memoratos
969 4027 1019 4102 ill.
1032 4037 1069 4102 ct
1081 4026 1132 4100 ill.
1146 4028 1334 4127 episcopos,
1347 4030 1409 4128 qni
1426 4040 1520 4128 post-

299 4139 411 4237 posita
422 4138 629 4215 sacerdotali
644 4138 938 4228 consideratione,
951 4140 988 4212 in
1002 4141 1125 4215 fratris
1138 4141 1192 4216 sui
1209 4142 1520 4242 preiudicioatque

298 4251 525 4328 damnatione
542 4252 675 4328 iniuste
692 4263 728 4329 et
744 4263 868 4328 contra
890 4253 955 4328 Dci
982 4253 1145 4330 timorem
1168 4256 1301 4330 versati
1326 4267 1412 4331 sunt
1437 4281 1522 4332 con·

299 4365 483 4464 dampnas,
499 4364 536 4439 in
555 4365 768 4440 monasterio
786 4365 1005 4464 recipiendos
1020 4367 1064 4442 ad
1090 4368 1267 4464 agendam
1284 4368 1520 4466 penitentiam

301 4487 421 4555 statuo
436 4487 544 4580 atque
560 4480 720 4557 decerno.
737 4479 845 4557 Illum
863 4504 947 4556 vero
964 4480 1025 4584 qui
1043 4481 1159 4560 locum
1177 4482 1348 4561 antedicti
1370 4485 1522 4563 sanetis·
