3608 5498
809 365 980 428 ..74-

813 581 984 685 nxxvn.

380 830 515 902 Damno
531 827 736 904 beatissimo
753 838 789 904 et
804 829 995 927 apostolico
1008 830 1166 907 eulmine
1180 830 1372 905 sublimato
1384 841 1510 907 saneto

287 940 386 1015 Patri
413 945 562 1015 Patrum
589 944 741 1017 Damaso
766 946 871 1041 Papoe
895 953 932 1018 et
956 967 1095 1017 summo
1120 944 1280 1018 omnium
1306 943 1508 1032 Proesulum

287 1055 462 1130 Pontifici.
492 1055 695 1153 Stephanus
713 1057 1013 1155 Archiepiseopus
1038 1055 1191 1132 Consilii
1218 1056 1448 1130 Mauritaniae
1471 1065 1509 1130 et

287 1167 449 1243 universi
467 1168 631 1266 Episcopi
650 1170 692 1244 de
709 1170 825 1244 tribus
843 1169 1006 1246 conciliis
1025 1169 1204 1245 Africanae
1222 1169 1425 1268 provinciae.
1441 1173 1511 1244 No·

288 1293 364 1355 tum
392 1291 522 1355 vestrae
547 1281 701 1358 facimus
717 1283 942 1373 beatitudini,
959 1284 1050 1382 quod
1068 1283 1211 1381 quidam
1229 1282 1359 1358 fratres
1375 1282 1413 1355 in
1431 1306 1513 1358 eon·

289 1393 373 1467 finio
390 1393 491 1468 nobis
508 1395 623 1492 positi,
639 1397 806 1494 quosdam
831 1397 960 1473 fratres
987 1409 1125 1472 nostros
1150 1397 1373 1473 venerabiles
1388 1395 1512 1473 videli-

288 1515 345 1581 cet
362 1507 562 1604 Episcopus,
579 1507 680 1582 vobis
696 1508 911 1585 inconsultis
936 1537 957 1584 a
983 1510 1122 1608 proprio
1146 1511 1285 1585 deicere
1313 1509 1512 1584 moliuntur

288 1619 417 1714 gradu,
434 1644 516 1693 eum
535 1630 663 1694 vestra
689 1622 771 1696 Sedi
788 1623 1043 1722 Episcoporum
1071 1623 1204 1699 iudicia
1229 1634 1266 1698 et
1290 1645 1512 1698 summorum

290 1735 394 1807 finem
414 1732 737 1810 ecclesiastieorum
756 1737 981 1833 negotiorum
1003 1738 1040 1811 in
1057 1760 1163 1811 onore
1189 1735 1386 1812 beatissimi
1412 1737 1510 1811 Petri

290 1857 433 1945 patrum
450 1847 592 1922 decreta
609 1848 769 1922 omnium
788 1860 920 1925 cuneta
940 1874 1123 1925 reservare
1137 1858 1356 1925 censuerunt
1372 1859 1513 1923 senten·

290 1960 378 2035 tiam
397 1971 433 2036 et
449 1961 652 2060 inquirendi
673 1963 909 2038 reverentiam
929 1965 971 2039 de
990 1964 1055 2040 Dei
1074 1963 1180 2039 rebus
1197 1987 1286 2061 quas
1302 1962 1400 2037 omni
1424 1987 1513 2038 cura

292 2087 328 2151 et
344 2074 582 2150 sollicitudine
600 2075 788 2150 observare
811 2078 990 2153 debemus.
1016 2077 1175 2152 Maxime
1200 2099 1285 2150 vero
1309 2101 1394 2152 eum
1419 2075 1514 2151 iuste

291 2188 440 2263 debeant
464 2188 508 2262 ab
532 2189 608 2287 ipso
633 2190 825 2287 praesulum
854 2190 933 2266 viee
960 2191 1161 2287 Apostolieo
1186 2189 1381 2265 examinari
1407 2188 1514 2264 cuius

291 2312 433 2377 vetusta
449 2301 652 2378 sollicitudo
669 2314 723 2378 est
741 2314 814 2378 tam
835 2304 929 2377 mala
947 2305 1128 2392 damnare,
1142 2328 1248 2402 quam
1264 2301 1424 2377 relevare
1437 2301 1515 2375 lau·

290 2415 416 2490 danda..
435 2415 604 2514 Antiquis
621 2416 717 2490 enim
735 2417 874 2513 regulis
887 2418 1066 2492 censitum
1080 2427 1134 2490 est
1148 2425 1188 2490 ut
1200 2414 1372 2513 quioquid
1384 2414 1513 2489 horum

290 2528 457 2626 quamvis
476 2528 618 2603 remotis
635 2529 693 2603 vel
711 2529 748 2601 in
765 2529 962 2628 longinquo
975 2531 1099 2628 positis
1116 2540 1287 2625 ageretur
1304 2527 1511 2626 provinciis,

291 2663 361 2714 non
382 2640 481 2738 prius
498 2642 708 2715 tentandum
726 2642 785 2718 vel
803 2643 1050 2741 accipiendum
1077 2654 1170 2720 esset
1186 2643 1257 2716 uisi
1281 2643 1325 2745 ad
1346 2641 1510 2717 notitiam

293 2754 397 2830 almae
414 2755 508 2830 sedis
526 2765 654 2830 restrae
672 2757 799 2832 fuisset
815 2758 1021 2847 deductum,
1040 2768 1080 2832 ut
1096 2757 1175 2833 eius
1187 2755 1400 2831 auctoritate
1413 2753 1515 2828 iuxta

296 2871 388 2968 quod
402 2871 533 2947 'suisset
550 2873 819 2969 pronuntiatum
834 2875 1047 2946 firmaretur.
1061 2871 1200 2958 Quibus
1212 2868 1362 2944 sollicite
1376 2867 1513 2944 factum

296 2994 351 3059 est
368 2995 409 3060 ut
425 3010 565 3084 semper
585 2997 700 3061 vestre
718 2987 792 3062 sedi
808 2986 1026 3063 consuetudo
1044 2985 1114 3059 fuit
1131 2983 1342 3058 festinanter
1354 3006 1516 3057 oecurre-

296 3123 344 3187 re‚
361 3107 397 3173 et
414 3123 476 3196 pro
492 3098 549 3172 his
566 3098 721 3173 viriliter
739 3110 780 3173 ut
797 3109 896 3197 pater
914 3124 975 3197 pro
993 3099 1077 3172 filiis
1098 3106 1289 3184 certantes,
1306 3095 1402 3170 siout
1425 3094 1514 3169 bene

292 3213 436 3288 alhesu
463 3213 536 3288 filio
562 3214 688 3287 Siraoh
713 3214 850 3289 dietum
877 3224 942 3288 est.
969 3216 1090 3311 Usque
1107 3211 1152 3285 ad
1171 3221 1319 3284 mortem
1338 3218 1436 3284 certa
1453 3230 1516 3306 pro

292 3329 456 3415 veritate,
474 3338 509 3403 et
527 3352 667 3425 semper
685 3329 858 3402 Dominus
875 3331 972 3402 Deus
988 3336 1074 3401 tuus
1088 3324 1266 3423 pugnabit
1278 3346 1340 3420 pro
1353 3331 1398 3397 te.
1412 3321 1515 3397 Acci·

293 3467 375 3540 pere
393 3441 488 3516 enim
507 3466 690 3540 personam
710 3442 808 3542 impii
827 3465 899 3515 non
915 3450 969 3514 est
985 3439 1128 3527 bonum,
1148 3447 1189 3511 ut
1209 3434 1368 3512 declines
1384 3460 1406 3508 a
1422 3434 1517 3510 veri·

292 3566 366 3633 tate
392 3557 526 3632 iudicii.
550 3556 613 3629 Sin
640 3556 760 3630 minus
785 3555 914 3631 illicita
938 3563 1024 3626 sunt
1048 3552 1135 3639 heo,
1161 3559 1280 3648 pateat
1306 3548 1406 3624 nobis
1430 3545 1516 3621 talis

292 3670 458 3745 omnibus
474 3672 620 3746 lieentia
636 3671 839 3745 beatissime
855 3672 970 3742 Pater.
985 3671 1061 3740 Aut
1073 3662 1211 3740 scilieet
1224 3663 1288 3736 bos
1301 3661 1361 3736 vel
1377 3660 1516 3759 aliquos

294 3787 402 3861 otiam
422 3787 599 3861 minorum
616 3787 797 3882 graduum
812 3783 961 3860 elericos
978 3778 1048 3852 nisi
1067 3776 1228 3872 legitimo
1241 3784 1396 3872 tempore
1413 3796 1518 3850 nano

293 3901 374 3977 nice
392 3910 544 3990 vocatos,
561 3910 625 3975 aut
642 3902 719 3974 siue
738 3897 913 3996 legitimis
930 3891 1208 3978 accusatoribus,
1226 3891 1290 3963 aut'
1307 3889 1439 3987 absque
1456 3912 1517 3963 ve-

295 4015 344 4089 ris
360 4024 398 4089 et
415 4013 663 4090 innocentibus
681 4013 844 4099 testibus,
862 4010 921 4086 vel
940 4006 1010 4081 nisi
1030 4003 1219 4081 manifeste
1240 4002 1413 4079 canonice
1435 4025 1517 4077 eon·

295 4129 422 4216 victos,
439 4140 504 4203 aut
528 4139 651 4226 sponte
676 4127 865 4209 confessos,
890 4123 949 4199 vel
974 4148 996 4196 a
1017 4120 1094 4195 suis
1119 4118 1262 4194 sedibus
1287 4117 1428 4204 eiectos,
1452 4123 1518 4191 aut

295 4241 371 4315 suis
389 4241 494 4316 rebus
513 4241 714 4338 expoliatos
732 4263 859 4314 vocare
876 4239 921 4313 ad
944 4235 1107 4310 sinodum
1133 4232 1193 4307 vel
1218 4232 1398 4306 damnare.
1423 4227 1517 4317 Quia

296 4355 455 4451 legimus
471 4381 593 4432 eorum
612 4379 681 4429 nou
708 4378 807 4453 posse
832 4352 1001 4428 canonice
1025 4350 1071 4423 ad
1096 4348 1280 4447 Synodum
1305 4354 1389 4420 ante
1413 4367 1517 4418 suam

295 4469 546 4546 diuteuendam
565 4479 601 4544 et
617 4468 888 4566 gubernandam
907 4466 1045 4540 viribus
1059 4464 1199 4541 seilicet
1212 4461 1365 4559 pleniter
1384 4484 1517 4535 resum-
