3608 5498
671 402 868 464 -229-

709 631 833 716 Olllll.

256 871 506 967 Hrrsonymus
520 868 666 945 Rustico
677 867 900 944 Narbonensi
909 866 1091 967 Episcopo.
1103 868 1279 946 Diaconos
1291 891 1380 969 quos

158 980 196 1054 in
209 979 400 1080 apocalipsi
414 980 507 1078 legis
516 985 586 1056 Vll
595 980 718 1078 angeli
731 980 1120 1071 ecclesiarum,hisunt
1132 985 1202 1058 VII
1215 980 1381 1058 candela·

158 1094 222 1168 bra
234 1118 354 1185 aurea,
366 1093 405 1167 hi
418 1118 523 1170 voces
535 1095 785 1185 tonitruorum,
798 1095 975 1170 virtutum
989 1096 1191 1195 operatione
1204 1095 1378 1196 praeclari,

158 1207 361 1282 humilitate
378 1208 527 1307 praediti,
543 1208 656 1307 quieti
672 1208 838 1297 humiles,
854 1208 1148 1306 evangelizantes
1161 1225 1298 1308 pacem,
1314 1235 1376 1283 an·

160 1320 369 1396 nuntiantes
385 1320 487 1410 hona,
500 1321 738 1398 dissensiones
755 1331 792 1396 et
808 1321 904 1397 rixas
921 1332 958 1398 et
978 1321 1147 1399 seandala
1166 1331 1380 1412 resecantes,

160 1433 225 1509 soli
239 1437 311 1509 Deo
324 1435 563 1534 colloquentes
581 1436 618 1509 in
631 1435 774 1534 templo,
790 1436 904 1511 nichil
916 1436 960 1511 de
974 1437 1105 1512 mundo
1116 1436 1270 1536 penitus
1282 1436 1377 1533 cogi·

160 1557 289 1637 tantes,
302 1547 460 1625 dicentes
473 1549 565 1649 patri
577 1559 614 1624 et
629 1548 734 1624 matri
747 1571 818 1624 non
831 1549 912 1624 novi
924 1573 998 1640 vos,
1010 1559 1047 1626 et
1059 1549 1150 1625 filios
1164 1572 1246 1625 suos
1259 1572 1329 1624 non
1341 1575 1378 1624 a·

156 1671 382 1758 gnoscentes,
406 1663 484 1737 sine
501 1661 567 1738 hoc
589 1661 788 1738 sacerdotes
805 1686 934 1737 nomen
958 1661 1103 1753 habent,
1122 1662 1280 1738 officinm
1304 1686 1376 1739 non

158 1775 369 1866 hahent,hic
383 1776 545 1852 minister
555 1776 618 1852 Dei
628 1775 772 1866 dicitur,
782 1774 867 1873 qnia
879 1773 1052 1872 scriptum
1062 1785 1128 1864 est,
1137 1774 1305 1850 maiorem
1314 1774 1377 1874 qui

157 1889 351 1980 ministrat,
368 1914 475 1989 quam
493 1890 553 1966 cui
572 1890 808 1966 ministratur.
824 1892 872 1963 Et
888 1889 984 1965 sicut
1000 1888 1039 1963 in
1056 1889 1237 1965 sacerdote
1255 1913 1376 1965 conse·

156 2003 345 2092 craticius
363 2004 401 2078 in
418 2004 584 2080 ministro
605 2003 821 2105 dispensatio
846 2003 1063 2078 sacramenti
1088 2013 1152 2079 est
1178 2002 1297 2078 Etiam
1323 2028 1377 2078 sa·

156 2116 357 2192 cerdotibus
373 2127 515 2217 propter
531 2116 843 2218 praesumptionem
856 2141 928 2192 non
940 2117 1026 2193 licet
1038 2117 1081 2192 de
1095 2141 1219 2193 mensa
1231 2117 1375 2192 Domini

155 2230 279 2307 tollere
291 2231 441 2308 calicem
454 2231 524 2306 nisi
538 2231 590 2306 eis
603 2231 757 2307 traditus
770 2231 880 2307 fuerit
892 2257 914 2304 a
927 2230 1095 2306 diaconis.
1107 2230 1268 2306 Itaenim
1279 2234 1376 2307 Deus

155 2355 276 2421 noster
294 2344 516 2442 omnipotens
532 2343 704 2420 universa
721 2344 904 2444 disposuit,
922 2345 1042 2445 utqui
1060 2345 1229 2422 maiorem
1246 2370 1285 2421 se
1302 2369 1377 2422 cre

155 2457 296 2547 diderit,
314 2456 428 2532 minor
449 2467 553 2533 esset.
570 2460 617 2532 Et
633 2457 695 2557 qui
721 2458 902 2534 videretur
927 2458 1043 2534 minor
1060 2458 1173 2534 maior
1197 2453 1376 2535 ehisterat.

156 2572 319 2670 Denique
336 2596 443 2670 quam
461 2571 527 2648 hoc
543 2595 671 2648 verum
687 2571 747 2664 sit,
763 2572 839 2670 ipse
860 2572 1045 2672 perpende.
1061 2570 1197 2648 Levita
1214 2570 1377 2650 inferunt

157 2685 351 2761 oblationes
368 2685 405 2759 in
422 2684 559 2762 altario.
576 2686 709 2762 Levita
725 2695 942 2783 componunt
959 2710 1118 2760 mensam
1137 2683 1290 2760 Domini.
1314 2687 1376 2763 le·

158 2799 243 2873 vitae
255 2798 497 2875 sacerdotibus
510 2824 593 2875 cum
607 2811 831 2878 sacramenta
843 2799 1104 2876 benedicuntur
1116 2799 1300 2875 assistunt.
1314 2803 1376 2877 Le·

158 2913 244 2989 vita
260 2923 344 2989 ante
362 2914 561 2990 sacerdotes
577 2925 690 3004 orant,
703 2926 744 2990 ut
756 2914 787 2989 si
799 2913 982 2989 distinctio
994 2913 1152 2989 locorum
1165 2913 1323 2990 creditur
1336 2915 1375 2988 in

156 3026 223 3102 hoc
241 3026 383 3117 mundo,
399 3026 508 3102 etiarn
524 3026 562 3100 in
580 3027 708 3104 altario
724 3029 790 3104 Dei
807 3027 953 3104 videant
971 3026 1041 3102 sibi
1061 3027 1227 3125 Episcopi
1240 3029 1303 3127 qui
1316 3054 1375 3104 su·

156 3140 255 3239 perbi
272 3148 368 3230 sunt,
384 3139 549 3216 diaconos
564 3142 740 3240 anteponi.
758 3141 797 3215 Si
822 3137 1064 3215 humilitatem
1082 3138 1249 3236 diligant,
1267 3140 1374 3217 maio

155 3279 211 3330 res
228 3278 266 3329 sa
283 3278 359 3329 csse
377 3253 414 3327 in
431 3276 472 3329 eo
488 3254 582 3354 quod
593 3255 667 3331 sint
679 3254 835 3331 humiles
849 3263 1118 3351 recognoscant.
1130 3257 1233 3331 Tunc
1245 3255 1373 3332 deinde

154 3379 196 3444 nt
211 3392 318 3443 aures
334 3366 529 3443 habeamus
545 3368 590 3443 ad
608 3371 720 3445 Deum
739 3369 919 3445 Diaconus
935 3365 1078 3444 clamat.
1099 3371 1178 3466 lpse
1194 3369 1374 3468 praedicat,

153 3482 228 3582 ipse
238 3490 387 3572 ortatur,
400 3481 474 3579 ipse
487 3492 698 3572 commonet,
710 3482 924 3573 astantibus,
937 3482 1189 3558 sacerdotibus.
1202 3486 1279 3559 Nec
1289 3482 1375 3559 levi·

155 3604 200 3669 tc
216 3594 310 3670 hanc
327 3618 451 3672 vocem
468 3620 548 3695 quae
564 3596 723 3695 loquitur
739 3607 777 3672 ct
792 3614 916 3695 pacem
933 3595 1138 3687 annuntiat,
1161 3607 1226 3672 aut
1249 3595 1373 3694 negle-

154 3716 283 3804 genter
295 3707 460 3805 aspicias.
473 3709 614 3785 Sufficit
625 3708 712 3786 huic
726 3709 841 3785 ordini
854 3717 995 3784 tantum
1010 3734 1072 3807 per
1081 3708 1272 3784 Dominum
1287 3709 1373 3786 fuis·

153 3846 191 3897 se
207 3844 416 3898 concessum
433 3830 561 3896 utnon
577 3821 694 3897 solum
710 3823 875 3899 sacerdos
891 3821 930 3897 in
951 3822 1084 3921 templo
1108 3823 1174 3899 Dei
1199 3831 1313 3898 totum
1337 3849 1374 3898 a·

152 3959 251 4032 gere,
267 3944 305 4010 et
321 3933 469 4033 implere
486 3934 659 4011 videatur.
672 3939 720 4012 Et
736 3935 841 4012 inira.
857 3940 965 4014 Nunc
981 3945 1102 4013 autem
1116 3961 1163 4012 ex
1176 3960 1245 4036 quo
1256 3936 1297 4010 in
1308 3962 1374 4014 mc·

153 4048 273 4125 elesiis
290 4048 387 4126 sicut
402 4049 440 4124 in
458 4052 615 4125 Romano
632 4050 781 4148 imperio
804 4049 920 4128 crevit
943 4049 1108 4141 avaritia,
1132 4049 1225 4150 perit
1248 4050 1307 4127 lex
1329 4050 1373 4128 dc

153 4162 344 4252 sacerdote,
367 4173 404 4238 et
420 4163 512 4240 risio
534 4164 577 4239 de
602 4164 784 4263 propheta,
807 4164 946 4262 singuli
970 4187 1110 4264 quoque
1127 4186 1189 4262 pro
1213 4163 1373 4262 potentia

152 4274 363 4374 episcopalis
375 4276 530 4351 nominis
542 4301 650 4377 quam
663 4278 731 4352 sihi
745 4277 813 4374 ipsi
826 4277 965 4355 inlicite
978 4276 1110 4376 absque
1123 4275 1275 4354 ecclesia
1288 4301 1374 4352 ven·

153 4389 330 4480 dicarunt,
341 4400 457 4465 totum
470 4392 562 4490 quod
575 4391 766 4467 levitarum
780 4401 834 4466 est
845 4392 885 4466 in
898 4417 986 4466 usus
1003 4415 1086 4467 suos
1099 4390 1280 4488 redigunt.
1294 4393 1370 4466 Nec

151 4501 217 4579 hoc
233 4502 300 4580 sibi
317 4505 409 4603 quod
425 4505 599 4605 scriptum
617 4515 673 4583 est
684 4506 888 4598 vendicant,
900 4506 961 4585 sed
973 4505 1095 4588 cuntis
1106 4505 1278 4585 auferunt
1291 4505 1371 4582 uni·
