3608 5498
728 393 730 397 ’
807 422 1002 484 -sor-

294 540 422 613 militie
440 540 629 635 cingulum
643 552 678 614 et
692 541 847 616 ludicras
861 542 1061 639 voluptates
1074 554 1110 618 et
1123 569 1214 618 nova
1228 547 1397 642 coniugia
1411 556 1446 621 et
1461 549 1511 620 in·

293 652 422 726 hibitos
435 653 549 728 denuo
562 654 764 751 appetivere
777 655 1000 743 concubitus,
1010 680 1161 755 quorum
1176 660 1368 756 professam
1383 662 1510 737 incerti

295 776 524 840 nemoautem
536 777 686 863 generat
695 779 771 864 post
780 767 1036 843 absolutionem
1049 770 1114 844 filii
1128 772 1366 870 perdiderunt.
1376 776 1426 848 De
1437 775 1512 873 qui·

294 880 362 953 bus
376 881 460 977 quia
474 881 544 952 iarn
559 880 755 977 suffugium
775 905 844 955 non
863 880 995 955 habent
1008 882 1210 978 paenitendi,
1224 884 1259 958 id
1272 885 1441 960 duximus
1454 888 1512 961 de-

292 992 509 1068 cernendum
528 1004 568 1066 ut
586 993 659 1066 sola
676 995 771 1068 intra
790 994 978 1070 ecclesiam
998 995 1160 1070 fidelibus
1177 999 1334 1073 oratione
1360 999 1513 1096 iungan-

294 1117 354 1180 tur
372 1132 471 1181 saere
485 1107 735 1203 mysteriorum
754 1107 953 1183 celebritati
976 1109 1143 1205 quamvis
1158 1134 1226 1183 nou
1244 1123 1447 1186 mercantur
1461 1113 1513 1187 in-

292 1220 431 1308 tersint,
448 1246 469 1291 a
488 1220 629 1294 Domini
646 1233 766 1296 autem
789 1247 908 1296 mense
930 1222 1095 1296 convivio
1121 1234 1369 1321 segregentur,
1386 1237 1428 1300 ut
1444 1227 1513 1302 hac

294 1334 421 1408 saltem
439 1333 660 1409 districtione
678 1335 840 1431 correpti,
859 1335 926 1432 ipsi
946 1363 1010 1410 sua
1030 1348 1147 1411 errata
1165 1341 1360 1435 castigent,
1375 1351 1411 1414 et
1428 1341 1511 1415 aliis

294 1446 667 1545 exemplumtribuant
680 1448 903 1545 quatinusab
912 1451 1049 1525 oscenis
1062 1452 1318 1548 cupiditatibus
1329 1454 1518 1527 retraham

293 1573 362 1635 tur.
380 1560 518 1647 Quibus
535 1573 666 1649 tamen,
680 1561 819 1657 quando
837 1562 973 1636 carnali
991 1564 1188 1659 fragilitate
1206 1565 1414 1640 ceciderunt
1439 1569 1513 1639 via·

294 1673 364 1747 tieo
391 1699 536 1748 munere
557 1699 639 1748 curn
661 1675 706 1747 ad
727 1675 916 1748 Dominum
941 1687 1112 1773 ceperunt
1134 1679 1320 1776 proficisci,
1338 1705 1400 1778 per
1418 1704 1510 1754 com-

293 1787 473 1861 munionis
490 1787 643 1882 gratiam
664 1790 829 1863 volumus
846 1791 1040 1865 subveniri.
1059 1794 1173 1877 Quam
1191 1793 1340 1865 formam
1360 1804 1395 1867 et
1412 1793 1510 1869 circa

293 1888 460 1974 mulieres
469 1924 548 1996 qua
561 1925 598 1973 se
612 1911 687 1997 post
699 1903 902 1997 paenitentia
915 1902 1049 1977 talibus
1059 1904 1311 2000 pollutionibus
1325 1905 1512 1980 devinexe·

293 2011 366 2085 rint
384 2012 559 2085 servanda
577 2037 653 2086 esse
671 2038 868 2087 censemus

847 2223 960 2307 uixi.

601 2440 822 2491 loramentum
838 2439 939 2492 futuri
958 2442 1179 2505 imperatoris.

384 2530 454 2580 Hoc
475 2528 710 2580 sacramentum
730 2531 849 2581 invenit
868 2531 1008 2592 scriptor
1026 2530 1120 2582 huius
1138 2530 1262 2593 libriin
1280 2533 1421 2584 saxonia

544 2618 577 2668 in
595 2619 792 2670 monasterio
813 2618 901 2682 qnod
920 2618 1039 2670 dicitur
1058 2620 1255 2684 Lninebnrg.

385 2806 676 2883 DomnoIolranni
692 2834 779 2906 pape
796 2813 876 2883 XII.
889 2814 964 2885 Rex
985 2813 1067 2886 Otto
1082 2835 1142 2908 per
1155 2834 1218 2885 nos
1232 2811 1355 2900 mittit,
1368 2822 1404 2886 et
1417 2811 1514 2885 iurat

289 2947 350 3018 per
370 2925 524 3008 Patrem,
537 2934 574 2995 et
587 2923 728 3011 Filium,
746 2934 781 2998 ct
795 2924 969 3023 Spiritum
995 2936 1159 2999 sanctum
1179 2936 1215 3000 et
1233 2949 1293 3022 per
1311 2925 1454 3000 beatum
1473 2925 1514 2998 li-

289 3061 404 3133 gnum
422 3035 564 3110 vivifice
583 3037 712 3125 crucis
730 3047 765 3112 et
777 3037 843 3110 has
857 3038 1026 3135 reliquias
1043 3048 1247 3113 sanctorum
1265 3039 1357 3135 quod
1382 3039 1411 3113 si
1439 3063 1514 3138 per·

292 3150 457 3223 mittente
473 3152 544 3224 Deo
558 3153 702 3225 Romam
721 3151 871 3239 venerit,
888 3160 1049 3225 sanctam
1069 3155 1262 3225 Romanam
1277 3151 1464 3227 ecclesiam
1478 3162 1514 3226 et

292 3264 442 3337 eundem
460 3262 629 3337 domnum
644 3267 809 3338 Ioannem
825 3289 950 3362 papam
966 3274 1136 3339 rectorem
1152 3266 1265 3362 ipsius
1278 3264 1450 3340 exaltabit
1462 3291 1515 3341 se·

290 3376 447 3451 cundum
467 3402 570 3448 suurn
589 3401 697 3474 posse,
715 3376 745 3449 si
759 3378 884 3452 rivum
902 3380 1092 3454 invenerit.
1116 3381 1179 3453 Sin
1205 3392 1325 3456 autem
1351 3406 1433 3456 eum
1452 3380 1513 3479 qui

291 3489 496 3586 legabiliter
515 3489 569 3561 illi
587 3491 764 3566 suecedet.
781 3495 828 3565 Et
845 3517 1028 3590 uunquam
1048 3495 1172 3582 vitam,
1189 3504 1252 3567 aut
1271 3495 1439 3582 membra,
1456 3520 1515 3569 ne·

290 3627 359 3700 que
377 3603 493 3702 ipsum
511 3602 678 3677 honorem
697 3627 800 3700 quem
821 3603 937 3694 habet,
955 3617 990 3681 et
1003 3607 1064 3704 qui
1078 3631 1159 3682 eum
1178 3607 1367 3682 habiturus
1379 3620 1433 3682 est
1450 3635 1515 3683 sna

291 3716 486 3804 voluntate,
503 3727 566 3790 aut
584 3740 648 3790 suo
665 3740 851 3805 consensu,
869 3729 932 3793 aut
945 3744 1009 3793 suo
1026 3720 1182 3809 consiliu,
1200 3731 1263 3795 aut
1276 3747 1342 3796 sua
1354 3721 1516 3796 exhorta-

292 3832 386 3905 tione
406 3831 535 3928 perdct,
553 3854 668 3927 neque
682 3832 767 3928 ipse,
780 3857 896 3929 neque
910 3833 1041 3932 aliquis
1054 3820 1299 3911 successorum
1313 3835 1401 3909 eius,
1415 3839 1461 3909 Et
1477 3835 1515 3910 iu

293 3970 478 4020 romanum
497 3944 680 4042 placitum,
697 3957 761 4020 aut
777 3947 1032 4021 ordinationem
1051 3947 1158 4022 faciet
1180 3948 1223 4021 de
1248 3949 1412 4022 omnibus
1436 3973 1516 4046 quae

292 4062 395 4155 Papae
405 4070 440 4132 et
450 4063 617 4132 Romanis
628 4060 875 4157 pertinet,sine
886 4061 1282 4158 consiliodomniPapae.
1290 4065 1335 4135 iit
1345 4061 1517 4160 quiequid

291 4173 333 4246 de
359 4182 455 4247 terra
472 4174 588 4247 saneti
608 4172 703 4246 Petri
721 4172 765 4246 ad
784 4173 862 4247 eius
879 4182 1087 4271 potestatem
1106 4173 1205 4248 venit
1223 4174 1280 4248 rel
1303 4175 1433 4262 veniet,
1453 4179 1517 4250 Ito

292 4312 406 4359 manae
423 4286 593 4361 eecclesiae
613 4286 784 4359 restituet.
803 4287 1027 4383 Cuicumque
1044 4296 1165 4361 autem
1185 4312 1338 4383 regnum
1352 4287 1517 4364 italicum

293 4398 503 4486 committet,
521 4400 640 4474 iurare
660 4399 767 4473 faciet
788 4398 903 4486 illurn,
917 4412 957 4473 ut
978 4400 1119 4474 adiutor
1140 4400 1187 4474 sit
1207 4401 1335 4477 domno
1357 4405 1461 4498 Papae
1482 4411 1518 4477 et

292 4512 558 4589 successoribus
574 4514 653 4588 eius
669 4513 714 4588 ad
727 4512 981 4588 defendendam
996 4523 1127 4588 terram
1144 4513 1259 4590 sancti
1278 4514 1374 4591 Petri
1392 4539 1517 4590 seeun-
