3608 5498
801 386 840 399 -
868 355 932 418 326
959 387 998 400 -

290 476 410 547 minus
442 475 513 544 XX
542 495 586 545 ox
614 494 757 569 corpore
787 497 913 546 massae
942 474 1127 564 Ncriaoae,
1152 474 1405 576 patrimonium
1441 482 1512 575 Ap-

287 588 354 687 piae
371 596 516 685 praestat
533 607 572 657 ar
590 585 670 659 auri
687 585 825 662 solidos.
841 587 938 662 Idem
957 586 995 659 in
1012 588 1144 663 eodem.
1157 587 1354 663 Theodosio
1370 589 1509 664 consuli

289 700 542 775 monasterium
563 700 678 775 sancti
697 700 881 775 Pancratii
899 701 1009 775 situm
1027 714 1127 777 extra
1145 715 1305 778 castrum
1327 706 1509 780 Mesenata

287 824 324 889 ot
339 816 457 890 lacum
476 815 514 887 in
531 836 642 888 annos
660 817 831 889 XXVIII.
860 814 957 888 Idem
976 816 1139 891 Genesiae
1161 818 1195 891 h.
1214 817 1237 890 f.
1264 817 1416 892 fundum
1443 819 1510 894 Ca-

287 930 522 1029 pitonianum‚
546 927 697 1002 fundum
716 928 940 1018 Dostianum,
962 929 1114 1004 fundum
1140 930 1331 1022 Viricaria‚
1357 932 1509 1006 fundum

289 1043 479 1118 'ratianum
506 1067 589 1118 oum
615 1041 781 1116 omnibus
799 1043 885 1132 suis
911 1054 947 1119 ct
964 1044 1035 1118 iarn
1058 1055 1094 1119 et
1119 1045 1318 1143 aquimodis
1335 1046 1447 1144 posita
1472 1045 1511 1120 in

289 1182 406 1231 massa
424 1156 618 1244 Camustis‚
634 1156 734 1231 iuxta
753 1182 919 1256 campum
938 1158 1173 1234 Barbaricum
1192 1169 1228 1233 ct
1245 1182 1387 1258 corpore
1405 1160 1513 1258 patri·

290 1271 399 1346 monii
418 1271 541 1369 Appiae
557 1281 702 1369 praestat
723 1288 765 1342 aa
783 1271 862 1345 auri
877 1271 1003 1346 solidos
1016 1280 1053 1346 ct
1070 1272 1145 1345 vini
1159 1271 1354 1347 decimatas
1371 1274 1510 1347 LXXX

291 1383 544 1484 inpraesentia
569 1383 668 1458 missi
694 1384 935 1460 Paracellarii.
964 1384 1061 1459 Idem
1087 1385 1124 1458 in
1150 1384 1281 1460 codem.
1306 1385 1403 1461 Calae
1427 1385 1461 1459 h.
1487 1387 1510 1459 s.

293 1496 466 1573 coloniam
486 1520 612 1570 massar
629 1496 789 1588 Cilianoe,
813 1497 1016 1596 patrimonii
1035 1498 1169 1599 Appia,
1186 1508 1331 1598 praestat
1347 1523 1414 1598 arq
1431 1499 1511 1574 auri

293 1610 432 1686 solidos.
461 1610 558 1686 Idem
590 1611 753 1686 Annaldo
781 1611 925 1687 tribuno
949 1612 1099 1686 fundum
1130 1612 1336 1688 Casamaior
1361 1623 1397 1688 et
1425 1615 1512 1687 Lon-

296 1725 505 1822 goieianum
531 1749 575 1799 ex
604 1748 747 1822 corpore
772 1725 974 1822 patrimonii
1005 1725 1188 1813 Loricam,
1217 1725 1394 1800 territorio
1422 1728 1516 1801 Prae·

294 1839 446 1925 nestiuo
471 1837 559 1912 mill.
583 1837 627 1912 ab
652 1837 748 1913 Urbe
772 1841 883 1912 Roma
910 1840 1029 1913 minus
1054 1838 1135 1937 plus
1160 1842 1250 1916 XXI
1274 1850 1420 1937 praestat
1443 1867 1509 1922 aso

292 1952 371 2026 auri
389 1951 527 2026 solidos.
544 1951 641 2027 Idem
659 1953 696 2025 in
723 1951 1426 2042 eodem.Mamalo,fun‹lu1nFunianum
1452 1953 1513 2027 via

294 2065 514 2140 Praenestina
532 2063 686 2138 miliario
711 2064 792 2161 plus
817 2064 937 2139 minus
954 2068 1025 2142 XV
1043 2090 1087 2140 ex
1104 2089 1247 2165 corpore
1273 2091 1399 2140 massua
1417 2066 1514 2140 Alia·

292 2205 358 2268 nre,
380 2178 592 2277 patrimonio
617 2177 814 2266 Tiburtino,
839 2190 985 2278 praestat
1001 2204 1065 2252 vrn
1083 2180 1165 2251 auri
1190 2177 1350 2276 siliquas,
1368 2182 1455 2254 Item
1474 2178 1513 2251 in

292 2294 425 2369 codem.
450 2293 628 2392 Stephano
654 2291 849 2382 exconsuli,
873 2292 1025 2366 fundum
1051 2290 1182 2381 Flabis,
1200 2303 1236 2366 et
1256 2291 1407 2365 fundum
1427 2295 1513 2365 Hor·

293 2433 364 2497 rea,
385 2408 454 2482 sita
471 2411 504 2480 V
523 2407 610 2481 mill.
633 2406 677 2481 ab
695 2407 782 2482 urbo
804 2409 914 2481 Roma
932 2405 992 2478 via
1010 2405 1148 2494 Latina,
1166 2414 1311 2503 praestat
1331 2430 1356 2477 11
1378 2428 1513 2480 aureos.

293 2524 390 2599 Idem
405 2523 443 2596 in
457 2522 588 2598 eodem.
598 2520 742 2597 [contio
756 2520 874 2609 militi,
889 2518 1038 2593 fundum
1051 2517 1201 2607 Auuias
1214 2518 1412 2592 otiandum
1429 2521 1514 2617 Spa·

292 2637 444 2725 tianum,
461 2635 529 2711 sito
551 2635 612 2709 ria
630 2638 871 2722 Nomentana,
890 2632 977 2706 mill.
994 2633 1039 2706 ab
1053 2633 1140 2706 urbo
1159 2635 1270 2706 Roma
1288 2631 1368 2728 plus
1393 2632 1512 2706 minus

292 2750 346 2824 XI
363 2757 509 2846 praestat
525 2750 578 2822 XI
597 2774 635 2820 ur
653 2748 732 2822 auri
756 2747 893 2821 solidos.
912 2751 998 2823 Haeo
1015 2746 1213 2843 Gregorius
1238 2746 1365 2820 iunior.
1383 2745 1514 2822 Zacha-

293 2864 366 2938 rias
383 2863 521 2938 veroin
540 2887 604 2936 suo
622 2864 707 2938 item
724 2863 877 2958 registro
889 2861 983 2937 locat
993 2860 1209 2936 Philiacario
1221 2860 1343 2935 comiti
1358 2886 1511 2934 massam

293 2976 537 3073 Pelagianam,
547 2975 800 3073 patrimonium
812 2974 1045 3062 Lavicannm,
1058 2985 1268 3074 praestatau
1283 2975 1363 3048 auri
1373 2973 1510 3048 solidos

294 3093 391 3167 Idem
406 3091 444 3163 in
462 3090 594 3165 eodem.
609 3089 827 3165 Christoloro
840 3115 994 3163 massam
1012 3087 1139 3177 Gallis,
1156 3113 1239 3163 curn
1257 3088 1421 3162 omnibus
1437 3088 1514 3163 suis

292 3203 530 3304 pertinentiis,
544 3212 580 3278 et
593 3203 744 3277 fundum
762 3204 956 3300 digitorum
972 3212 1008 3276 ct
1021 3200 1173 3275 fundum
1192 3202 1315 3275 Gabus
1327 3226 1412 3275 cum
1430 3201 1512 3276 lacu

294 3329 330 3395 et
348 3316 501 3393 fundum
519 3317 724 3406 Mariorum,
737 3317 888 3391 fundum
903 3314 1174 3405 Barbulianum‚
1186 3315 1248 3414 qui
1265 3323 1301 3389 ct
1318 3314 1514 3404 mutianus

294 3433 445 3508 fundum
455 3431 710 3506 Lucretianum
728 3431 790 3528 qul
808 3441 845 3506 et
857 3434 988 3518 Masta,
999 3429 1148 3503 fundum
1161 3428 1434 3527 Lampadiorum
1452 3430 1513 3527 qui

293 3556 330 3623 ct
340 3543 544 3632 Furnellus,
554 3544 703 3618 fundum
715 3545 929 3620 Flavianum
948 3542 1009 3643 qui
1023 3541 1426 3631 otCasamonachorum,
1436 3543 1515 3616 lun·

293 3662 378 3737 dum
397 3659 610 3748 Mediauam,
627 3659 778 3733 fundum
798 3658 982 3745 Formicis
1002 3658 1153 3731 laudum
1173 3656 1342 3732 Aurofilis
1365 3657 1451 3731 sitos
1476 3656 1514 3730 in

289 3780 458 3852 *Bursano
482 3774 660 3849 territorio
685 3775 861 3849 Gabinatc
879 3798 922 3848 ex
946 3795 1089 3871 corporc
1116 3770 1320 3868 patrimonii
1343 3770 1513 3845 Lauicani

295 3899 440 3990 praestat
456 3914 537 3962 anu
551 3889 630 3962 auri
644 3887 781 3962 solidos.
795 3888 891 3962 Idem
910 3885 946 3958 in
966 3885 1097 3960 eodem.
1118 3885 1211 3958 Alfio
1228 3883 1348 3974 militi,
1361 3883 1513 3958 fundum

295 4003 556 4079 Familioanum
584 4002 623 4075 in
647 4025 760 4075 annos
784 4002 946 4074 XXVIII
964 4021 1163 4095 excorporc
1189 4023 1314 4072 massae
1332 3996 1513 4094 Appianae,

297 4117 503 4217 patrimonii
521 4116 693 4191 Lauicani
715 4124 860 4213 praestat
877 4138 921 4185 ss
937 4112 1017 4185 auri
1036 4111 1196 4207 siliquas.
1215 4111 1310 4185 ldem
1329 4110 1365 4183 in
1383 4111 1514 4185 eodem.

297 4228 475 4304 Theodoro
499 4228 647 4315 notario,
670 4228 787 4304 casale
813 4225 934 4301 casula
960 4235 996 4300 ct
1020 4224 1230 4299 Testianum
1257 4232 1466 4323 praestantes
1489 4251 1514 4294 a

296 4342 376 4417 auri
394 4340 522 4415 solidos
539 4351 576 4417 et
592 4342 743 4415 fundum
762 4339 998 4437 'Ioganellum
1023 4348 1170 4435 praestat
1186 4361 1252 4436 aqu
1271 4337 1352 4410 auri
1373 4339 1513 4426 solidos

297 4466 335 4530 ct
360 4453 509 4529 fundum
529 4453 773 4543 Quadrautula
802 4464 946 4552 prostat
961 4474 1019 4526 aaa
1037 4453 1115 4526 auri
1137 4453 1289 4552 siliquas
1306 4479 1349 4528 ox
1373 4478 1515 4554 corporo
