3608 5498
989 565 1066 650 XX.

687 722 723 774 In
741 723 875 776 coneilio
894 723 1117 790 cartaginensi
1135 739 1207 793 esp.
1226 729 1369 780 XLVIII.

512 862 562 934 Ut
579 857 826 956 unusquisque
843 859 1031 958 presbyter
1048 886 1108 937 res
1125 884 1215 960 quas
1239 872 1317 961 post
1340 864 1435 938 diem
1458 864 1640 940 consecre-

417 971 525 1048 tionis
543 971 788 1070 acquisiverit,
806 972 955 1072 propriae
972 974 1142 1051 aeoolesiae
1159 975 1348 1075 relinquet.

978 1167 1072 1251 XXI.

829 1371 866 1422 In
883 1367 1034 1425 Africano
1053 1385 1125 1440 cop.
1145 1374 1215 1426 XV.

513 1533 564 1608 Ut
580 1530 777 1633 Episcopus
802 1532 907 1607 rebus
932 1532 1091 1609 ecclesiae
1116 1543 1287 1634 tunquam
1309 1536 1550 1626 commodatis,
1566 1559 1637 1621 non

414 1655 598 1744 tamquam
616 1646 768 1744 propriis
785 1654 920 1720 utetur.
931 1647 1039 1722 Irrita
1052 1673 1136 1725 vero
1148 1650 1216 1724 erit
1232 1650 1397 1750 Episcopi
1414 1649 1472 1725 vel
1485 1649 1637 1740 doneti0,

415 1759 474 1835 vel
488 1760 657 1850 venditio,
669 1759 728 1834 vel
741 1760 970 1835 commutatio
985 1761 1035 1837 rei
1051 1760 1222 1838 oecclesioe
1238 1763 1371 1861 absquo
1388 1757 1637 1839 convenientia

414 1873 472 1949 vel
489 1872 748 1972 subscriptione
766 1872 989 1949 clericorum.

983 2023 1094 2107 XXII.

692 2201 729 2252 In
747 2199 946 2253 Antiocheno
966 2200 1108 2254 concilio
1128 2213 1200 2267 cop.
1220 2200 1355 2253 XXIIII.

508 2334 660 2411 Probata
672 2345 794 2412 eutem
803 2346 839 2412 et
848 2345 946 2412 certa
955 2337 1083 2412 debent
1091 2361 1167 2412 esse
1176 2360 1256 2435 quoe
1264 2344 1349 2411 sunt
1358 2334 1630 2425 aeoclesiae,cum

411 2448 1631 2550 notitiepresbyterorum,etdieconorum,etomniacosseire,etnon

410 2567 588 2663 ignorare,
601 2589 681 2662 quoe
693 2576 779 2641 sunt
791 2565 932 2663 proprio
945 2565 1127 2657 ecclesie,
1136 2574 1172 2641 et
1185 2564 1277 2639 nihil
1290 2588 1348 2641 eos
1361 2563 1479 2639 lateat.
1492 2566 1541 2640 Ut
1549 2589 1632 2640 cum

410 2679 549 2754 venerit
566 2677 770 2779 episcopum
787 2678 887 2755 exire
904 2679 947 2753 de
965 2679 1336 2771 saeou10,soientosee
1353 2703 1433 2776 quse
1457 2687 1544 2753 sunt
1568 2702 1633 2752 reo·

414 2791 543 2883 olesiae,
560 2815 622 2891 per
640 2791 906 2890 neglegentiam
926 2794 1043 2892 perire
1062 2793 1210 2869 minime
1227 2792 1420 2892 patientur.

959 2996 1090 3080 XXIII.

830 3201 867 3253 In
886 3199 1003 3254 eodem
1021 3211 1093 3266 esp.
1113 3199 1212 3251 xxv.

507 3365 712 3441 Secundum
727 3363 936 3462 Apostolum
950 3364 1138 3453 dicentem,
1151 3360 1322 3437 babentes
1337 3360 1473 3437 vietum
1484 3370 1519 3436 et
1529 3370 1632 3458 tegu-

410 3487 572 3554 mentum
585 3478 641 3553 his
655 3478 811 3554 contenti
825 3503 961 3552 sumus.
975 3478 1013 3549 Si
1026 3485 1148 3552 eutem
1162 3477 1332 3574 Episcopo
1345 3475 1384 3548 iu
1401 3474 1459 3549 his
1472 3499 1542 3551 non
1555 3476 1630 3549 suf-

409 3591 495 3682 ficit,
512 3602 548 3669 et
564 3600 751 3668 convertat
762 3617 825 3667 -res
841 3590 1012 3666 aecclesiae
1025 3590 1063 3664 in
1075 3614 1158 3665 suos
1170 3590 1380 3665 domesticos
1393 3615 1491 3680 usus,
1503 3599 1540 3664 et
1552 3591 1631 3665 eius

408 3707 602 3795 commoda,
619 3715 655 3780 et
672 3706 932 3803 possessionum
950 3703 1077 3801 fruges
1090 3729 1160 3779 non
1172 3729 1257 3781 cum
1270 3703 1398 3779 notitia
1411 3704 1631 3802 presbytero

409 3847 489 3895 rum
509 3830 545 3897 et
561 3820 791 3897 diaconorum
808 3830 950 3910 tractet,
967 3819 1029 3895 sed
1044 3827 1081 3893 et
1098 3816 1302 3893 domesticis
1320 3816 1396 3890 suis
1413 3826 1448 3892 et
1464 3817 1631 3892 affinibus

409 3943 446 4010 et
463 3933 636 4009 fratribus
653 3943 717 4009 aut
734 3932 818 4008 filiis
835 3943 936 4032 parat
954 3941 1174 4032 potestatem,
1187 3941 1222 4008 et
1236 3955 1297 4030 per
1310 3954 1369 4007 eos
1383 3931 1473 4007 tales
1485 3932 1631 4007 abscon·
1699 3981 1706 3992 ·

407 4072 447 4124 se
464 4046 580 4124 ledere
597 4056 712 4124 certat
730 4073 786 4124 res
802 4046 984 4136 ecclesis,
999 4045 1098 4123 huno
1115 4043 1323 4121 convictum
1340 4045 1525 4121 subiecere
1539 4045 1630 4120 sino

408 4162 452 4237 do
469 4161 671 4260 provincius.
689 4162 727 4236 Si
744 4170 865 4236 eutem
883 4160 1004 4235 taliter
1021 4159 1206 4235 incusetur
1223 4157 1409 4257 episcopus
1425 4158 1469 4233 ab
1486 4158 1543 4233 his
1567 4159 1629 4258 qui

409 4299 490 4350 cum
510 4298 550 4351 eo
568 4284 654 4349 sunt
670 4275 899 4375 presbyteris,
915 4297 956 4349 eo
972 4275 1062 4372 quod
1081 4298 1160 4372 quoe
1177 4273 1357 4372 pertinent
1377 4274 1421 4348 od
1439 4273 1629 4351 eeclesiam

408 4388 485 4464 sive
502 4388 544 4463 de
561 4388 672 4485 agris,
689 4389 765 4465 sive
782 4389 826 4465 de
842 4389 963 4487 alique
979 4387 1179 4465 substantie
1196 4387 1367 4464 ecclesie
1384 4388 1451 4463 sibi
1469 4400 1629 4487 usurpet,

408 4510 444 4579 et
461 4526 633 4602 pauperes
650 4502 868 4594 tribuantur,
881 4502 944 4579 hos
956 4511 1091 4605 oportet
1107 4501 1241 4601 corrigi
1259 4502 1297 4577 iu
1314 4513 1439 4580 sancte
1455 4504 1600 4602 synode.
