3608 5498
799 379 930 441 -408
960 412 996 426 ·-

287 498 342 573 bis
359 496 429 575 tale
447 496 531 596 quid
549 496 696 573 iussisse
713 522 788 585 vos,
805 496 843 571 ni
860 497 1022 573 fallimur
1039 499 1214 575 hactenus
1232 497 1511 590 reminiscimur,

288 635 466 709 nusquam
484 633 546 685 vos
566 610 610 684 ad
626 619 764 685 tantam
783 611 880 687 circa
897 613 1014 688 sedem
1032 613 1127 688 beati
1146 613 1242 688 Petri
1261 613 1513 714 Apostolorum

287 723 467 822 Principis
492 723 727 799 irreverentia
752 724 937 801 devenisse
954 727 1200 823 cognovimus.
1222 726 1459 803 Revolventes
1477 753 1513 804 e-

286 838 362 912 nim
380 837 565 936 epistolam
592 863 699 937 quam
722 849 809 916 tunc
834 839 1056 916 venerabiles
1080 841 1271 941 episcopos,
1295 850 1332 916 et
1357 841 1511 916 Arsavir

288 952 485 1049 gloriosum
500 953 730 1054 spatharium
749 954 937 1043 miseratis,
950 954 1002 1028 nil
1015 955 1163 1030 iussisse
1177 954 1365 1044 vos-nobis,
1379 955 1440 1030 sed
1453 979 1514 1052 po-

288 1067 362 1142 tius
378 1066 580 1143 obsecrasse
597 1075 704 1166 atque
722 1091 866 1164 rogasse
891 1080 955 1143 nos
979 1068 1124 1144 omnino
1142 1069 1348 1168 reperimus.
1373 1073 1416 1144 In
1441 1093 1514 1168 quo

289 1182 395 1255 datur
410 1179 585 1277 intellegi,
601 1190 683 1256 cum
698 1206 796 1257 nuno
811 1181 916 1257 aliter
930 1181 1156 1278 prohibeatis,
1168 1191 1232 1257 aut
1244 1205 1308 1257 vos
1320 1181 1445 1267 oblitos
1457 1206 1515 1257 eo

290 1320 372 1368 rum
385 1293 496 1370 fuisse
509 1295 571 1393 qui
584 1303 690 1370 antea
704 1294 884 1371 miseratis
897 1307 961 1372 aut
973 1305 1069 1373 certe
1083 1296 1279 1395 penituisse
1292 1319 1354 1394 pro
1366 1295 1515 1396 hisquae

290 1407 709 1509 humiliterpetiveratis.

866 1603 934 1685 XO.

763 1817 846 1868 Item
864 1818 896 1868 ln
915 1817 1040 1871 eedem.

386 1975 487 2064 Quod
503 1985 624 2050 autem
643 1974 680 2048 hi
698 1976 759 2074 qui
777 1977 897 2052 anima
913 1978 988 2054 fato
1004 1978 1116 2053 fratre
1133 1989 1170 2053 et
1186 1977 1431 2053 comministro
1456 2000 1517 2051 no·

293 2102 367 2165 stro
380 2089 523 2185 Ignatio
539 2088 699 2186 depositi,
712 2099 748 2164 et
760 2094 1074 2182 excommunicati,
1086 2101 1123 2167 et
1135 2090 1428 2172 anathematizati
1440 2091 1521 2166 fue·

293 2213 386 2294 rant,
411 2203 550 2277 nullam
575 2205 749 2280 adversus
774 2230 857 2281 eum
883 2206 1086 2305 intorquere
1111 2206 1374 2281 damnationem
1397 2214 1520 2302 potue·

291 2328 388 2408 runt,
404 2343 449 2393 ex
464 2317 609 2415 prelato
625 2319 791 2394 secundae
808 2320 1024 2395 universalis
1037 2319 1165 2419 synodi
1179 2321 1294 2417 capite
1312 2318 1520 2394 declaratur

292 2458 375 2508 curn
393 2431 535 2507 dicitur.
554 2432 592 2505 si
610 2456 694 2508 vero
712 2432 994 2509 ecclesiasticum
1021 2433 1130 2509 fuerit
1155 2432 1292 2508 crimen
1318 2432 1411 2530 quod
1435 2430 1520 2529 Epi·

293 2568 397 2643 scopo
414 2544 556 2618 illatum
574 2545 684 2621 fuerit
702 2555 790 2621 tunc
807 2547 946 2645 probari
971 2555 1107 2645 oportet
1131 2545 1381 2622 accusantium
1403 2567 1520 2643 perso

292 2687 367 2737 uas.
384 2664 435 2736 Ut
451 2660 565 2759 primo
581 2661 723 2759 quidem
739 2661 909 2737 hereticis
925 2684 995 2736 non
1014 2659 1121 2736 liccat
1134 2659 1380 2735 accusationes
1393 2668 1520 2733 contra

292 2775 503 2850 orthodoxos
520 2775 700 2874 episcopos
717 2798 780 2873 pro
796 2774 1051 2850 ecclesiasticis
1068 2772 1223 2870 negotiis
1241 2774 1368 2848 facere.
1386 2772 1454 2847 Sed
1472 2797 1520 2846 ne

292 2889 357 2964 hos
373 2888 549 2964 hereticos
558 2912 634 2964 esse
647 2888 843 2985 denegetis,
856 2889 977 2964 audite
991 2888 1185 2986 sequentia.
1199 2887 1383 2963 Hereticos
1395 2896 1520 2960 autern

293 3001 413 3101 inquit
435 3003 619 3088 Dominus,
640 3012 714 3076 tam
740 3026 799 3077 eos
824 3002 885 3099 qui
911 3002 994 3077 olim
1020 3001 1064 3076 ab
1088 3000 1239 3077 ecclesia
1257 2999 1404 3098 proiecti
1422 3009 1522 3088 sunt,

293 3141 401 3216 quam
419 3117 481 3214 qui
498 3117 643 3216 posthac
661 3142 683 3190 a
700 3117 800 3193 nobis
817 3114 1110 3192 anathematizati
1127 3125 1221 3190 sunt.
1235 3117 1344 3187 Porro
1357 3112 1387 3186 si
1401 3112 1522 3188 adhuc

293 3255 361 3306 nec
377 3229 408 3303 si
425 3230 571 3305 creditis
587 3229 708 3305 audite
727 3231 819 3329 quod
837 3230 1012 3305 subditur.
1039 3232 1162 3304 Preter
1186 3228 1248 3303 hos
1265 3236 1384 3302 autem
1404 3227 1522 3316 aiunt,

294 3354 330 3420 et
345 3367 404 3419 eos
420 3344 483 3440 qui
500 3343 604 3418 fidem
621 3343 763 3442 quidem
783 3369 907 3418 sanam
922 3343 1096 3418 simulant
1109 3342 1281 3431 confiteri,
1295 3340 1522 3418 scismaticos

294 3458 403 3534 etiam
420 3466 457 3532 et
474 3478 533 3532 eos
550 3456 611 3555 qui
628 3481 786 3532 seorsum
804 3482 826 3530 a
843 3456 1190 3533 communicantibus
1207 3455 1309 3531 nobis
1334 3453 1522 3552 Episcopis

293 3572 459 3649 collectas
474 3571 622 3647 faciunt.
641 3571 775 3646 Deinde
793 3595 877 3646 vero
894 3583 930 3647 et
947 3573 977 3646 si
995 3572 1140 3670 quidam
1165 3571 1209 3646 ab
1234 3570 1386 3647 ecclesia
1411 3593 1522 3668 super

296 3686 415 3762 causis
431 3686 643 3784 quibusdam
661 3686 865 3784 reprehensi
889 3685 1027 3761 fuerint
1051 3696 1088 3761 ct
1112 3685 1270 3785 proiecti,
1294 3694 1358 3758 aut
1382 3706 1524 3759 exrom-

295 3801 483 3891 municati,
500 3801 577 3877 sive
594 3826 638 3877 ex
653 3801 759 3890 clerc,
775 3802 853 3876 sive
870 3825 915 3876 ex
931 3800 1014 3877 laici
1031 3801 1165 3888 ordine,
1181 3823 1248 3874 nec
1264 3799 1322 3873 his
1338 3797 1445 3874 licere
1463 3822 1524 3873 ac

296 3941 422 3994 cusare
439 3915 642 4017 episcopum
661 3923 853 4014 autequam
871 3916 1010 4014 proprio
1027 3915 1177 3991 crimine
1194 3911 1362 4013 primitus
1387 3936 1524 3987 exuan-

296 4043 367 4109 tur.
385 4031 558 4106 Similiter
575 4039 696 4106 autem
715 4030 852 4127 eosqui
870 4031 936 4107 sub
953 4031 1200 4106 accusationes
1217 4026 1325 4127 priori
1350 4026 1525 4116 existunt,

296 4170 367 4221 non
384 4154 467 4221 aute
485 4169 561 4221 esse
578 4144 815 4243 acceptabiles
833 4144 870 4217 in
888 4144 1153 4222 accusationem
1172 4140 1337 4240 episcopi,
1353 4148 1417 4214 aut
1437 4139 1524 4214 alio-

298 4287 377 4336 rum
396 4261 620 4350 clericorum,
636 4260 719 4358 quia
737 4259 774 4332 in
789 4259 891 4333 noxio
903 4258 1109 4356 semetipsos
1126 4257 1307 4331 illatorum
1326 4254 1393 4329 sibi
1406 4265 1525 4330 osten-

298 4374 416 4452 derint
431 4375 636 4450 criminum.
649 4372 742 4462 Quid
756 4383 876 4448 autern
894 4370 1042 4471 periculi
1062 4369 1198 4468 regulae
1211 4368 1321 4445 huius
1333 4365 1525 4445 immineat

297 4487 608 4588 contemptoribus,
624 4510 695 4565 non
711 4485 896 4586 ignoratis.
