3608 5498
952 401 1125 463 ..14-

426 524 661 599 Decousensu
676 523 733 597 rel
746 522 966 597 dissensione
979 545 1047 620 que
1069 522 1109 595 fit
1121 522 1158 595 in
1172 521 1343 597 electione
1360 522 1551 596 Pontificis.
1562 521 1645 618 Cap.

498 640 574 712 IIII.
592 638 721 713 XCVI.
739 638 849 713 CVII.
868 639 995 712 CXVI.

427 755 476 827 Ut
492 752 534 827 de
552 751 779 850 Presbyteris
796 752 855 826 rel
871 751 1038 826 Diaconis
1054 751 1212 825 eiusdem
1232 750 1402 825 Ecclesiae
1419 750 1576 845 eligatur
1602 752 1646 822 u
1701 850 1705 855 Ι

497 867 673 965 piscopus
694 868 778 965 Cap.
796 867 907 943 XCII.
925 867 1052 942 XCIII.
1070 866 1200 940 XCVI.
1217 865 1381 940 CXXIII.
1399 866 1522 940 CCVI.
1540 863 1578 938 in
1597 865 1646 936 11·

497 981 556 1055 lib.
574 1006 649 1080 cap.
669 982 835 1057 CXXXI.

426 1097 473 1169 Ut
491 1094 630 1170 laicalis
648 1105 800 1194 potestas
818 1121 854 1170 se
874 1120 942 1170 non
961 1095 1153 1172 interserat
1170 1094 1335 1170 electioni
1358 1093 1416 1168 vel
1438 1091 1646 1190 promotioni

495 1207 1646 1307 Pontificis.Cap.CCXLIIll.inlib.lll⁰cap.CLII.CLIII.CLIIII.

322 1413 331 1427 .
497 1324 538 1395 ln
551 1324 594 1396 II.
607 1323 773 1397 CXXXI.
786 1325 827 1396 In
841 1322 900 1396 lib.
915 1325 998 1397 ΙΙΙΙο
1012 1347 1087 1420 cap.
1102 1325 1163 1397 XI.
1177 1327 1274 1398 XVI.
1288 1326 1404 1398 XVII.
1418 1324 1550 1396 XVIII.
1564 1324 1646 1396 XX.

308 1468 311 1473 ¹
426 1436 526 1524 Quod
547 1437 577 1511 si
596 1438 789 1512 necessitas
806 1438 928 1534 exigat
950 1439 1060 1534 possit
1082 1437 1229 1511 invitari
1255 1436 1537 1535 acooperandum
1562 1436 1648 1534 (sic).

497 1550 582 1647 Cep.
601 1552 825 1625 XXXVIIII.
844 1553 883 1625 In
903 1550 992 1624 libro
1010 1553 1076 1624 Ill⁰
1095 1577 1169 1649 cap.
1187 1553 1308 1627 CLVI.
1331 1553 1469 1627 CLVII.
1496 1553 1536 1624 In
1563 1548 1648 1623 1111·

497 1667 595 1738 XVI.
612 1665 718 1763 capit.

426 1778 525 1866 Quod
537 1779 646 1854 etiarn
661 1780 894 1854 Constantius
909 1781 1086 1854 Arrianus
1098 1783 1304 1878 Imperator.
1317 1780 1418 1877 pulso
1428 1778 1565 1852 Liberio
1577 1802 1646 1853 uon

496 1891 718 1991 prohibuerit
736 1895 943 1970 Pontificem
962 1893 1115 1968 ordinari
1135 1894 1176 1968 de
1194 1897 1352 1967 Romano
1369 1891 1487 1990 clero.
1506 1892 1590 1988 Cap.
1609 1891 1645 1964 iu

500 2005 559 2079 lib.
577 2008 627 2080 ll⁰
646 2010 843 2081 LXXXIII.

426 2119 873 2310 Ubiiiioiiiiepigiiiianus
890 2121 1058 2217 eligatur.
1076 2122 1160 2218 Cap.
1180 2123 1352 2197 CXXXV
1357 2122 1416 2193 III.
1442 2120 1584 2196 CCVII.
1610 2121 1645 2192 iu

278 2334 282 2343 ’
386 2400 389 2411 .
425 2344 590 2432 Qualiter
606 2351 786 2421 Romanus
805 2348 969 2422 Pontifex
985 2347 1109 2423 debeat
1134 2349 1221 2444 eligi
1249 2348 1306 2422 vel
1332 2349 1545 2423 consecrari.
1564 2348 1648 2444 Cup.

499 2459 646 2534 XCVII.
664 2460 702 2533 in
719 2460 779 2535 lib.
797 2464 856 2535 11⁰.

293 2574 301 2615 ·'
425 2572 616 2646 Decretum
641 2571 825 2647 electionis
843 2573 956 2647 futuri
976 2575 1168 2650 Pontificio.
1186 2575 1223 2648 iu
1241 2577 1291 2648 ΙΙο
1309 2576 1368 2649 lib.
1386 2600 1462 2672 cap.
1480 2575 1608 2649 XCIII.

424 2685 473 2760 Ut
498 2684 625 2759 Clerus
659 2710 728 2761 non
754 2686 990 2785 compellatur
1014 2688 1060 2763 ad
1085 2688 1382 2763 subscribendum
1416 2686 1530 2760 illum.
1561 2686 1645 2784 Cap.

498 2798 643 2872 CVIIII.

425 2909 600 2986 Prolessio
617 2912 695 2987 eius
712 2924 905 3013 antequam
922 2926 1160 2991 consecretur.
1179 2916 1262 3012 Cap.
1276 2915 1420 2990 XCIIII.
1439 2915 1477 2986 iu
1496 2915 1546 2986 II⁰
1564 2912 1624 2986 lib.

425 3023 474 3097 Ut
490 3023 551 3120 qui
569 3023 705 3099 electus
721 3025 831 3101 fuerit
847 3052 866 3102 e
885 3027 1041 3123 vestigio
1058 3037 1299 3104 consecretur.
1318 3028 1401 3125 Cap.
1421 3026 1544 3101 CCIII.

427 3139 475 3211 Ut
491 3135 534 3210 ab
551 3137 716 3213 omnibus
733 3141 1092 3239 comprovincialibus
1109 3143 1292 3241 Episcopis
1309 3151 1547 3220 consecretur.
1565 3139 1650 3237 Cap.

497 3252 558 3326 Ill.
576 3254 701 3327 LXIII.
719 3255 896 3331 CCXllll.

425 3363 526 3450 Quod
542 3363 669 3440 electio
685 3366 779 3441 beati
797 3369 963 3463 Gregorii
982 3379 1018 3444 et
1034 3369 1128 3444 beati
1155 3370 1331 3444 Ambrosii
1355 3368 1544 3446 concordet
1568 3392 1649 3440 sau·

499 3486 566 3551 ctu
583 3477 781 3553 universali
800 3481 888 3553 VIII
905 3481 1041 3578 syuodo
1058 3482 1223 3579 quamvis
1241 3494 1320 3580 post
1337 3505 1395 3557 eos
1412 3493 1569 3578 tempore
1582 3480 1651 3579 pri-

499 3588 568 3777 1)in
560 3589 714 3775 lp'ycolai
728 3589 907 3667 celebrata
922 3592 978 3667 sit.
993 3594 1042 3670 Ca
1047 3618 1079 3694 p.
1093 3597 1271 3670 CLXXX.
1285 3595 1423 3672 CCXC.
1435 3598 1476 3668 In
1491 3595 1577 3670 llII⁹
1591 3593 1650 3667 lib.

426 3815 526 3903 Quod
547 3826 777 3892 consecratus
799 3821 980 3893 Romanus
999 3820 1158 3895 Pontifes
1176 3821 1253 3920 (sic)
1271 3820 1387 3895 tribus
1406 3818 1650 3918 patriarchali-

497 3926 564 4002 bus
577 3929 721 4005 sedibus
733 3931 942 4030 synodicam
961 3931 1102 4008 mittere
1119 3932 1231 4008 debet.
1250 3935 1334 4031 Cap.
1352 3933 1546 4008 CLXXXI.

428 4044 476 4117 Ut
493 4041 613 4119 natale
629 4043 861 4119 ordinationis
879 4069 952 4119 suae
969 4045 1176 4121 annualiter
1192 4046 1356 4122 celebret.
1374 4047 1458 4146 Cap.
1476 4048 1569 4122 CXI.

427 4153 528 4243 Quod
545 4178 616 4231 uno
632 4157 809 4233 existente
828 4159 1011 4249 Pontifice,
1027 4157 1120 4234 alter
1136 4157 1213 4235 eius
1231 4159 1268 4232 in
1287 4157 1363 4234 loco
1379 4184 1455 4235 esse
1480 4183 1551 4234 non
1577 4181 1652 4256 pos·

498 4267 556 4342 sit.
574 4267 658 4367 Cap.
676 4269 800 4345 CCXI.
819 4271 996 4347 CCXIIII.

427 4381 478 4456 De
495 4378 553 4454 his
569 4382 632 4480 qui
649 4384 746 4480 Papa
764 4384 955 4482 superstite
973 4408 1036 4483 pro
1053 4389 1211 4461 Romano
1228 4386 1443 4462 Pontificatu
1465 4385 1575 4460 alicui
1601 4386 1651 4458 fa·

502 4516 623 4571 vorem
642 4506 822 4595 praestent.
841 4497 925 4595 Cap.
942 4497 1054 4573 CVII.
1071 4497 1213 4575 CCXV.
