3608 5498
803 376 1001 438 ..483-

288 494 456 570 ciendum
472 495 607 569 malum
623 520 691 571 nee
701 495 832 572 iudicio
841 496 1075 594 plurimorum
1085 497 1291 593 acquiesces
1303 498 1532 598 sentiaelsr‘c)

287 611 329 681 ut
340 631 428 682 auro
439 608 571 695 devies,
584 609 750 706 pauperis
761 632 900 707 quoque
909 632 979 682 uon
989 609 1213 684 misereberis
1226 611 1263 683 iu
1276 612 1434 705 negotio,
1448 638 1527 687 uec

287 720 484 796 declinabis
500 722 538 794 iu
555 721 688 797 iudicio
703 722 792 796 eius.
810 726 865 796 Ne
880 721 1038 819 accipias
1063 747 1212 798 munera
1236 747 1317 820 quae
1340 736 1528 799 excecant

288 834 395 910 etiam
416 833 609 931 prudentes
625 844 662 909 et
678 834 895 909 subvertunt
911 833 1020 908 verba
1032 832 1221 908 iustorum.
1234 835 1432 930 Peregrino
1445 861 1528 912 rno-

286 947 630 1023 lestusuoneris.1n
641 948 811 1023 Levitico.
824 950 866 1020 In
879 945 1012 1022 iudicio
1023 971 1094 1020 non
1107 948 1310 1023 consideres
1323 973 1523 1046 personam

289 1061 468 1160 pauperis,
486 1085 553 1136 uec
570 1060 721 1135 honores
739 1062 842 1135 vultu
857 1058 1019 1159 potentis.
1037 1062 1195 1157 AEquum
1209 1061 1382 1136 iudicium
1396 1062 1446 1135 sit
1460 1063 1523 1136 iu·

290 1182 344 1248 ter
365 1195 439 1258 uos,
455 1171 533 1245 sivo
549 1170 653 1258 civis,
669 1170 747 1245 sive
766 1173 979 1268 peregrinus
991 1175 1204 1270 peccaverit.
1217 1178 1259 1248 Iu
1272 1179 1441 1249 Numero.
1455 1178 1521 1253 Ad

289 1283 401 1357 unius
421 1281 665 1357 testimonium
695 1306 798 1357 nemo
822 1284 1148 1383 condempnabitur.
1172 1290 1215 1360 In
1233 1291 1526 1364 Deuteronomio.

292 1396 403 1471 Nulla
420 1396 490 1470 erit
505 1395 675 1470 distantia
694 1420 933 1494 personarum.
946 1400 1005 1470 'Ita
1022 1399 1117 1472 enim
1135 1399 1290 1474 audietis
1303 1425 1458 1497 parvum
1474 1415 1526 1478 ut

290 1534 464 1606 magnum
475 1534 541 1584 nec
553 1510 738 1607 accipietis
751 1512 965 1609 cuiusquam
981 1535 1167 1607 personam
1181 1515 1265 1611 quia
1276 1517 1340 1589 Dei
1353 1527 1409 1590 est
1421 1517 1524 1590 iudi-

290 1623 398 1698 cium.
421 1622 561 1698 Iudices
585 1632 622 1696 et
647 1624 838 1718 magistros
861 1623 1078 1698 constituere
1101 1625 1138 1696 iu
1163 1626 1328 1700 omuibus
1353 1628 1429 1701 tuis
1454 1653 1528 1725 per

290 1734 457 1831 singulas
481 1734 597 1809 tribus
621 1745 702 1809 tuas
720 1747 761 1808 ut
778 1735 938 1810 iudicent
963 1736 1132 1834 populum
1159 1739 1253 1812 iusto
1278 1740 1422 1827 iudicio,
1443 1767 1520 1817 uec

291 1847 329 1921 in
356 1848 504 1923 alteram
530 1858 668 1944 partem
693 1848 883 1923 declinent.
908 1853 987 1922 Non
1013 1850 1122 1925 stabit
1146 1852 1248 1925 testis
1272 1878 1368 1926 uuus
1389 1866 1525 1928 contra

291 1961 459 2059 aliquem.
472 1961 650 2059 Quicquid
667 1960 757 2035 illud
775 1961 912 2057 pcccati
929 1972 995 2050 est,
1012 1962 1125 2038 sedet
1143 1965 1180 2036 in
1197 1987 1256 2039 ore
1274 1965 1438 2052 duorum,
1456 1969 1524 2043 vel

291 2074 402 2148 trium
419 2075 566 2148 testium
585 2074 695 2148 stabit
710 2097 813 2149 omne
830 2073 991 2149 verbum.
1010 2076 1048 2148 Si
1073 2078 1213 2152 steterit
1234 2078 1336 2152 testis
1361 2080 1525 2155 mendax

291 2196 415 2263 contra
432 2186 611 2260 homiuem
630 2210 806 2260 accusans
822 2211 903 2260 eum
922 2189 1226 2284 prevaricationis,
1248 2191 1394 2267 stabunt
1411 2193 1524 2268 ambo

293 2322 444 2397 quorum
462 2324 572 2375 causa
585 2309 735 2374 estante
749 2302 861 2374 Deum
877 2301 915 2372 iu
929 2314 1119 2400 conspectu
1137 2304 1361 2379 sacerdotum
1375 2318 1412 2378 ct
1426 2306 1525 2379 iudi·

290 2439 385 2488 cum.
402 2414 565 2510 Cumque
581 2413 858 2509 diligentissime
876 2424 1151 2511 perscrutantes,
1172 2417 1363 2491 inveniunt
1381 2416 1519 2491 falsum

291 2536 419 2601 testem
438 2526 569 2600 dixisse
587 2526 813 2600 mendacium
832 2537 954 2601 contra
972 2528 1121 2602 fratrom
1134 2554 1252 2617 suum,
1265 2530 1411 2604 reddent
1424 2532 1458 2604 oi
1471 2532 1525 2605 si·

291 2651 355 2717 cut
371 2639 473 2714 fratri
491 2664 556 2714 suo
573 2641 690 2715 faeere
707 2642 896 2736 cogitavit,
915 2650 955 2714 ut
972 2641 1157 2716 audientes
1174 2643 1285 2717 ceteri
1300 2655 1436 2717 metum
1454 2644 1521 2719 ha-

290 2754 409 2843 beant,
425 2765 461 2829 ct
474 2779 698 2852 nequaquam
712 2756 867 2829 audeaut
880 2755 1006 2828 lacere.
1019 2758 1099 2829 Non
1114 2755 1336 2830 misereberis
1349 2756 1439 2841 eius.
1454 2759 1518 2832 sed

291 2868 448 2942 animam
466 2892 529 2967 pro
545 2869 677 2957 anima,
693 2870 836 2944 oculum
855 2890 918 2966 pro
934 2865 1046 2955 oculo,
1064 2867 1205 2942 dentem
1221 2891 1282 2965 pro
1294 2868 1399 2942 doute
1415 2870 1520 2943 resti-

292 2991 381 3057 tues.
399 2982 468 3069 Qui
486 2985 608 3056 autem
627 2982 840 3079 superbierit
857 2980 981 3056 nolens
997 2979 1137 3055 obedire
1155 2981 1350 3056 sacerdotis
1367 2982 1521 3079 imperio

292 3096 354 3195 qui
366 3096 548 3170 ministrat
561 3095 707 3169 Domino
717 3098 788 3170 Deo
797 3105 870 3181 tue,
882 3120 926 3169 ex
938 3095 1078 3168 decreto
1092 3094 1220 3170 iudicis
1234 3095 1405 3168 moriatur
1415 3095 1522 3171 homo

291 3209 353 3284 illc
366 3218 402 3284 et
414 3209 556 3283 auferes
575 3207 708 3281 malum
723 3208 765 3282 de
783 3207 897 3281 medio
914 3206 1035 3295 Israel,
1049 3217 1089 3280 ut
1103 3207 1227 3280 nullus
1239 3207 1406 3306 deinceps
1420 3209 1518 3283 iutu-

293 3333 427 3397 mcscat
436 3321 610 3420 superbia.
621 3321 834 3395 Maledictus
848 3319 909 3417 qui
924 3318 1096 3416 pervertit
1109 3319 1283 3394 iudicium
1296 3319 1443 3409 advene,
1453 3345 1518 3418 pu-

292 3435 369 3534 pilli
383 3445 419 3510 et
432 3436 560 3509 viduae.
574 3433 788 3508 Maledictus
803 3434 864 3531 qui
878 3432 1010 3529 accipit
1024 3457 1184 3520 munera,
1198 3443 1239 3507 ut
1253 3433 1430 3530 percutiat
1442 3435 1520 3507 aui·

292 3574 386 3622 mam
404 3548 594 3644 sauguinis
619 3547 830 3623 innocentis.
844 3549 932 3621 1013.
954 3546 1056 3641 Ignis
1077 3546 1260 3621 devorabit
1279 3546 1515 3621 tabernacula

292 3686 415 3738 eorum
434 3662 494 3760 qui
514 3686 663 3736 munera
680 3660 831 3736 libenter
844 3659 1037 3757 accipiunt.
1056 3660 1171 3733 Causa
1190 3684 1296 3757 quam
1315 3658 1518 3734 nesciobam

296 3773 574 3871 diligentissime
598 3773 872 3870 investigabam.
890 3770 1122 3847 Conterebam
1143 3772 1252 3845 molas
1277 3771 1392 3869 iniqui
1417 3780 1453 3845 et
1478 3772 1522 3847 de

295 3887 463 3964 dentibus
471 3887 785 3963 illiusaulorebom
800 3886 964 3985 praedam.
977 3887 1080 3959 Osun.
1089 3885 1367 3961 Misericordiam
1382 3894 1417 3959 et
1431 3885 1522 3960 iudi-

293 4002 390 4076 cium
408 4001 558 4090 custodi,
583 4011 619 4076 et
643 4025 745 4099 spera
770 4002 806 4073 in
833 4004 905 4074 Deo
930 4009 991 4073 tuo
1020 4023 1168 4096 semper.
1185 4000 1289 4074 Odite
1307 3998 1454 4086 malurn,
1480 4009 1519 4073 et

292 4114 497 4190 constituite
511 4114 547 4187 in
562 4125 660 4213 porta
679 4114 853 4189 iudicium
871 4114 903 4187 si
919 4113 1007 4185 forte
1023 4113 1234 4186 misereatur
1248 4112 1421 4186 Dominus
1435 4111 1519 4186 reli·

294 4229 388 4325 quiis
402 4227 536 4324 Ioseph.
551 4228 715 4302 Indicabo
729 4228 793 4301 tibi
808 4227 911 4300 bomo
923 4227 1008 4323 quid
1023 4226 1070 4299 sit
1082 4225 1213 4299 bouum
1227 4235 1291 4300 aut
1304 4226 1388 4323 quid
1400 4225 1520 4298 Domi-

293 4363 362 4413 uus
380 4338 538 4436 requirat
554 4364 576 4412 a
593 4350 638 4426 te,
656 4340 779 4437 utique
797 4339 914 4414 facore
932 4339 1105 4414 iudicium
1124 4348 1160 4412 et
1177 4337 1353 4413 iustitiam
1368 4349 1403 4411 et
1422 4337 1520 4411 solli·

294 4451 407 4529 citum
424 4450 609 4529 ambulare
626 4477 709 4528 curu
735 4456 805 4530 Deo
823 4462 892 4530 tuo.
912 4457 990 4529 Nou
1009 4451 1171 4552 pervenit
1196 4476 1309 4550 usquc
1334 4451 1379 4526 ad
1405 4451 1519 4525 finem
