3608 5498
860 551 930 636 LV.

383 725 551 801 Gelasins
576 723 788 800 Herelevvm
812 724 970 820 Reginis.
997 725 1067 811 Qui
1097 747 1159 821 pro
1184 724 1285 800 victu
1310 747 1516 823 pauperum

287 843 423 913 Domno
440 837 512 912 filio
529 862 606 912 meo
624 836 922 913 excellentissimo
944 837 1026 933 regi¹
1046 861 1129 911 eum
1156 837 1246 911 meis
1270 837 1402 912 litteris
1426 863 1517 937 sup

288 953 448 1051 plicaret,
466 954 611 1025 Petrum
624 951 795 1026 aecolesiae
811 949 1028 1025 defensorem
1046 949 1202 1045 dirigere
1215 950 1411 1047 properavi.
1429 953 1514 1037 Quo

289 1065 455 1139 veniente
474 1062 730 1138 sublimitatem
749 1085 887 1160 quoque
905 1072 1003 1135 tuam
1022 1061 1181 1137 salutare
1198 1087 1268 1137 non
1286 1062 1417 1152 destiti,
1429 1063 1515 1162 plu-

287 1177 417 1251 rimum
445 1177 648 1275 deprecans,
666 1186 707 1250 ut
732 1200 793 1273 pro
810 1185 939 1250 vostrae
957 1174 1086 1249 salutis
1102 1185 1139 1250 et
1155 1176 1400 1273 prosperitatis
1417 1200 1515 1272 aug·

289 1289 421 1365 mentis
430 1289 615 1386 egentium
625 1315 754 1363 causas
766 1290 891 1363 iuvere
904 1289 1114 1385 dignemini.
1124 1290 1339 1365 DataVkal.
1348 1290 1516 1365 Martias.

852 1462 940 1547 LVI.

292 1668 297 1675 ·
381 1637 549 1711 Gelasius
566 1636 776 1732 Quinigosio
801 1646 837 1710 et
859 1635 1093 1712 Constantino
1111 1636 1295 1734 Episcopis
1319 1636 1413 1711 inter
1438 1661 1510 1711 οω-

276 1758 374 1824 -tera,
392 1748 494 1824 Felix
514 1758 550 1822 et
566 1751 695 1823 Petrus
712 1748 871 1824 ecclesias
887 1747 1035 1822 Nolanae
1052 1748 1176 1823 clerici
1193 1749 1454 1823 contumaciter
1472 1767 1514 1824 et

287 1871 411 1935 contra
428 1860 661 1935 constitutum
680 1859 827 1935 rebelles
843 1860 888 1934 ad
905 1860 1114 1935 comitatum
1131 1861 1183 1934 fili
1202 1861 1271 1936 mei
1290 1861 1386 1956 regis
1404 1871 1514 1957 puta·

291 1984 424 2048 verunt
440 1998 516 2048 esse
529 1973 962 2073 properandum,dicentes
983 1973 1050 2048 sibi
1065 1974 1141 2048 vim
1158 1974 1271 2049 fuisse
1287 1986 1513 2070 generatam,

286 2086 395 2162 tacito
411 2086 603 2162 clericatus
620 2086 742 2161 officio.
760 2091 807 2161 Et
830 2088 1043 2163 auctoritate
1059 2090 1260 2185 promerita,
1277 2098 1400 2163 contra
1418 2089 1512 2164 eivi-

288 2199 425 2275 litatem
437 2199 626 2297 redemptis
636 2200 703 2274 sibi
712 2200 883 2289 barbaris
894 2201 1177 2301 suprascriptum
1187 2202 1510 2301 episcopnmsuum

287 2313 462 2409 gravibus
471 2312 615 2387 iniuriis
628 2321 665 2388 et
676 2313 870 2410 dispendiis
883 2315 1088 2388 affecerunt.
1098 2314 1250 2388 Proinde
1264 2314 1511 2389 necessarium

291 2426 373 2516 fuit,
392 2436 433 2500 ut
449 2427 498 2501 ad
509 2427 672 2501 eumdem
694 2427 863 2501 domnum
885 2427 998 2500 filium
1016 2451 1135 2502 meum
1153 2428 1380 2526 supradictus
1396 2427 1511 2502 frater

290 2551 410 2616 nostor
423 2544 578 2615 Serenus
592 2541 777 2638 opiscopus
789 2536 1002 2615 convolaret.
1012 2542 1233 2639 Ostensaque
1245 2539 1370 2616 fraude
1383 2564 1513 2614 secun-

288 2654 374 2726 dum
399 2652 655 2728 beatitudinem
679 2663 879 2752 temporum
904 2678 1050 2729 snorum
1076 2654 1133 2726 vir
1157 2652 1511 2751 praecellentissimus

291 2766 388 2840 filius
407 2791 508 2841 meus
524 2766 762 2842 Theodericus
780 2792 853 2857 rex,
870 2768 914 2842 ad
934 2776 1096 2841 nostrum
1113 2776 1342 2841 contumaces
1358 2765 1512 2841 clericos

291 2880 431 2956 remisit
446 2904 605 2956 examen.
621 2885 669 2957 Et
686 2890 823 2956 caetera.

840 3044 948 3130 LVII.

383 3219 554 3315 Pelagius
567 3219 716 3294 Iohanni
735 3219 854 3296 comiti
869 3218 1079 3295 Patrimonii
1091 3216 1335 3314 Anagnostieo
1346 3217 1440 3292 inter
1454 3244 1514 3293 ce-

289 3343 376 3408 tera.
395 3334 705 3409 Clementissimus
723 3334 888 3434 princeps
904 3331 1134 3428 generalibus
1151 3332 1293 3428 legibus
1310 3331 1513 3420 constituit,

289 3445 353 3519 illa
370 3471 473 3521 sacra
492 3447 774 3544 uniuscuiusque
792 3446 1028 3545 supplicantis
1052 3446 1223 3522 desiderio
1240 3470 1407 3520 concessa
1422 3471 1515 3544 prae-

250 3587 251 3590 *
288 3558 423 3646 valere,
437 3570 473 3634 ot
493 3559 637 3634 effectui
655 3560 864 3657 mancipari,
882 3584 960 3656 quae
973 3584 1055 3633 cum
1068 3559 1157 3632 iuris
1174 3569 1209 3632 et
1226 3558 1349 3654 legum
1369 3559 1511 3634 ratione

252 3696 254 3700 ⁴
273 3664 511 3747 'concordant
530 3676 582 3746 Ea
607 3697 691 3747 vero
709 3698 787 3771 quoe
804 3671 1019 3771 subrepticie
1036 3671 1094 3744 vol
1110 3669 1211 3745 salsis
1229 3670 1392 3768 precibus
1409 3670 1517 3744 forsi-

290 3795 352 3858 tan
369 3785 619 3885 impetrantur,
636 3787 777 3860 nullum
795 3785 1081 3886 supplicantibus
1097 3784 1192 3858 ferre
1210 3784 1416 3860 remedium.

835 3951 960 4035 LVHI.

391 4124 591 4220 Gregorius
604 4124 781 4199 Mauricio
793 4123 1012 4222 Imperatori.
1025 4125 1066 4197 In
1084 4121 1216 4197 divinis
1232 4122 1381 4221 eloquiis
1397 4147 1523 4198 sacer-

289 4238 388 4311 dotes
405 4238 595 4335 aliquendo
618 4239 679 4328 dii,
698 4238 889 4336 aliquando
914 4237 1036 4333 angeli
1062 4244 1247 4310 vocantur.
1264 4239 1357 4310 Nam
1383 4246 1419 4310 et
1450 4260 1520 4334 per

291 4355 441 4446 Moysen
454 4350 497 4425 de
514 4375 554 4426 eo
570 4353 632 4450 qui
650 4353 694 4426 ad
711 4352 952 4426 iuramentum
971 4351 1198 4424 deducendus
1215 4358 1269 4424 est
1285 4349 1427 4424 dloitnr.
1441 4357 1521 4449 Ap-

292 4461 386 4564 plica
402 4462 506 4537 illum
528 4466 572 4540 ad
597 4466 678 4542 deos
704 4464 870 4541 videlieet
894 4465 939 4540 ad
964 4463 1174 4540 sacerdotes.
1191 4467 1238 4539 Et
1263 4488 1406 4538 rursum
1424 4466 1521 4540 sori·
