3608 5498
806 387 1002 448 -loo-

289 520 368 585 tuta
378 508 514 584 Christi
527 507 696 605 quosdam
712 507 804 583 velle
817 508 1128 597 subvertere,cum
1142 509 1250 582 XXX
1263 530 1439 582 annorum
1453 506 1513 582 lex

285 624 446 698 omniurn
464 646 533 696 non
552 621 662 718 possit
678 621 852 718 abrumpi.
873 625 1047 696 Sanctum
1074 621 1314 696 Athanasium
1339 622 1418 697 ideo
1442 643 1513 695 non

288 737 398 811 fuisse
416 736 623 809 damnatum
643 761 664 807 a
682 735 817 832 synodo
835 736 1004 823 Orientis,
1022 735 1107 834 quia
1131 735 1231 811 sedes
1248 736 1317 810 ista
1338 759 1407 809 non
1433 758 1517 810 con·

288 850 449 924 senserit.
472 851 644 923 Sanctum
668 847 861 924 Iohannem
882 836 1326 946 Constantinopolitanum,
1347 859 1514 923 sanctum

289 963 515 1037 Flavianum.
535 962 571 1035 Si
586 984 673 1057 ergo
685 987 726 1035 ιι
740 985 807 1036 non
823 963 1066 1038 consentiente
1084 963 1170 1052 sola,
1182 962 1244 1061 qui
1257 961 1416 1037 damnati
1429 971 1516 1035 sunt

289 1101 310 1148 a
331 1074 451 1148 sinodo
464 1072 620 1148 Orientis
638 1096 707 1147 non
722 1083 915 1171 potuerunt
931 1100 1007 1150 esse
1025 1075 1195 1167 damnati,
1212 1099 1433 1172 consequens
1450 1083 1515 1163 est,

288 1189 396 1263 etiam
415 1188 492 1261 sine
510 1186 630 1260 sinodo
647 1211 708 1284 qur
701 1186 848 1262 eadem
865 1187 939 1260 sola
957 1188 1129 1263 damnant
1114 1198 1149 1263 te
1175 1189 1366 1262 damnatus
1393 1187 1515 1274 fuerit,

288 1300 434 1375 damnat
420 1310 479 1375 us
496 1303 599 1372 sr
601 1309 710 1396 tptos
728 1324 850 1397 pauca.
867 1302 1163 1386 Quaverostntu
1123 1300 1358 1376 ttaChristi
1384 1299 1516 1374 dixerit

291 1414 443 1488 inferius
467 1412 685 1511 explanavit
660 1414 784 1488 tsede
806 1413 1007 1511 Apostolica
1033 1437 1103 1487 non
1129 1413 1383 1501 consentiente,
1406 1412 1517 1488 nerni-

290 1554 371 1604 nem
389 1529 561 1616 damnari,
579 1528 700 1602 etsolo
714 1553 756 1603 ca
769 1527 1024 1616 consentiente,
1042 1526 1308 1624 quidamnatus
1321 1526 1442 1614 fuerit,
1455 1526 1516 1600 da·

293 1652 393 1716 mnat
396 1669 438 1715 us
379 1641 580 1716 thabeat
566 1651 625 1714 tur
628 1641 859 1738 ,exposuitS
861 1650 976 1714 ιιιιιι
995 1641 1117 1767 itaque
1131 1639 1265 1715 Christi
1279 1639 1369 1714 dixit
1355 1651 1441 1714 teos
1453 1664 1517 1737 per

292 1754 508 1851 quingentos
520 1777 632 1827 annos
644 1753 737 1827 velle
751 1752 959 1828 subvertere
962 1753 1064 1851 ,quia
1083 1753 1152 1827 iam
1169 1753 1359 1851 quinquies
1372 1753 1517 1835 centeni

290 1866 434 1942 circiter
451 1867 536 1940 anni
555 1867 802 1965 praeterierant
818 1868 960 1965 quando
977 1867 1036 1942 hic
1055 1867 1270 1943 venerabilis
1284 1871 1380 1965 Papa
1393 1867 1517 1942 dicens

292 1980 417 2055 Sedem
437 1979 676 2077 Apostolicam
695 1991 830 2055 statuta
845 1980 978 2056 Christi
994 1979 1229 2078 promeruisse
1242 1981 1386 2055 fatetur.
1402 1977 1518 2052 Privi-

294 2094 391 2191 legia
408 2095 504 2171 enim
523 2120 589 2168 sua
602 2119 623 2167 a
637 2094 781 2171 Christo
794 2094 956 2172 Ecclesia
969 2099 1127 2170 Romana
1141 2119 1203 2192 per
1217 2097 1364 2170 Petrum
1378 2119 1518 2170 conser-

292 2218 377 2283 vata
393 2220 449 2284 est
465 2221 501 2284 et
517 2209 594 2306 ipsa
610 2219 697 2283 sunt
713 2219 849 2285 statuta
867 2209 1012 2285 Christi.

823 2437 991 2522 CXXXI.

389 2655 563 2730 Iohannes
576 2659 672 2730 VIII.
686 2655 824 2743 Quaeris
837 2655 918 2753 quis
932 2654 1233 2751 metropolitanus,
1246 2655 1342 2728 intra
1356 2658 1407 2728 III
1422 2679 1519 2730 men·

295 2794 350 2843 ses
359 2769 635 2844 consecrationis
645 2796 730 2856 suae,
739 2769 782 2842 ad
795 2768 898 2842 fidem
913 2794 1014 2842 suam
1028 2769 1281 2866 exponendam,
1292 2769 1517 2867 Palliumque

293 2883 558 2981 suscipiendum
579 2882 780 2980 Apostolica
798 2883 880 2958 sede
897 2882 998 2956 nulla
1012 2882 1212 2957 inevitabili
1226 2885 1439 2959 necessitate
1452 2885 1519 2957 im·

295 2996 451 3072 minente
470 3021 539 3071 non
563 2998 709 3084 miserit,
735 2998 921 3071 commissa
947 2996 1014 3069 sibi
1040 3007 1161 3071 careat
1185 2997 1374 3094 drgnitate,
1399 2998 1449 3072 ita
1477 3007 1520 3072 ut

295 3111 429 3184 tamdiu
449 3110 637 3208 episcopali
661 3110 714 3184 illi
733 3111 806 3185 sedi
831 3110 933 3185 cedat
920 3109 1126 3207 tomnique
1152 3111 1383 3186 consecrandi
1410 3110 1519 3186 licen·

295 3225 710 3322 ticcareat,qua1ndiu
700 3252 736 3298 m
755 3222 959 3322 exponenda
977 3222 1055 3312 fide,
1072 3234 1108 3297 et
1125 3223 1162 3296 in
1184 3224 1388 3321 exponendo
1412 3222 1519 3361 pallio

295 3336 453 3431 priscum
472 3361 605 3412 morem
623 3339 885 3435 contempserit

817 3562 1003 3645 cxxxvt

393 3788 576 3883 Nycolaus
594 3789 724 3861 Iunior.
742 3791 829 3874 Quae
846 3797 967 3861 autem
986 3789 1172 3885 provincia
1190 3814 1253 3887 per
1275 3789 1393 3863 omnia
1410 3799 1521 3864 terra·

299 3924 379 3971 rum
405 3924 519 3994 regna
544 3927 565 3972 ι
590 3904 758 3974 Romanae
784 3900 954 3975 Ecclesiae
979 3901 1118 3977 dicione
1144 3911 1313 3977 extranea
1335 3901 1520 3999 reperitur,

298 4012 956 4112 cuiusarbitrioipsumquoqueoelum
973 4015 1161 4090 clauditur.
1172 4015 1521 4113 etaperitur.0mnis
1588 4080 1593 4087 .

298 4135 419 4198 autem
446 4126 522 4201 sive
549 4127 782 4225 patriarchivi
808 4126 1001 4201 cuiuslibet
1023 4128 1171 4225 apicem,
1188 4128 1265 4202 sive
1287 4127 1521 4225 metropoleon

299 4238 485 4335 primatus,
498 4253 562 4313 aut
575 4242 842 4339 episcopatuum
862 4239 1059 4327 cathedras,
1075 4240 1133 4315 vel
1152 4240 1385 4316 ecclesiarum
1403 4240 1524 4313 cuius·

298 4375 451 4448 cumque
468 4353 603 4427 ordinis
619 4353 835 4448 dignitatem
850 4353 925 4450 ipsa
941 4352 1109 4426 instituit.
1123 4351 1223 4426 Illam
1240 4374 1325 4426 vcro
1337 4352 1433 4425 solus
1447 4352 1523 4449 ipse

300 4463 476 4553 fundavit,
492 4476 529 4540 et
545 4490 652 4563 super
669 4474 805 4563 petram
825 4465 905 4539 fidei
920 4489 999 4540 mox
1013 4466 1194 4542 nascentis
1206 4465 1330 4554 erexit,
1344 4465 1406 4563 qui
1419 4465 1523 4541 beato
