3608 5498
809 401 1006 464 -400-

292 528 397 617 petus
414 519 534 595 carnis
555 544 594 596 se
618 520 686 596 sub
711 520 890 597 velamine
914 519 1113 619 spiritualis
1137 520 1292 618 impetus
1317 521 1452 618 palliat,
1476 531 1517 598 et

291 633 382 731 quod
400 635 593 710 carnaliter
610 635 698 711 lacit
716 636 890 711 mentitur
907 636 975 710 sibi
989 634 1065 734 ipsa
1078 631 1248 731 cogitatio
1260 636 1353 733 quod
1366 635 1432 712 hoc
1444 637 1517 734 spi·

292 748 471 823 ritualiter
487 747 584 825 facit.
601 751 695 823 Nam
713 773 795 846 sepe
813 750 895 847 quis
913 750 1108 825 iracundiae
1130 748 1276 824 stimulo
1293 749 1414 826 victus
1431 773 1515 825 con·

290 869 346 935 tra
360 861 607 961 delinquentes
620 863 694 938 zelo
710 864 922 938 ulciscendae
935 864 1083 938 iustitiae
1097 863 1283 962 plusquam
1299 888 1443 939 necesse
1456 873 1514 939 est

292 973 547 1065 inflammatur,
564 985 600 1050 et
617 976 765 1051 iustitiae
782 976 935 1052 limitem
952 977 990 1050 in
1008 977 1181 1053 ultionem
1205 978 1384 1052 transiens
1401 1001 1513 1073 agere

291 1087 484 1163 crudeliter
497 1113 605 1186 quam
618 1113 655 1164 se
669 1113 777 1184 agere
790 1089 884 1164 iuste
898 1091 1125 1190 suscipiatur.
1135 1094 1294 1188 Impetus
1306 1091 1422 1187 igitur
1435 1114 1513 1165 car-

290 1201 348 1273 nis
365 1201 450 1277 hinc
467 1202 629 1299 suspeoie
646 1202 796 1300 spiritus
811 1203 954 1278 velatus
975 1214 1030 1280 est
1054 1206 1150 1307 operi
1175 1213 1212 1279 et
1236 1204 1304 1279 hoc
1329 1204 1424 1279 iuste
1448 1204 1513 1299 agi

292 1314 451 1389 creditur
460 1316 526 1389 sub
535 1315 760 1391 discretionis
769 1316 1008 1393 moderamine
1021 1341 1092 1394 non
1106 1327 1261 1393 tenatur.
1269 1321 1316 1392 Et
1325 1341 1405 1413 sepe
1418 1316 1513 1390 alius

291 1427 412 1502 nimiae
433 1428 701 1516 mansuetudini
717 1430 865 1504 studens
881 1431 1121 1507 subiectorum
1139 1432 1229 1505 vitia
1246 1431 1385 1529 aspicit,
1402 1439 1510 1528 atque

291 1540 328 1615 hi
346 1564 407 1638 per
423 1542 600 1618 servorem
618 1542 686 1618 zeli
702 1543 882 1638 corrigere
901 1567 970 1618 non
988 1545 1119 1633 studet,
1137 1544 1199 1642 qui
1224 1544 1263 1618 in
1287 1543 1340 1618 eis
1360 1542 1513 1619 crudeli·

291 1663 345 1728 ter
363 1677 433 1727 non
450 1656 658 1752 corrigendo
677 1654 903 1754 multiplicat.
921 1656 1048 1754 Fitque
1065 1667 1107 1732 ut
1126 1658 1205 1732 eius
1229 1657 1359 1732 lenitas
1383 1666 1420 1733 et
1443 1656 1512 1731 sibi

291 1769 339 1844 sit
356 1780 392 1845 et
404 1771 573 1845 subiectis
587 1771 746 1862 inimica,
763 1773 824 1870 qui
838 1783 1012 1869 torporem
1028 1771 1157 1845 mentis
1170 1797 1244 1845 suae
1257 1795 1361 1869 quem
1376 1771 1513 1869 patien-

290 1882 377 1957 tiam
398 1895 500 1981 putat
516 1909 578 1986 per
594 1887 715 1961 caruis
727 1886 898 1984 'spiritum
915 1886 960 1959 ab
977 1887 1112 1984 impetu
1138 1885 1287 1982 spiritus
1311 1910 1348 1960 se
1376 1884 1512 1978 longat.

290 1997 412 2073 Prima
428 2023 515 2095 ergo
532 2023 595 2074 nos
611 2000 782 2096 cogitatio
798 2001 860 2098 qui
878 1997 926 2075 sit
942 2021 1045 2073 omne
1066 1998 1177 2071 nostri
1199 1996 1315 2072 cordis
1332 1995 1435 2070 debet
1452 2021 1512 2071 ex·

291 2120 414 2187 cutere
430 2136 476 2186 ne
494 2111 538 2185 ad
556 2112 719 2210 quaedam
737 2138 816 2211 qum
832 2112 988 2209 agimus,
1006 2137 1068 2209 per
1084 2121 1249 2209 apertum
1262 2111 1383 2186 carnis
1400 2111 1511 2208 impe·

291 2233 370 2298 tum
382 2223 568 2315 ducamur,
581 2251 625 2302 ne
638 2227 738 2324 prius
755 2224 1048 2302 delectationibus
1060 2225 1205 2298 animus
1218 2223 1398 2312 seductus,
1417 2223 1512 2297 mala

291 2361 369 2412 esse
386 2348 579 2434 cognoscat
595 2351 631 2416 et
646 2350 768 2415 tamen
786 2341 906 2416 faciat.
923 2339 1088 2414 Secunda
1105 2362 1190 2413 vero
1206 2361 1270 2413 nos
1295 2363 1382 2412 cura
1407 2337 1512 2413 debet

289 2450 485 2547 vigilantes
500 2452 655 2542 reddere,
667 2478 712 2528 ue
725 2479 763 2529 se
776 2454 932 2553 impetus
944 2453 1065 2528 carnis
1078 2451 1180 2551 quasi
1194 2452 1261 2526 sub
1273 2451 1429 2550 impetus
1442 2451 1513 2547 spi·

291 2563 384 2638 ritus
401 2563 565 2654 subiciat,
586 2575 622 2640 et
646 2566 771 2667 culpas
795 2592 884 2666 quas
909 2568 1056 2664 agimus
1080 2566 1182 2640 nobis
1206 2566 1361 2640 virtutes
1385 2566 1511 2661 fingat.

290 2677 484 2753 Sciendum
501 2701 586 2753 vero
598 2689 653 2754 est
669 2681 754 2778 quia
770 2682 956 2776 graviores
973 2679 1088 2777 culpa
1101 2688 1187 2753 sunt
1203 2679 1417 2776 superducta
1435 2703 1512 2776 spe-

289 2792 343 2866 cie
367 2791 523 2868 virtutes
539 2793 739 2869 imitantur.
761 2795 854 2882 Quia
881 2794 942 2869 ille
967 2793 1005 2866 in
1025 2802 1146 2891 aperto
1167 2792 1322 2886 cognitae
1346 2791 1509 2865 animum

290 2905 496 2979 confusione
517 2905 677 2981 deiciunt
701 2917 808 3006 atque
826 2907 870 2994 ad
895 2906 1128 3005 penitentiam
1153 2904 1312 2979 trahunt.
1333 2907 1404 2980 Iste
1425 2928 1511 2980 vero

287 3041 359 3092 non
372 3017 488 3092 solum
505 3019 543 3091 in
560 3019 757 3116 penitentia
773 3043 844 3095 non
860 3020 1063 3110 humiliant,
1076 3019 1137 3095 sed
1155 3019 1264 3095 etiam
1278 3028 1417 3093 mentes
1432 3040 1512 3116 ope·

289 3132 405 3206 rantis
421 3131 576 3223 elevant,
593 3132 680 3208 dum
696 3133 851 3210 virtutes
867 3134 1096 3232 deputantur.

806 3298 996 3384 LXXXIII.

385 3471 583 3567 Gregorius
600 3471 638 3544 in
657 3474 761 3547 VIIII
777 3472 879 3547 omel.
896 3469 1057 3546 Stultum
1070 3468 1175 3543 valde
1187 3479 1243 3544 est
1255 3469 1285 3543 si
1299 3468 1353 3542 illi
1366 3468 1509 3568 placere

289 3583 485 3681 querimus,
501 3607 588 3682 quos
606 3607 676 3658 non
701 3584 840 3682 placere
866 3581 1015 3657 Domino
1039 3581 1185 3655 scimus.
1211 3585 1258 3655 Et
1282 3590 1359 3678 post
1384 3604 1508 3678 pauca.

288 3700 382 3771 Nam
399 3721 646 3795 perversorum
663 3697 855 3794 derogatio,
871 3697 958 3771 vitae
973 3705 1102 3770 nostra
1118 3695 1321 3793 approbatio
1337 3706 1401 3769 est.
1415 3694 1509 3781 Quia

290 3809 361 3882 iam
379 3810 577 3885 ostenditur
594 3832 658 3884 nos
676 3809 812 3908 aliquid
828 3809 977 3885 iustitia
992 3808 1132 3895 habere,
1149 3808 1180 3881 si
1198 3807 1253 3881 illi
1265 3806 1509 3905 displicemus,

289 3947 369 4022 qua
385 3947 455 3998 nou
473 3923 615 4022 placent
633 3926 714 4000 Dec.
730 3928 843 4001 Nemo
860 3923 956 4000 enim
974 3931 1088 4021 potest
1104 3921 1142 3995 in
1159 3946 1233 3995 una
1250 3921 1443 4018 eademque
1468 3945 1508 3996 re

287 4035 518 4134 omnipotenti
537 4035 686 4111 Domino
703 4046 809 4136 atque
826 4037 904 4112 eius
920 4036 1056 4112 ostibus
1072 4035 1207 4131 gradus
1229 4035 1389 4109 existere.
1413 4036 1508 4107 Nam

287 4151 360 4223 Deo
376 4174 414 4224 se
430 4150 588 4226 amicum
605 4150 771 4246 denegat,
787 4150 850 4249 qui
867 4151 945 4226 eius
963 4150 1079 4250 placet
1094 4149 1262 4224 inimicis.
1280 4151 1326 4222 Et
1350 4146 1509 4222 inimicis

287 4261 450 4337 veritatis
458 4263 739 4363 adsabitur(sic),
748 4263 809 4361 qui
818 4263 931 4339 eidem
947 4263 1090 4338 veritati
1100 4263 1137 4335 iu
1149 4272 1267 4337 mente
1280 4261 1509 4357 subiugatur,

287 4376 381 4450 unde
398 4377 514 4453 sancti
532 4378 602 4451 viri
619 4378 657 4452 in
674 4401 762 4453 voce
780 4377 890 4454 libere
907 4375 1160 4476 increpationis
1179 4375 1355 4464 succensi,
1379 4397 1439 4448 eos
1462 4374 1509 4448 ad

286 4513 353 4564 sua
368 4489 447 4563 odia
464 4489 620 4567 excitare
637 4513 708 4568 uon
726 4498 905 4579 metuunt,
917 4489 1088 4588 quosdam
1101 4508 1172 4562 non
1185 4487 1365 4583 digligero
1377 4508 1510 4584 cogno·
