3608 5498
798 434 839 450 -
862 401 930 464 438
955 434 996 447 --

290 521 358 597 bus
371 521 506 619 pastus,
519 530 555 596 et
567 517 696 617 sagina
715 519 863 616 largiori
881 519 1071 610 distentae,
1088 518 1320 595 crudelitates
1332 543 1419 594 suas
1436 529 1528 618 post

290 635 408 710 triduo
426 644 610 723 ructuans,
627 658 693 710 nec
710 634 806 709 cibos
824 659 890 710 nec
907 642 1011 730 potus
1027 655 1110 707 suos
1126 657 1209 708 cum
1228 656 1428 731 pauperum
1455 656 1525 709 ne·

291 749 458 825 cessitate
475 747 728 836 communicat,
745 748 807 846 qui
833 747 959 820 hilaris
983 771 1026 821 ac
1052 746 1146 821 letus
1171 744 1317 834 incedit,
1340 746 1523 845 quomodo

290 870 439 937 mortem
456 887 559 936 suam
578 861 773 963 deflerent
790 870 1008 961 postpauca.
1034 864 1129 936 Ecce
1146 860 1265 959 peiora
1289 861 1408 936 adhuc
1432 884 1520 959 pec·

289 975 395 1051 candi
413 974 575 1065 vulnera,
599 999 683 1050 ecce
709 974 841 1049 maiora
866 972 1007 1064 delicta,
1025 998 1189 1073 peccasse
1206 998 1273 1050 neo
1290 975 1517 1063 satisfacere,

273 1087 480 1187 deliquisse
497 1112 564 1163 nec
581 1088 712 1164 delicta
729 1087 866 1163 deflere.
884 1091 931 1164 Et
948 1088 1053 1163 infra.
1066 1088 1174 1187 Sequi
1187 1097 1310 1165 autem
1324 1088 1518 1166 Christum

288 1203 459 1301 quomodo
472 1212 630 1300 possunt,
643 1202 705 1301 qui
718 1201 930 1302 patrimonio
942 1201 1089 1278 vinculo
1101 1203 1417 1279 detinenturtAut
1429 1226 1520 1301 quo

290 1315 527 1393 modocaelum
542 1317 776 1414 petunt,etad
790 1316 958 1390 sublimia
970 1326 1006 1391 et
1018 1316 1092 1389 alta
1105 1316 1516 1414 conscenduntquiter·

290 1431 386 1506 renis
402 1429 659 1529 cupiditatibus
676 1431 932 1527 degravantur.
945 1429 1128 1505 Possidere
1145 1454 1181 1505 sa
1198 1430 1361 1519 credunt,
1373 1429 1436 1527 qui
1453 1452 1518 1527 po·

293 1545 366 1620 tius
383 1543 631 1642 possidentur?
642 1568 773 1619 census
785 1544 842 1618 sui
856 1543 976 1619 servi?
989 1569 1057 1620 nec
1068 1545 1113 1619 ad
1126 1544 1316 1642 pecuniam
1333 1570 1435 1619 suam
1453 1545 1518 1619 do·

294 1657 461 1746 mini,sed
470 1656 587 1752 magis
597 1657 749 1754 pecunia
758 1656 1050 1755 mancipatilhnc
1058 1669 1210 1756 tempus,
1218 1659 1283 1734 hos
1292 1659 1453 1734 homines
1466 1663 1516 1733 A·

293 1770 449 1870 postolos
457 1771 601 1845 denotat
610 1771 743 1847 dicens,
755 1770 824 1858 Qui
838 1781 959 1847 autem
973 1772 1103 1848 divites
1112 1772 1239 1849 volunt
1248 1772 1515 1862 lieri,incidunt

288 1886 326 1961 in
340 1886 571 1962 tentationem
587 1894 623 1961 et
636 1885 875 1983 muscipulam
888 1884 1029 1976 diaboli,
1041 1899 1077 1962 et
1089 1885 1262 1961 desideria
1273 1887 1385 1961 multa
1398 1893 1435 1961 et
1447 1909 1511 1959 no

288 2000 417 2090 centia,
430 2023 498 2098 que
513 2009 684 2097 mergunt
696 1998 873 2074 hominem
887 1998 925 2071 in
939 1999 1173 2097 perditionem
1185 2008 1221 2075 et
1233 1998 1430 2075 interitum.
1443 2001 1516 2073 Ra·

287 2115 349 2189 dix
368 2114 463 2189 enim
484 2113 643 2187 omnium
658 2113 831 2188 malorum
847 2123 901 2188 est
917 2113 1104 2213 cupiditas.
1118 2117 1233 2202 Quam
1247 2114 1391 2212 quidam
1405 2136 1514 2211 appe·

287 2235 405 2303 tentes
413 2224 744 2314 erraveruntafide,
753 2232 790 2299 et
798 2224 1030 2302 inseruerunt
1039 2252 1076 2304 se
1086 2227 1262 2303 doloribus
1273 2226 1406 2302 multis
1416 2227 1516 2301 Idem

287 2340 332 2414 ad
346 2339 599 2437 Papinianum.
609 2337 846 2425 Quamobrem
864 2339 987 2431 frater,
1000 2340 1030 2414 si
1048 2350 1285 2438 magestatem
1299 2341 1363 2417 Dei
1382 2341 1443 2440 qui
1461 2365 1519 2415 sa·

287 2455 446 2531 cerdotes
458 2453 599 2529 ordinat
608 2452 742 2528 Christi
757 2453 985 2548 cogitaveris
995 2454 1025 2528 si
1039 2453 1084 2529 ad
1093 2454 1279 2530 Christum
1293 2453 1354 2556 qui
1364 2450 1514 2527 arbitrio

288 2578 325 2644 et
338 2577 429 2641 nutu
447 2592 490 2642 ac
503 2566 691 2663 prasentia
704 2591 781 2655 sua,
794 2576 831 2642 et
842 2569 1045 2665 praepositos
1062 2568 1156 2667 ipsos
1173 2578 1209 2643 et
1226 2566 1416 2644 ecclesiam
1430 2591 1516 2641 cum

288 2678 487 2779 praepositis
500 2677 679 2775 gubernat
691 2678 882 2776 aliqnando
900 2707 937 2756 se
955 2681 1119 2780 sipueris,
1137 2681 1166 2755 si
1180 2682 1222 2757 de
1240 2682 1443 2757 innocentia
1457 2705 1513 2754 sa·

288 2793 470 2870 cerdotum
488 2814 560 2867 non
576 2792 734 2866 hnmano
750 2792 827 2867 odio
843 2794 904 2868 sed
919 2793 1041 2869 divino
1053 2793 1185 2868 iudicio
1198 2793 1401 2885 credideris,
1413 2794 1443 2867 si
1457 2803 1509 2869 te·

292 2906 469 2983 maritatis
482 2917 517 2982 et
530 2907 704 3005 superbiae
717 2917 823 3005 atque
838 2906 1036 2983 insolentia
1049 2917 1121 2982 tuae
1133 2933 1242 3005 agere
1255 2907 1314 2982 vel
1327 2932 1404 2983 sero
1416 2907 1516 3006 peni·

294 3021 446 3099 tentiam
471 3021 618 3120 ceperis,
643 3021 673 3096 si
699 3022 849 3097 Domino
865 3031 901 3098 et
919 3021 1063 3098 Christo
1080 3022 1158 3098 eius
1179 3021 1310 3123 quibus
1334 3021 1461 3111 servio,
1478 3031 1516 3098 et

291 3137 422 3237 quibus
446 3160 534 3236 puro
559 3162 602 3213 ac
627 3136 858 3212 immaculato
874 3160 933 3211 ore
951 3136 1141 3225 sacrificia,
1159 3146 1196 3213 et
1210 3136 1250 3229 in
1268 3134 1514 3233 persecutione

293 3253 428 3351 pariter
445 3262 480 3327 et
501 3252 539 3325 in
561 3276 647 3351 pace
667 3251 910 3327 indesinenter
927 3248 1033 3325 offero
1054 3249 1260 3347 plenissime
1285 3247 1516 3339 satisfeceris,

291 3364 627 3443 communicationis
644 3374 716 3440 tuae
728 3364 923 3462 poterimus
936 3365 1064 3440 habere
1078 3364 1263 3453 rationem,
1276 3371 1442 3438 manente
1455 3370 1508 3436 ta-

286 3504 373 3555 men
398 3478 492 3577 apud
517 3500 581 3552 nos
598 3477 719 3553 divine
743 3503 894 3554 censure
912 3489 948 3554 et
965 3489 1128 3577 respectu
1150 3489 1185 3554 et
1210 3487 1323 3567 metu,
1347 3487 1388 3552 ut
1412 3475 1514 3575 prius

290 3591 483 3668 Dominum
502 3616 621 3667 meum
634 3591 830 3683 consulam,
845 3618 892 3666 an
911 3592 976 3668 tibi
994 3618 1117 3695 pacem
1144 3591 1234 3680 dari,
1251 3601 1288 3666 et
1301 3602 1336 3666 te
1352 3590 1397 3665 ad
1419 3612 1516 3665 com-

291 3705 569 3781 municationem
597 3704 767 3781 acclesiae
791 3732 866 3780 suae
882 3707 1025 3781 admitti
1042 3734 1107 3781 sua
1124 3705 1324 3783 ostensione
1342 3713 1378 3781 et
1395 3704 1516 3778 admo·

291 3819 464 3895 nitionom
479 3818 671 3920 permittat.
684 3819 780 3894 Idem
794 3819 833 3893 in
852 3819 1001 3917 epistola
1018 3821 1062 3895 ad
1079 3820 1216 3922 plebem
1231 3820 1273 3894 de
1287 3818 1406 3916 lapsis.
1419 3821 1515 3892 Nam

292 3933 323 4008 si
342 3935 379 4008 in
397 3933 594 4007 minoribns
608 3931 748 4008 delictis
761 3957 841 4031 quaa
856 3933 895 4006 in
913 3936 1028 4010 Deum
1050 3934 1337 4022 committuntur,
1355 3931 1517 4031 poniten-

290 4048 340 4124 tia
360 4059 493 4144 agatur
514 4049 608 4123 iusto
633 4056 800 4146 tempore,
825 4057 862 4123 et
878 4046 1153 4144 exhomologisis
1171 4047 1244 4135 fiat,
1261 4046 1421 4142 inspecta
1437 4043 1519 4119 rita

290 4164 370 4238 eius
383 4163 523 4261 peragit
536 4162 782 4261 penitentiam,
795 4188 861 4238 nec
878 4163 922 4236 ad
935 4160 1298 4238 communicationem
1312 4158 1435 4235 venire
1449 4159 1512 4257 qui

291 4277 413 4378 possit,
430 4277 499 4352 nisi
517 4277 617 4375 prius
633 4278 678 4352 ab
695 4276 866 4377 Episcopo
882 4287 921 4353 et
936 4278 1040 4354 Clero
1058 4301 1186 4351 manus
1204 4274 1315 4348 fuerit
1331 4272 1512 4371 imposita,

294 4390 360 4466 hoc
380 4389 496 4486 magis
520 4391 557 4462 in
575 4389 804 4486 gravissimis
821 4400 856 4464 et
873 4390 1042 4464 extremis
1059 4389 1199 4464 delictis
1217 4398 1322 4463 caute
1340 4385 1461 4462 omnia
1478 4397 1517 4462 et
1545 4476 1549 4481 ,

298 4502 477 4580 moderate
504 4503 701 4579 secundum
731 4501 958 4602 disciplinam
988 4500 1130 4578 Domini
1160 4499 1340 4578 observari
1369 4509 1519 4599 oportet.
