3608 5498
804 392 1002 456 ..366oe

287 517 355 592 dus
371 515 555 591 ineunda?
572 514 746 591 Catholici
765 515 950 613 pontifices
970 513 1115 587 fuerant
1132 511 1289 611 undique
1306 511 1376 586 iam
1391 510 1517 610 depul-

238 716 242 724 ι
287 629 330 718 si,
347 629 482 727 solique
500 637 746 703 remanserant
762 627 852 702 socii
871 628 1096 725 perfidorum,
1104 651 1189 703 cum
1205 626 1337 725 quibus
1354 626 1426 700 iam
1443 650 1516 702 nec

288 743 422 819 licebat
437 742 568 818 habere
586 753 813 818 conventum.
825 741 976 816 Dicente
994 741 1138 839 psalmo.
1150 744 1229 816 Non
1248 739 1322 815 sedi
1340 739 1379 813 in
1397 739 1517 813 conci·

288 856 336 931 lio
359 857 543 943 vanitatis,
559 866 596 931 et
620 866 758 930 caetera.
774 858 851 929 Nec
867 854 1112 930 {ecclesiastici
1142 855 1251 929 moris
1279 863 1335 928 est
1356 878 1439 928 cum
1456 851 1518 927 his

277 969 350 1070 'qui
368 969 539 1068 pollutam
557 968 690 1043 habent
711 967 1010 1057 communionem,
1027 966 1311 1066 permixtamque
1336 991 1420 1042 cum
1438 990 1519 1064 per·

290 1084 369 1159 fidis
396 1082 543 1161 miscere
567 1082 770 1161 concilium.
790 1083 948 1158 Risimus
971 1091 1093 1157 autem
1118 1081 1211 1180 quod
1235 1080 1513 1180 prerogativam

289 1199 417 1274 volunt
431 1199 580 1274 Acathio
597 1222 813 1296 comparare,
826 1197 911 1295 quia
928 1196 1116 1294 episcopus
1128 1195 1244 1271 ,fuerit
1262 1195 1370 1292 rogim
1387 1194 1518 1270 civita·

185 1408 188 1414 Ι
289 1312 347 1388 tis.
362 1312 547 1411 Numquid
571 1312 666 1411 apud
692 1310 947 1399 Mediolanum,
963 1308 1057 1407 apud
1076 1312 1300 1402 Ravennam,
1315 1309 1408 1406 apud
1426 1310 1518 1405 Syr·

290 1426 415 1515 mium,
431 1425 525 1524 apud
541 1426 726 1502 Treverim
752 1424 879 1500 multis
902 1420 1122 1520 temporibus
1139 1445 1210 1497 non
1227 1420 1388 1498 constitit
1402 1421 1517 1520 impe·

292 1547 397 1612 rator.
405 1537 589 1637 Numquid
602 1562 730 1611 aurum
748 1536 892 1612 urbium
909 1536 1119 1624 sacerdotes,
1133 1535 1228 1610 ultra
1245 1559 1451 1611 mensuram
1468 1533 1518 1608 si·

184 1737 187 1743 ,
290 1650 402 1726 bimot
418 1651 620 1750 antiquitus
636 1652 854 1752 deputatam,
863 1650 1047 1752 quippiam
1064 1650 1140 1726 suis
1156 1649 1396 1748 dignitatibus
1412 1673 1518 1722 usur·

292 1788 387 1862 pare.
404 1765 443 1839 si
460 1774 557 1840 certe
573 1764 617 1840 de
634 1765 812 1860 dignitate
828 1765 953 1861 agitur
970 1765 1174 1856 civitatum,
1187 1765 1352 1849 secundae
1368 1763 1463 1838 sedis
1480 1771 1519 1837 et

292 1877 408 1951 tertiae
425 1878 536 1952 maior
552 1888 606 1953 est
622 1878 783 1973 dignitas
800 1878 1153 1977 sacerdotum,quam
1166 1879 1244 1954 eius
1260 1877 1421 1954 civitatis
1436 1899 1519 1974 quaa

293 2012 363 2064 non
379 1989 495 2063 solum
512 1990 606 2065 inter
623 1991 724 2066 sedes
741 1991 888 2068 minime
909 2002 1150 2068 numerantur·
1170 1992 1233 2067 sed
1250 2017 1317 2067 nec
1334 1992 1429 2065 inter
1445 2014 1520 2064 me·

293 2103 587 2201 tropolitanorum
606 2103 686 2178 iura
712 2114 890 2180 censetur.
907 2106 1001 2178 Nam
1026 2105 1119 2202 quod
1139 2104 1259 2180 dicitis
1276 2104 1375 2200 regio
1391 2102 1519 2178 civita-

293 2215 352 2303 tis,
369 2215 440 2288 alia
458 2224 613 2313 potestas
628 2226 683 2292 est
700 2217 804 2312 regni
822 2216 1017 2307 saecularia,
1033 2218 1105 2291 alia
1124 2217 1448 2293 ecclesiasticarum
1467 2214 1519 2290 di·

294 2328 461 2405 stributio
484 2330 715 2427 dignitatum.
734 2331 836 2406 Sicut
860 2330 956 2406 enim
975 2331 1141 2429 quamvis
1157 2356 1268 2430 parva
1285 2330 1415 2406 civitas
1432 2355 1520 2428 prae-

293 2445 495 2539 rogativam
513 2443 697 2543 praesentis
715 2445 818 2540 regni
844 2468 915 2519 non
941 2445 1075 2520 minuit
1098 2447 1195 2521 sicut
1218 2443 1415 2543 imperialis
1431 2469 1520 2545 prae«

294 2557 410 2632 sentia
427 2583 596 2634 mensura
612 2557 884 2656 dispensationis
902 2558 1079 2655 religiosae
1100 2582 1171 2632 non
1197 2568 1322 2633 mutat.
1340 2559 1396 2632 Sit
1419 2557 1519 2632 clara

294 2668 380 2743 urbs
397 2668 461 2742 illa
476 2679 648 2769 potestate
666 2670 851 2768 praesentis
876 2670 1026 2771 imperii.
1044 2671 1183 2769 Religio
1208 2672 1274 2747 sub
1291 2672 1411 2747 eodem
1428 2679 1519 2744 tunc

294 2783 409 2871 firma,
425 2789 514 2858 tunc
531 2783 695 2859 libertate
712 2794 880 2883 provecta
896 2786 1070 2874 consistit,
1087 2786 1117 2859 si
1135 2786 1252 2884 potius
1264 2786 1331 2861 hoc
1343 2795 1520 2885 presente

295 2895 472 2994 propriam
490 2906 610 2972 teneat
626 2896 703 2973 sine
719 2896 796 2971 ulla
812 2898 1076 2999 perturbatione
1094 2923 1311 2974 mensuram.

842 3125 969 3209 XLIII.

392 3339 643 3415 Dilectissimis
664 3339 836 3414 fratribus
862 3341 1042 3416 universis
1066 3342 1251 3440 Episcopis
1276 3341 1519 3416 Orientalibus

296 3454 462 3528 Gelasius
475 3453 569 3528 inter
586 3463 724 3528 oaetera.
742 3454 817 3530 Cur
829 3477 900 3528 non
917 3453 1044 3528 adistis
1060 3455 1336 3551 imperatorem?
1354 3455 1428 3529 Cur
1445 3478 1517 3528 non

296 3564 466 3640 aecclesiae
476 3588 624 3639 causam
638 3575 675 3639 et
686 3565 875 3641 sacerdotii
889 3567 1088 3643 mirabilem
1102 3566 1394 3643 decolorationem
1409 3568 1522 3642 conti·

225 3768 227 3772 Ι
296 3677 417 3753 nuatis
429 3676 577 3753 vocibus
589 3700 660 3754 non
674 3677 880 3770 deflevistis,
888 3680 1088 3778 allegantes
1098 3706 1281 3779 nunquam
1295 3681 1337 3757 de
1347 3681 1521 3778 pontilici-

295 3790 363 3865 bus
379 3789 449 3864 nisi
463 3789 658 3865 aeclesiam
676 3790 881 3869 iudicasse?
895 3797 974 3868 Non
988 3818 1065 3870 esse
1078 3793 1321 3868 humanarum
1334 3794 1457 3890 legum
1475 3793 1520 3872 de

296 3902 428 3978 talibus
441 3902 769 3992 ferresententiam,
782 3904 916 4003 absque
928 3905 1100 3981 aecclesiae
1117 3905 1375 4004 principalibus
1390 3906 1522 3981 consti-

263 4011 265 4016 ’
295 4017 385 4091 tutis
401 4017 637 4113 pontificibus.
651 4016 805 4116 Obsequi
818 4018 930 4094 solere
943 4018 1123 4118 principes
1135 4018 1349 4094 christianos
1365 4018 1522 4094 decretis

295 4128 476 4220 aecclesiae,
489 4151 558 4203 non
568 4155 672 4206 suam
685 4154 887 4229 praeponere
896 4140 1117 4228 potestatem.
1127 4132 1309 4230 Episcopis
1318 4142 1426 4229 caput
1438 4131 1522 4206 sub-

296 4242 377 4319 dere
390 4241 588 4341 principem
604 4243 760 4334 solitum,
777 4266 848 4318 non
865 4243 1010 4320 deorum
1028 4243 1207 4344 capitibus
1223 4243 1391 4319 iudicare.
