3608 5498
892 660 894 664 -
984 596 1048 679 GL.

512 835 1052 935 Alexanderepiscopusservus
1065 862 1255 915 servorum
1269 838 1335 915 Dei
1350 839 1461 917 Srein
1480 840 1557 938 regi
1573 845 1641 915 Da·

417 976 544 1025 norum
570 949 665 1025 inter
690 963 828 1027 cetera.
851 954 1072 1051 Quapropter
1098 953 1323 1050 prudentiam
1350 963 1450 1027 tuam
1476 954 1642 1030 admone·

419 1088 509 1152 mus,
523 1074 565 1138 ut
582 1088 732 1140 censum
751 1064 856 1161 regni
873 1064 928 1139 tui
947 1089 1053 1163 quem
1072 1076 1315 1142 antecessores
1329 1067 1382 1141 tui
1400 1077 1533 1142 sanotae
1552 1073 1643 1167 Apo·

421 1177 555 1260 stolieae
573 1178 654 1253 Sedi
673 1179 871 1278 persolvere
889 1178 1105 1268 solitisunt,
1124 1179 1224 1255 nobis
1247 1191 1283 1254 ct
1300 1180 1565 1257 successoribus
1583 1205 1642 1257 no

417 1291 502 1367 stris
518 1293 763 1369 transmittere
785 1293 939 1367 studeas,
958 1296 1013 1367 Ita
1038 1302 1158 1367 tamen
1170 1302 1218 1367 ut
1235 1316 1304 1368 non
1323 1294 1418 1368 siout
1434 1294 1563 1368 oblatIo
1583 1321 1640 1368 su·

418 1428 481 1502 per
498 1405 623 1481 Altare
648 1406 886 1504 ponatur·‚sed
910 1415 952 1480 ut
976 1430 1084 1504 supra
1114 1406 1271 1481 diximus
1302 1418 1373 1481 tam
1407 1407 1507 1482 nobis
1532 1434 1640 1506 quam

420 1519 686 1594 successoribus
704 1520 835 1595 nostris
849 1530 888 1594 ut
902 1520 1038 1595 certius
1055 1520 1268 1618 abprobatur
1287 1520 1545 1619 presentaliter
1561 1523 1642 1597 offo·

420 1640 529 1706 ratur.
543 1632 640 1706 Idem
655 1632 849 1707 GiIiIleImo
868 1633 946 1728 rogi
961 1633 1162 1728 Anglorum
1182 1634 1277 1709 iuter
1293 1635 1541 1711 cetera.Novit
1558 1662 1640 1735 pru·

418 1744 539 1820 dentia
557 1755 619 1819 tua
639 1746 840 1842 Anglorum
860 1769 1013 1842 regnum
1032 1771 1077 1821 ex
1094 1771 1163 1844 quo
1187 1771 1316 1823 nomen
1337 1748 1476 1825 Christi
1503 1749 1551 1823 ibi
1570 1749 1640 1825 cla-

419 1857 598 1934 rificatum
616 1868 681 1949 est,
695 1858 761 1934 sub
779 1859 1028 1957 Apostolorum
1048 1859 1227 1957 Principis
1242 1886 1351 1934 mauu
1369 1871 1406 1936 et
1422 1861 1536 1936 tutela
1552 1863 1641 1937 exti-

418 1972 516 2059 tisse,
533 1972 643 2048 donee
661 1972 804 2071 quidam
823 1972 981 2047 membra
999 1973 1084 2046 mali
1107 1975 1236 2074 capitis
1255 1975 1383 2064 effecti,
1400 1975 1558 2050 zelantes
1584 2003 1641 2050 su·

420 2084 577 2183 perbiam
605 2085 798 2184 patrissui
833 2096 968 2174 satane,
994 2097 1138 2183 pactum
1165 2086 1231 2162 Dei
1263 2085 1482 2176 abiecerunt
1509 2100 1544 2162 et
1570 2094 1642 2162 An·

419 2198 564 2295 glorum
591 2200 760 2299 populum
778 2225 799 2273 a
817 2200 877 2273 via
903 2199 1068 2275 veritatis
1093 2200 1336 2275 abverternut.
1354 2204 1400 2276 Et
1424 2202 1530 2300 paulo
1556 2213 1641 2300 post.

420 2320 511 2391 Nam
531 2325 573 2389 ut
589 2315 679 2390 bene
701 2315 805 2404 nosti,
818 2315 928 2391 donec
946 2313 1058 2411 Angli
1084 2312 1207 2388 fideles
1232 2323 1346 2401 erant,
1362 2313 1419 2411 pic
1445 2315 1642 2390 devotionis

421 2437 585 2524 respectu
603 2426 647 2500 ad
664 2426 914 2522 cognitionem·
925 2426 1113 2523 religionis
1129 2427 1322 2501 annualem
1341 2427 1545 2526 pensionem
1562 2452 1642 2526 apo·

420 2541 555 2616 stolicae
585 2540 659 2615 sedi
688 2539 913 2629 exhibebant,
930 2567 974 2616 ex
998 2566 1069 2640 qua
1094 2564 1176 2638 pars
1193 2543 1350 2615 Romano
1368 2540 1543 2630 Pontifici,
1560 2568 1641 2641 pars

421 2654 592 2730 aeclesia
625 2665 759 2730 sancte
788 2654 912 2728 Mariae
944 2680 1024 2752 quur
1058 2665 1208 2729 vocatur
1240 2654 1335 2730 scola
1365 2655 1568 2751 Anglorum
1603 2657 1640 2729 in

420 2794 524 2842 usum
541 2767 692 2842 fratrum
711 2766 900 2842 deserebat.
914 2768 1112 2863 Gregorius
1126 2772 1196 2843 VII
1210 2769 1322 2843 eidem
1337 2768 1530 2844 Guillelmo
1547 2770 1642 2845 inter

422 2892 552 2958 cetera.
563 2880 681 2956 Rebus
699 2904 783 2954 xero
800 2880 917 2956 sancti
932 2882 1028 2956 Petri
1047 2908 1127 2980 que
1145 2880 1641 2978 inAngliacolliguutu1·‚sie

421 3005 456 3070 te
473 3004 515 3068 ut
532 2993 606 3068 tuis
623 2993 817 3088 invigilare
831 2995 1089 3082 monemus,sic
1103 2994 1308 3069 liberalitati
1321 3004 1393 3069 ture
1410 3006 1451 3069 ut
1467 3007 1529 3070 tua
1548 3022 1641 3073 corn·

423 3106 661 3195 mittimusut
678 3106 776 3203 pium
795 3116 831 3179 et
849 3092 1039 3204 propitium
1058 3106 1249 3183 debitorem
1265 3111 1411 3184 Petrum
1431 3111 1642 3208 reperisset

420 3219 589 3295 euntibus
617 3244 662 3295 ex
688 3219 805 3293 debito
830 3218 1025 3294 subvenire
1050 3220 1250 3296 admoneas.
1284 3222 1325 3294 In
1351 3223 1471 3297 eodem
1502 3235 1643 3320 regesto

420 3333 625 3408 Alexandri.
642 3333 866 3408 Raimundus
893 3333 1081 3409 Guillelmi
1107 3358 1226 3410 eomes
1252 3334 1488 3431 Urgellensis,
1513 3336 1643 3413 obtulit

421 3448 522 3523 beato
553 3451 657 3523 Petro
686 3447 724 3520 in
755 3449 900 3545 prefato
929 3447 1102 3524 comitatu
1133 3447 1202 3522 duo
1227 3459 1345 3523 castra
1371 3474 1484 3522 unum
1510 3449 1642 3525 dicitur

421 3561 602 3637 lobariola
631 3573 667 3637 et
694 3561 848 3637 alterum
880 3560 1059 3639 Saltovola
1089 3561 1325 3659 suppensione
1351 3564 1421 3636 IIII
1450 3563 1641 3638 unciarum

420 3677 511 3766 auri,
528 3702 569 3752 ea
598 3676 810 3768 conditione,
826 3686 867 3751 ut
897 3677 1026 3777 posteri
1053 3675 1210 3750 eiusdem
1241 3676 1363 3751 comiti
1393 3677 1572 3775 accipiant
1597 3677 1640 3752 da

422 3815 532 3864 manu
557 3789 707 3865 Romani
729 3789 911 3866 Pontificis
928 3790 1075 3889 praefata
1102 3789 1260 3879 castella,
1285 3801 1321 3889 et
1346 3791 1389 3865 ab
1414 3791 1532 3866 codem
1559 3817 1642 3865 ana·

422 3903 581 3978 thomate
600 3902 787 3992 feriantur,
808 3903 1025 4000 quicumque
1043 3904 1088 3977 ab
1106 3902 1237 3979 eisdem
1256 3903 1379 3979 endem
1396 3905 1537 3979 auferre
1555 3913 1642 3978 tem·

422 4017 615 4115 ptaverint.
626 4017 744 4090 Huius
760 4026 882 4091 autem
899 4041 1029 4090 annue
1046 4015 1225 4113 pensionis
1242 4026 1410 4092 exauctor
1423 4026 1459 4091 et
1470 4017 1564 4092 beati
1580 4021 1642 4093 Pe·

422 4129 470 4202 tri
483 4129 700 4206 actionarius
713 4139 768 4203 est
776 4128 885 4202 abbas
900 4129 1102 4205 monasterii
1117 4129 1233 4203 sancti
1244 4129 1471 4227 Pontii,quod
1482 4139 1537 4204 ost
1551 4130 1642 4203 iuris

422 4242 515 4318 beati
534 4243 631 4318 Petri
649 4253 772 4341 sytum
792 4243 828 4316 in
847 4242 977 4318 diocesi
990 4242 1224 4318 Narbonensi.
1240 4245 1294 4315 Ex
1309 4243 1462 4340 registro
1475 4242 1641 4340 Gregorii

424 4358 494 4429 VII
511 4359 615 4453 Papae
634 4355 692 4430 lib.
710 4359 797 4430 VIII
822 4379 895 4453 cap.
922 4358 1057 4431 XXIII.
1083 4356 1280 4451 Gregorius
1304 4357 1490 4455 episcopus
1514 4382 1642 4431 servus

424 4492 608 4544 serrorum
619 4468 683 4544 Dei
697 4469 839 4548 dilectis
852 4468 937 4544 tiliis
949 4470 1206 4562 nostrisPetro
1217 4469 1410 4548 Albauensi
1421 4472 1593 4575 Episcopo
1606 4485 1643 4549 et
