3608 5498
675 397 870 459 -231-

163 516 221 591 dia
237 513 418 594 diabolicae
435 514 679 615 temptationis
696 514 854 606 infletur,
866 513 1054 605 irascatur,
1066 514 1246 594 interdum
1260 518 1291 591 si
1306 543 1382 616 pre·

164 627 301 728 sbyteri
318 637 526 704 exortantur
542 628 691 727 plebem,
705 628 737 705 si
754 629 792 702 in
809 626 982 704 aecclesiis
1001 627 1206 727 praedicent,
1231 628 1261 702 si
1287 629 1381 730 plebi

163 751 205 817 ut
221 741 395 840 scriptum
414 751 469 818 est
484 741 706 818 benedicant.
723 740 865 818 Etenim
883 740 1042 817 obvianti
1060 741 1148 817 mihi
1166 742 1235 819 ista
1252 743 1317 833 sio,
1329 743 1380 818 di·

163 864 233 946 eat,
250 855 311 954 qui
325 879 394 930 non
408 856 489 931 vult
506 856 733 955 presbyteros
749 857 867 934 facere
884 857 976 956 quod
990 856 1133 934 iubetur
1145 884 1167 932 a
1180 859 1262 934 Deo.
1274 856 1381 934 Dieat

163 970 225 1069 qui
244 969 354 1044 maior
371 968 543 1045 Christo‘.2
559 978 623 1046 aut
640 970 726 1069 quid
743 970 873 1069 poterit
888 969 1024 1069 corpori
1041 970 1119 1047 eius
1131 981 1195 1046 aut
1208 971 1381 1068 sangnini

162 1081 358 1181 anteponi?
375 1082 414 1157 Si
426 1081 615 1181 presbyter
627 1083 812 1160 Christum
826 1093 1012 1161 consecrat
1024 1108 1107 1159 oum
1122 1083 1159 1157 in
1172 1083 1300 1159 altario
1313 1083 1385 1160 Dei

162 1204 384 1273 sacramenta
400 1195 590 1288 benedicit,
607 1196 814 1274 benedicere
832 1196 1001 1296 populum
1026 1221 1095 1272 non
1120 1196 1273 1287 deberet,
1296 1197 1381 1297 quia

164 1310 352 1387 Christum
369 1310 502 1386 meruit
518 1316 755 1388 consecrare?
772 1311 879 1387 Circa
895 1308 1006 1387 laicos
1021 1335 1064 1387 ao
1078 1308 1247 1386 mulieres
1259 1310 1383 1387 iuben·

164 1425 262 1501 tibus
278 1423 379 1499 vobis
391 1423 620 1502 iniustissimi
633 1426 831 1502 sacerdotes
844 1423 1032 1523 presbyter
1044 1423 1110 1499 Dei
1126 1422 1382 1502 benedictionis

162 1540 279 1638 perdit
295 1538 439 1615 officia?
455 1538 591 1614 amittit
606 1538 744 1637 linguae
764 1542 879 1636 opus?
904 1560 974 1613 non
998 1535 1105 1612 habet
1129 1535 1381 1612 confidentiam

162 1654 389 1754 praedicandi,
408 1661 599 1730 truncatus
614 1655 710 1731 omni
732 1663 832 1753 parte
857 1649 1063 1726 virtutum?
1087 1647 1280 1749 Solemque
1306 1675 1382 1750 pre·

162 1769 299 1869 sbyteri
316 1791 444 1844 nomen
462 1767 580 1855 habet,
595 1767 854 1867 plenitudinem
871 1791 914 1843 ae
931 1764 1185 1864 perfectionem
1201 1788 1281 1863 quae
1300 1789 1383 1842 oon·

162 1881 351 1957 seorationi
368 1881 446 1956 eius
463 1881 658 1980 compontit
674 1906 744 1957 non
763 1881 946 1957 retentat‘.2
963 1876 1052 1965 Quis
1068 1876 1128 1952 hio
1154 1899 1240 1973 rogo
1266 1902 1383 1954 sacer·

162 1997 260 2071 dotes
275 1995 386 2072 honor
402 2005 521 2072 vester
537 2005 603 2086 est,
619 2007 662 2072 ut
678 1997 849 2072 damnum
874 1990 1050 2088 gregibus
1074 1988 1265 2065 inferatis?
1290 1992 1383 2078 Quo-

164 2110 260 2184 niam
278 2135 362 2185 oum
379 2108 581 2209 pastoribus
597 2107 864 2208 prepotentiam
883 2104 1047 2180 aufertur
1071 2105 1145 2179 Deo
1168 2100 1280 2200 digna
1304 2103 1384 2178 dili·

162 2222 288 2320 gentia
305 2222 515 2320 contagium
533 2223 706 2322 quoddam
728 2234 763 2299 et
779 2217 967 2297 calamitas
985 2215 1115 2292 cressit
1131 2215 1169 2289 in
1194 2216 1381 2314 gregibus.

163 2341 216 2411 Ae
233 2338 306 2410 Deo
322 2359 392 2410 nou
410 2334 613 2434 patrimonii
631 2336 688 2411 sui
706 2336 836 2411 damna
848 2329 1077 2431 conqueritis,
1090 2330 1176 2405 dum
1189 2329 1254 2405 soli
1268 2330 1382 2407 vultis

161 2447 199 2521 in
225 2446 386 2524 eeclesiis
403 2447 606 2544 potentari?
623 2446 785 2547 Denique
802 2459 839 2526 et
855 2446 1061 2525 chrismatis
1078 2470 1119 2522 ea
1137 2445 1229 2520 ratio
1249 2454 1315 2538 est,
1331 2457 1382 2522 at·

163 2588 232 2662 que
250 2562 310 2640 hie
327 2562 411 2638 ordo
428 2561 616 2658 legitimus
633 2564 874 2641 eonsecrandi.
891 2561 1098 2662 Presbyteri
1115 2585 1202 2659 orgo
1220 2562 1249 2636 si
1263 2586 1385 2641 neees-

162 2702 200 2752 se
218 2688 272 2753 est
288 2687 436 2777 possunt
453 2678 610 2753 chrisma
626 2679 811 2756 conficere.
824 2683 871 2755 Et
883 2677 989 2778 paulo
1001 2689 1088 2778 post.
1109 2678 1315 2777 Presbyteri
1336 2678 1383 2756 ab

161 2791 263 2867 initio
284 2789 509 2888 negotiorum
526 2790 664 2868 iudices
681 2818 759 2871 esse
772 2793 932 2870 mandati
944 2802 1042 2884 sunt,
1055 2792 1255 2892 presbyteri
1268 2817 1384 2871 saeer-

163 2906 284 2981 dotum
301 2905 474 2982 interesse
490 2906 653 2998 coneilio,
670 2908 838 3006 quoniam
854 2919 891 2984 et
908 2907 978 3007 ipsi
1002 2906 1202 3006 presbyteri
1228 2917 1271 2983 ut
1293 2907 1383 3005 lagi·

162 3046 254 3110 mus,
270 3019 424 3119 episcopi
442 3020 684 3112 nominantur,
701 3022 898 3099 seeundum
911 3020 1004 3119 quod
1016 3019 1192 3118 seriptum
1209 3029 1275 3111 est,
1290 3021 1336 3096 ad
1348 3044 1383 3097 o·

162 3135 357 3235 piscopum,
369 3158 449 3234 quae
461 3134 525 3209 tibi
539 3136 621 3212 data
634 3146 690 3212 est
701 3161 765 3235 per
777 3133 1036 3232 impositionem
1050 3157 1223 3207 manuum
1237 3132 1383 3234 presby·
1452 3200 1454 3205 .

161 3248 296 3325 terius
308 3245 459 3337 alibi‚ad
469 3273 587 3324 mares
600 3260 700 3340 natu,
712 3248 775 3350 qni
788 3271 852 3323 vos
864 3245 982 3345 posuit
994 3245 1174 3345 episcopos
1191 3269 1316 3341 regere
1328 3270 1383 3324 oo·

162 3360 308 3438 clesiam
326 3382 439 3436 suam.
456 3365 503 3437 Et
520 3362 625 3437 infra.
642 3365 712 3440 Sed
728 3366 880 3441 oderunt
892 3359 959 3436 hoo
971 3357 1115 3458 superbi
1127 3358 1327 3436 sacerdotes
1343 3359 1382 3436 in

163 3474 363 3575 presbyteri
380 3474 524 3551 nomine
542 3477 603 3575 qui
620 3476 749 3553 nolunt
764 3478 832 3554 hoe
848 3500 925 3553 esse
942 3474 1034 3574 quod
1050 3473 1229 3565 Christus,
1253 3473 1316 3574 qui
1326 3474 1381 3552 'di-

163 3586 384 3686 scipulorum
401 3588 507 3687 pedes
523 3588 625 3679 lavit,
637 3590 699 3689 qui
711 3591 914 3692 baptizatus
930 3613 952 3662 a
968 3588 1125 3666 Iohanne
1142 3597 1206 3680 est,
1223 3586 1309 3665 licet
1324 3587 1383 3666 ba-

105 3802 107 3806 Α
165 3701 373 3800 ptizaudum
391 3726 429 3778 se
447 3726 524 3778 esse
541 3702 717 3781 Iohannes
733 3730 755 3779 a
772 3705 923 3782 Domino
939 3703 1183 3804 proclamaret.
1195 3703 1296 3792 Quod
1307 3726 1385 3803 pro

165 3824 286 3914 pterea
304 3816 431 3908 scribo,
448 3826 490 3892 nt
506 3817 538 3892 si
554 3818 690 3915 peracti
708 3819 878 3918 temporis
894 3841 992 3894 error
1009 3816 1080 3891 iam
1098 3841 1168 3893 uon
1193 3826 1308 3916 potest
1331 3841 1385 3893 re·

164 3929 284 4005 vocari
302 3930 398 4005 etad
416 3955 571 4029 praesens
587 3933 624 4007 in
643 3934 805 4011 ecelesiis
822 3931 895 4010 tuis
911 3931 1047 4007 faciant
1063 3931 1156 4030 quod
1172 3933 1293 4006 Rome
1313 3932 1385 4022 sui,

167 4044 260 4144 quod
276 4045 315 4118 in
333 4045 480 4121 Oriente
496 4047 566 4138 sui,
578 4049 669 4147 quod
682 4048 720 4125 in
735 4048 871 4137 Africa,
883 4046 976 4146 quod
987 4045 1026 4120 in
1039 4044 1223 4144 Hispania,
1239 4044 1332 4143 quod
1344 4044 1383 4120 iu

163 4158 363 4249 Britannia,
376 4160 468 4258 quod
481 4161 518 4235 iu
532 4162 662 4254 Gallia,
675 4165 766 4263 quod
780 4163 819 4235 in
831 4160 996 4237 omnibus
1007 4159 1096 4236 loeis
1108 4157 1295 4236 humilitas
1308 4183 1384 4259 pers

165 4281 319 4362 severat,
337 4273 428 4370 quod
445 4273 483 4347 in
501 4274 587 4351 caelo
603 4277 696 4375 quod
713 4277 829 4351 mains
853 4286 919 4367 est,
938 4275 1001 4350 ubi
1017 4274 1118 4351 sedes
1141 4278 1264 4351 eorum
1288 4274 1383 4373 legis

162 4410 239 4462 esse
256 4385 471 4486 disspositas.
