<?xml version="1.0" encoding="UTF-8"?>
<!DOCTYPE html PUBLIC "-//W3C//DTD XHTML 1.0 Transitional//EN"
    "http://www.w3.org/TR/xhtml1/DTD/xhtml1-transitional.dtd">
<html xmlns="http://www.w3.org/1999/xhtml" xml:lang="en" lang="en">
 <head>
  <title>
</title>
<meta http-equiv="Content-Type" content="text/html;charset=utf-8" />
  <meta name='ocr-system' content='tesseract 3.04.00' />
  <meta name='ocr-capabilities' content='ocr_page ocr_carea ocr_par ocr_line ocrx_word'/>
</head>
<body>
  <div class='ocr_page' id='page_1' title='image "./collectiocanonu00deusgoog_0489.png"; bbox 0 0 3608 5498; ppageno 0'>
   <div class='ocr_carea' id='block_1_1' title="bbox 713 381 995 620">
    <p class='ocr_par' dir='ltr' id='par_1_1' title="bbox 713 381 995 620">
     <span class='ocr_line' id='line_1_1' title="bbox 799 381 995 446; baseline 0.005 -1"><span class='ocrx_word' id='word_1_1' title='bbox 799 410 839 429; x_wconf 84' lang='lat'><em>-</em></span> <span class='ocrx_word' id='word_1_2' title='bbox 864 381 931 446; x_wconf 84' lang='grc'>458</span> <span class='ocrx_word' id='word_1_3' title='bbox 955 411 995 429; x_wconf 89' lang='lat'>-</span> 
     </span>
     <span class='ocr_line' id='line_1_2' title="bbox 713 499 979 620; baseline -0.008 0"><span class='ocrx_word' id='word_1_4' title='bbox 713 499 716 516; x_wconf 80' lang='grc'><strong>’</strong></span> <span class='ocrx_word' id='word_1_5' title='bbox 781 502 783 506; x_wconf 62' lang='lat'><strong><em>‘</em></strong></span> <span class='ocrx_word' id='word_1_6' title='bbox 825 516 979 620; x_wconf 76' lang='lat' dir='ltr'>cxxxi.</span> 
     </span>
    </p>
   </div>
   <div class='ocr_carea' id='block_1_2' title="bbox 590 713 1221 779">
    <p class='ocr_par' dir='ltr' id='par_1_2' title="bbox 590 713 1221 779">
     <span class='ocr_line' id='line_1_3' title="bbox 590 713 1221 779; baseline -0.002 -14"><span class='ocrx_word' id='word_1_7' title='bbox 590 715 640 765; x_wconf 82' lang='lat' dir='ltr'>Ex</span> <span class='ocrx_word' id='word_1_8' title='bbox 658 713 798 779; x_wconf 82' lang='lat' dir='ltr'>epistola</span> <span class='ocrx_word' id='word_1_9' title='bbox 815 714 929 765; x_wconf 79' lang='lat' dir='ltr'>Domni</span> <span class='ocrx_word' id='word_1_10' title='bbox 945 713 1034 765; x_wconf 77' lang='lat' dir='ltr'>Petri</span> <span class='ocrx_word' id='word_1_11' title='bbox 1051 713 1221 778; x_wconf 72' lang='lat' dir='ltr'>Episcopb</span> 
     </span>
    </p>
   </div>
   <div class='ocr_carea' id='block_1_3' title="bbox 285 845 1518 4584">
    <p class='ocr_par' dir='ltr' id='par_1_3' title="bbox 285 845 1518 4584">
     <span class='ocr_line' id='line_1_4' title="bbox 388 845 1518 947; baseline -0.001 -25"><span class='ocrx_word' id='word_1_12' title='bbox 388 852 488 925; x_wconf 79' lang='lat' dir='ltr'>Inter‘</span> <span class='ocrx_word' id='word_1_13' title='bbox 500 858 619 925; x_wconf 83' lang='lat' dir='ltr'>cetera</span> <span class='ocrx_word' id='word_1_14' title='bbox 634 845 1182 947; x_wconf 85' lang='lat' dir='ltr'>malaquaenostristemporibus</span> <span class='ocrx_word' id='word_1_15' title='bbox 1194 846 1389 923; x_wconf 80' lang='lat' dir='ltr'>insolenter</span> <span class='ocrx_word' id='word_1_16' title='bbox 1401 870 1518 923; x_wconf 89' lang='lat' dir='ltr'>emer·</span> 
     </span>
     <span class='ocr_line' id='line_1_5' title="bbox 289 955 1517 1060; baseline 0 -22"><span class='ocrx_word' id='word_1_17' title='bbox 289 972 384 1060; x_wconf 85' lang='lat' dir='ltr'>gunt</span> <span class='ocrx_word' id='word_1_18' title='bbox 398 972 439 1037; x_wconf 89' lang='lat' dir='ltr'>ut</span> <span class='ocrx_word' id='word_1_19' title='bbox 453 963 549 1060; x_wconf 85' lang='lat' dir='ltr'>ipsas</span> <span class='ocrx_word' id='word_1_20' title='bbox 560 986 699 1060; x_wconf 60' lang='lat' dir='ltr'>‘queque</span> <span class='ocrx_word' id='word_1_21' title='bbox 712 961 892 1038; x_wconf 75' lang='lat' dir='ltr'>ecelesias</span> <span class='ocrx_word' id='word_1_22' title='bbox 904 960 1051 1037; x_wconf 75' lang='lat' dir='ltr'>violenti</span> <span class='ocrx_word' id='word_1_23' title='bbox 1065 960 1226 1036; x_wconf 88' lang='lat' dir='ltr'>homines</span> <span class='ocrx_word' id='word_1_24' title='bbox 1239 955 1454 1059; x_wconf 74' lang='lat' dir='ltr'>opprimant,</span> <span class='ocrx_word' id='word_1_25' title='bbox 1471 987 1517 1039; x_wconf 90' lang='lat' dir='ltr'>ac</span> 
     </span>
     <span class='ocr_line' id='line_1_6' title="bbox 289 1072 1516 1176; baseline -0.001 -24"><span class='ocrx_word' id='word_1_26' title='bbox 289 1078 420 1176; x_wconf 81' lang='lat' dir='ltr'>pradia</span> <span class='ocrx_word' id='word_1_27' title='bbox 429 1076 487 1152; x_wconf 89' lang='lat' dir='ltr'>vel</span> <span class='ocrx_word' id='word_1_28' title='bbox 497 1076 663 1174; x_wconf 74' lang='lat' dir='ltr'>quaelibet</span> <span class='ocrx_word' id='word_1_29' title='bbox 674 1077 765 1151; x_wconf 92' lang='lat' dir='ltr'>bona</span> <span class='ocrx_word' id='word_1_30' title='bbox 778 1076 873 1151; x_wconf 89' lang='lat' dir='ltr'>sacri</span> <span class='ocrx_word' id='word_1_31' title='bbox 886 1074 976 1149; x_wconf 89' lang='lat' dir='ltr'>iuris</span> <span class='ocrx_word' id='word_1_32' title='bbox 990 1072 1174 1163; x_wconf 81' lang='lat' dir='ltr'>invadant,</span> <span class='ocrx_word' id='word_1_33' title='bbox 1187 1074 1379 1149; x_wconf 92' lang='lat' dir='ltr'>nonnullos</span> <span class='ocrx_word' id='word_1_34' title='bbox 1393 1085 1516 1151; x_wconf 86' lang='lat' dir='ltr'>movet</span> 
     </span>
     <span class='ocr_line' id='line_1_7' title="bbox 293 1175 1515 1286; baseline -0.002 -22"><span class='ocrx_word' id='word_1_35' title='bbox 293 1200 414 1265; x_wconf 90' lang='lat' dir='ltr'>utrum</span> <span class='ocrx_word' id='word_1_36' title='bbox 430 1189 664 1266; x_wconf 89' lang='lat' dir='ltr'>ecclesiarum</span> <span class='ocrx_word' id='word_1_37' title='bbox 679 1200 832 1265; x_wconf 88' lang='lat' dir='ltr'>rectores</span> <span class='ocrx_word' id='word_1_38' title='bbox 842 1197 1003 1286; x_wconf 84' lang='lat' dir='ltr'>expetere</span> <span class='ocrx_word' id='word_1_39' title='bbox 1012 1175 1208 1263; x_wconf 81' lang='lat' dir='ltr'>vindictam</span> <span class='ocrx_word' id='word_1_40' title='bbox 1219 1188 1429 1277; x_wconf 68' lang='lat' dir='ltr'>debeantur</span> <span class='ocrx_word' id='word_1_41' title='bbox 1438 1214 1515 1263; x_wconf 92' lang='lat' dir='ltr'>ma·</span> 
     </span>
     <span class='ocr_line' id='line_1_8' title="bbox 289 1301 1514 1401; baseline 0.002 -25"><span class='ocrx_word' id='word_1_42' title='bbox 289 1303 334 1378; x_wconf 93' lang='lat' dir='ltr'>lis</span> <span class='ocrx_word' id='word_1_43' title='bbox 355 1303 447 1376; x_wconf 85' lang='lat' dir='ltr'>mala</span> <span class='ocrx_word' id='word_1_44' title='bbox 464 1312 583 1377; x_wconf 87' lang='lat' dir='ltr'>movet</span> <span class='ocrx_word' id='word_1_45' title='bbox 600 1301 826 1379; x_wconf 76' lang='lat' dir='ltr'>saecularium</span> <span class='ocrx_word' id='word_1_46' title='bbox 846 1304 1003 1378; x_wconf 83' lang='lat' dir='ltr'>reddant.</span> <span class='ocrx_word' id='word_1_47' title='bbox 1015 1306 1107 1377; x_wconf 86' lang='lat' dir='ltr'>Nam</span> <span class='ocrx_word' id='word_1_48' title='bbox 1127 1303 1285 1401; x_wconf 84' lang='lat' dir='ltr'>plerique</span> <span class='ocrx_word' id='word_1_49' title='bbox 1303 1328 1384 1378; x_wconf 86' lang='lat' dir='ltr'>mox</span> <span class='ocrx_word' id='word_1_50' title='bbox 1399 1313 1441 1378; x_wconf 90' lang='lat' dir='ltr'>ut</span> <span class='ocrx_word' id='word_1_51' title='bbox 1458 1304 1514 1380; x_wconf 82' lang='lat' dir='ltr'>eis</span> 
     </span>
     <span class='ocr_line' id='line_1_9' title="bbox 289 1415 1512 1515; baseline 0 -25"><span class='ocrx_word' id='word_1_52' title='bbox 289 1417 346 1491; x_wconf 92' lang='lat' dir='ltr'>ius</span> <span class='ocrx_word' id='word_1_53' title='bbox 363 1417 518 1491; x_wconf 88' lang='lat' dir='ltr'>infertur</span> <span class='ocrx_word' id='word_1_54' title='bbox 535 1415 678 1504; x_wconf 80' lang='lat' dir='ltr'>iniurie,</span> <span class='ocrx_word' id='word_1_55' title='bbox 694 1416 739 1490; x_wconf 89' lang='lat' dir='ltr'>ad</span> <span class='ocrx_word' id='word_1_56' title='bbox 757 1416 946 1492; x_wconf 88' lang='lat' dir='ltr'>indicenda</span> <span class='ocrx_word' id='word_1_57' title='bbox 962 1416 1055 1491; x_wconf 89' lang='lat' dir='ltr'>bella</span> <span class='ocrx_word' id='word_1_58' title='bbox 1072 1417 1235 1515; x_wconf 88' lang='lat' dir='ltr'>protinus</span> <span class='ocrx_word' id='word_1_59' title='bbox 1260 1416 1427 1492; x_wconf 91' lang='lat' dir='ltr'>insiliunt</span> <span class='ocrx_word' id='word_1_60' title='bbox 1453 1442 1512 1490; x_wconf 89' lang='lat' dir='ltr'>ar·</span> 
     </span>
     <span class='ocr_line' id='line_1_10' title="bbox 292 1530 1515 1628; baseline 0.002 -25"><span class='ocrx_word' id='word_1_61' title='bbox 292 1540 469 1604; x_wconf 90' lang='lat' dir='ltr'>matorum</span> <span class='ocrx_word' id='word_1_62' title='bbox 495 1554 652 1604; x_wconf 88' lang='lat' dir='ltr'>cunneos</span> <span class='ocrx_word' id='word_1_63' title='bbox 678 1530 874 1620; x_wconf 78' lang='lat' dir='ltr'>instruunt,</span> <span class='ocrx_word' id='word_1_64' title='bbox 891 1530 1013 1628; x_wconf 89' lang='lat' dir='ltr'>sicque</span> <span class='ocrx_word' id='word_1_65' title='bbox 1038 1530 1156 1605; x_wconf 90' lang='lat' dir='ltr'>hostes</span> <span class='ocrx_word' id='word_1_66' title='bbox 1180 1554 1263 1605; x_wconf 89' lang='lat' dir='ltr'>suos</span> <span class='ocrx_word' id='word_1_67' title='bbox 1287 1531 1405 1605; x_wconf 91' lang='lat' dir='ltr'>arrius</span> <span class='ocrx_word' id='word_1_68' title='bbox 1422 1531 1515 1607; x_wconf 86' lang='lat' dir='ltr'>forte</span> 
     </span>
     <span class='ocr_line' id='line_1_11' title="bbox 291 1641 1515 1742; baseline 0.004 -28"><span class='ocrx_word' id='word_1_69' title='bbox 291 1667 398 1740; x_wconf 90' lang='lat' dir='ltr'>quam</span> <span class='ocrx_word' id='word_1_70' title='bbox 410 1641 483 1716; x_wconf 85' lang='lat' dir='ltr'>loesi</span> <span class='ocrx_word' id='word_1_71' title='bbox 499 1642 642 1716; x_wconf 86' lang='lat' dir='ltr'>fuerant</span> <span class='ocrx_word' id='word_1_72' title='bbox 654 1642 890 1716; x_wconf 88' lang='lat' dir='ltr'>ulciscuntur.</span> <span class='ocrx_word' id='word_1_73' title='bbox 904 1643 1003 1731; x_wconf 85' lang='lat' dir='ltr'>Quod</span> <span class='ocrx_word' id='word_1_74' title='bbox 1018 1643 1106 1717; x_wconf 91' lang='lat' dir='ltr'>mihi</span> <span class='ocrx_word' id='word_1_75' title='bbox 1120 1642 1376 1742; x_wconf 82' lang='lat' dir='ltr'>planevidetur</span> <span class='ocrx_word' id='word_1_76' title='bbox 1388 1644 1515 1719; x_wconf 87' lang='lat' dir='ltr'>absur-</span> 
     </span>
     <span class='ocr_line' id='line_1_12' title="bbox 290 1755 1512 1854; baseline 0.002 -26"><span class='ocrx_word' id='word_1_77' title='bbox 290 1756 387 1844; x_wconf 75' lang='lat' dir='ltr'>dum,</span> <span class='ocrx_word' id='word_1_78' title='bbox 400 1767 442 1830; x_wconf 88' lang='lat' dir='ltr'>ut</span> <span class='ocrx_word' id='word_1_79' title='bbox 454 1755 523 1852; x_wconf 91' lang='lat' dir='ltr'>ipsi</span> <span class='ocrx_word' id='word_1_80' title='bbox 542 1756 684 1829; x_wconf 89' lang='lat' dir='ltr'>Domini</span> <span class='ocrx_word' id='word_1_81' title='bbox 702 1757 900 1832; x_wconf 83' lang='lat' dir='ltr'>sacerdotes</span> <span class='ocrx_word' id='word_1_82' title='bbox 915 1765 1093 1830; x_wconf 82' lang='lat' dir='ltr'>attentent</span> <span class='ocrx_word' id='word_1_83' title='bbox 1110 1756 1201 1854; x_wconf 95' lang='lat' dir='ltr'>quod</span> <span class='ocrx_word' id='word_1_84' title='bbox 1218 1756 1328 1830; x_wconf 93' lang='lat' dir='ltr'>tribui</span> <span class='ocrx_word' id='word_1_85' title='bbox 1347 1756 1512 1854; x_wconf 84' lang='lat' dir='ltr'>vulgari·</span> 
     </span>
     <span class='ocr_line' id='line_1_13' title="bbox 290 1867 1509 1968; baseline 0.006 -28"><span class='ocrx_word' id='word_1_86' title='bbox 290 1867 357 1941; x_wconf 94' lang='lat' dir='ltr'>bus</span> <span class='ocrx_word' id='word_1_87' title='bbox 375 1867 615 1965; x_wconf 86' lang='lat' dir='ltr'>prohibentur,</span> <span class='ocrx_word' id='word_1_88' title='bbox 628 1877 664 1942; x_wconf 92' lang='lat' dir='ltr'>et</span> <span class='ocrx_word' id='word_1_89' title='bbox 676 1868 767 1965; x_wconf 92' lang='lat' dir='ltr'>quod</span> <span class='ocrx_word' id='word_1_90' title='bbox 781 1869 900 1944; x_wconf 87' lang='lat' dir='ltr'>verbis</span> <span class='ocrx_word' id='word_1_91' title='bbox 913 1871 1141 1968; x_wconf 83' lang='lat' dir='ltr'>impugnant,</span> <span class='ocrx_word' id='word_1_92' title='bbox 1157 1870 1322 1968; x_wconf 89' lang='lat' dir='ltr'>operibus</span> <span class='ocrx_word' id='word_1_93' title='bbox 1335 1883 1509 1947; x_wconf 88' lang='lat' dir='ltr'>asserant.</span> 
     </span>
     <span class='ocr_line' id='line_1_14' title="bbox 293 1981 1516 2082; baseline 0.004 -28"><span class='ocrx_word' id='word_1_94' title='bbox 293 1981 386 2068; x_wconf 86' lang='lat' dir='ltr'>Quid</span> <span class='ocrx_word' id='word_1_95' title='bbox 404 1981 500 2055; x_wconf 92' lang='lat' dir='ltr'>enim</span> <span class='ocrx_word' id='word_1_96' title='bbox 523 1981 641 2077; x_wconf 87' lang='lat' dir='ltr'>magis</span> <span class='ocrx_word' id='word_1_97' title='bbox 660 1981 874 2057; x_wconf 83' lang='lat' dir='ltr'>Christianae</span> <span class='ocrx_word' id='word_1_98' title='bbox 898 1982 972 2080; x_wconf 81' lang='lat' dir='ltr'>legi</span> <span class='ocrx_word' id='word_1_99' title='bbox 1000 1983 1166 2082; x_wconf 89' lang='lat' dir='ltr'>probatur</span> <span class='ocrx_word' id='word_1_100' title='bbox 1187 2009 1264 2060; x_wconf 89' lang='lat' dir='ltr'>esse</span> <span class='ocrx_word' id='word_1_101' title='bbox 1280 1984 1516 2076; x_wconf 76' lang='lat' dir='ltr'>contrarium,</span> 
     </span>
     <span class='ocr_line' id='line_1_15' title="bbox 290 2093 1517 2195; baseline 0.005 -28"><span class='ocrx_word' id='word_1_102' title='bbox 290 2120 397 2194; x_wconf 90' lang='lat' dir='ltr'>quam</span> <span class='ocrx_word' id='word_1_103' title='bbox 416 2094 605 2170; x_wconf 88' lang='lat' dir='ltr'>redhibitio</span> <span class='ocrx_word' id='word_1_104' title='bbox 622 2093 835 2170; x_wconf 74' lang='lat' dir='ltr'>laesionum?</span> <span class='ocrx_word' id='word_1_105' title='bbox 857 2096 925 2172; x_wconf 92' lang='lat' dir='ltr'>Ubi</span> <span class='ocrx_word' id='word_1_106' title='bbox 949 2121 1067 2195; x_wconf 81' lang='lat' dir='ltr'>quaeso</span> <span class='ocrx_word' id='word_1_107' title='bbox 1087 2107 1141 2172; x_wconf 89' lang='lat' dir='ltr'>est</span> <span class='ocrx_word' id='word_1_108' title='bbox 1161 2098 1253 2194; x_wconf 93' lang='lat' dir='ltr'>quod</span> <span class='ocrx_word' id='word_1_109' title='bbox 1272 2099 1445 2173; x_wconf 89' lang='lat' dir='ltr'>Dominus</span> <span class='ocrx_word' id='word_1_110' title='bbox 1463 2099 1517 2173; x_wconf 89' lang='lat' dir='ltr'>di·</span> 
     </span>
     <span class='ocr_line' id='line_1_16' title="bbox 289 2207 1516 2307; baseline 0.003 -23"><span class='ocrx_word' id='word_1_111' title='bbox 289 2209 349 2284; x_wconf 87' lang='lat' dir='ltr'>cit.</span> <span class='ocrx_word' id='word_1_112' title='bbox 368 2209 405 2283; x_wconf 92' lang='lat' dir='ltr'>Si</span> <span class='ocrx_word' id='word_1_113' title='bbox 431 2208 512 2306; x_wconf 92' lang='lat' dir='ltr'>quis</span> <span class='ocrx_word' id='word_1_114' title='bbox 533 2207 599 2283; x_wconf 92' lang='lat' dir='ltr'>tibi</span> <span class='ocrx_word' id='word_1_115' title='bbox 616 2208 708 2307; x_wconf 93' lang='lat' dir='ltr'>quod</span> <span class='ocrx_word' id='word_1_116' title='bbox 725 2217 828 2283; x_wconf 89' lang='lat' dir='ltr'>tuum</span> <span class='ocrx_word' id='word_1_117' title='bbox 847 2218 902 2284; x_wconf 89' lang='lat' dir='ltr'>est</span> <span class='ocrx_word' id='word_1_118' title='bbox 918 2209 1043 2285; x_wconf 84' lang='lat' dir='ltr'>tulerit</span> <span class='ocrx_word' id='word_1_119' title='bbox 1064 2235 1109 2285; x_wconf 91' lang='lat' dir='ltr'>ne</span> <span class='ocrx_word' id='word_1_120' title='bbox 1136 2214 1301 2307; x_wconf 79' lang='lat' dir='ltr'>repetas?</span> <span class='ocrx_word' id='word_1_121' title='bbox 1323 2211 1362 2284; x_wconf 90' lang='lat' dir='ltr'>Si</span> <span class='ocrx_word' id='word_1_122' title='bbox 1387 2210 1516 2288; x_wconf 89' lang='lat' dir='ltr'>tulerit</span> 
     </span>
     <span class='ocr_line' id='line_1_17' title="bbox 291 2321 1514 2419; baseline 0.002 -22"><span class='ocrx_word' id='word_1_123' title='bbox 291 2323 355 2397; x_wconf 93' lang='lat' dir='ltr'>tibi</span> <span class='ocrx_word' id='word_1_124' title='bbox 375 2322 536 2398; x_wconf 90' lang='lat' dir='ltr'>tunicam</span> <span class='ocrx_word' id='word_1_125' title='bbox 556 2323 599 2396; x_wconf 93' lang='lat' dir='ltr'>da</span> <span class='ocrx_word' id='word_1_126' title='bbox 625 2321 658 2396; x_wconf 94' lang='lat' dir='ltr'>ei</span> <span class='ocrx_word' id='word_1_127' title='bbox 680 2321 858 2419; x_wconf 78' lang='lat' dir='ltr'>pallium?</span> <span class='ocrx_word' id='word_1_128' title='bbox 883 2323 921 2395; x_wconf 88' lang='lat' dir='ltr'>Si</span> <span class='ocrx_word' id='word_1_129' title='bbox 948 2323 1042 2398; x_wconf 90' lang='lat' dir='ltr'>enim</span> <span class='ocrx_word' id='word_1_130' title='bbox 1069 2323 1170 2397; x_wconf 92' lang='lat' dir='ltr'>nobis</span> <span class='ocrx_word' id='word_1_131' title='bbox 1194 2345 1263 2396; x_wconf 92' lang='lat' dir='ltr'>non</span> <span class='ocrx_word' id='word_1_132' title='bbox 1285 2323 1371 2399; x_wconf 89' lang='lat' dir='ltr'>lieet</span> <span class='ocrx_word' id='word_1_133' title='bbox 1387 2324 1514 2400; x_wconf 88' lang='lat' dir='ltr'>eadem</span> 
     </span>
     <span class='ocr_line' id='line_1_18' title="bbox 289 2434 1517 2536; baseline 0.002 -27"><span class='ocrx_word' id='word_1_134' title='bbox 289 2437 366 2535; x_wconf 90' lang='lat' dir='ltr'>ipsa</span> <span class='ocrx_word' id='word_1_135' title='bbox 385 2460 463 2536; x_wconf 85' lang='lat' dir='ltr'>quae</span> <span class='ocrx_word' id='word_1_136' title='bbox 480 2435 581 2509; x_wconf 93' lang='lat' dir='ltr'>nobis</span> <span class='ocrx_word' id='word_1_137' title='bbox 598 2444 684 2509; x_wconf 89' lang='lat' dir='ltr'>sunt</span> <span class='ocrx_word' id='word_1_138' title='bbox 701 2434 817 2508; x_wconf 91' lang='lat' dir='ltr'>oblata</span> <span class='ocrx_word' id='word_1_139' title='bbox 837 2450 1005 2533; x_wconf 81' lang='lat' dir='ltr'>repetere,</span> <span class='ocrx_word' id='word_1_140' title='bbox 1018 2438 1188 2536; x_wconf 84' lang='lat' dir='ltr'>quomodo</span> <span class='ocrx_word' id='word_1_141' title='bbox 1206 2438 1341 2535; x_wconf 90' lang='lat' dir='ltr'>probis</span> <span class='ocrx_word' id='word_1_142' title='bbox 1358 2437 1443 2514; x_wconf 88' lang='lat' dir='ltr'>lieet</span> <span class='ocrx_word' id='word_1_143' title='bbox 1461 2438 1517 2512; x_wconf 90' lang='lat' dir='ltr'>ul-</span> 
     </span>
     <span class='ocr_line' id='line_1_19' title="bbox 288 2548 1515 2650; baseline 0.002 -25"><span class='ocrx_word' id='word_1_144' title='bbox 288 2553 387 2627; x_wconf 87' lang='lat' dir='ltr'>toriae</span> <span class='ocrx_word' id='word_1_145' title='bbox 413 2549 662 2627; x_wconf 89' lang='lat' dir='ltr'>retributionis</span> <span class='ocrx_word' id='word_1_146' title='bbox 686 2548 822 2623; x_wconf 89' lang='lat' dir='ltr'>vulnus</span> <span class='ocrx_word' id='word_1_147' title='bbox 847 2550 1008 2625; x_wconf 75' lang='lat' dir='ltr'>inferre?</span> <span class='ocrx_word' id='word_1_148' title='bbox 1031 2554 1077 2624; x_wconf 90' lang='lat' dir='ltr'>Et</span> <span class='ocrx_word' id='word_1_149' title='bbox 1097 2560 1175 2647; x_wconf 89' lang='lat' dir='ltr'>post</span> <span class='ocrx_word' id='word_1_150' title='bbox 1199 2576 1323 2650; x_wconf 86' lang='lat' dir='ltr'>pauca.</span> <span class='ocrx_word' id='word_1_151' title='bbox 1341 2551 1515 2627; x_wconf 86' lang='lat' dir='ltr'>Sacerdos</span> 
     </span>
     <span class='ocr_line' id='line_1_20' title="bbox 288 2661 1516 2764; baseline 0.001 -26"><span class='ocrx_word' id='word_1_152' title='bbox 288 2666 409 2764; x_wconf 85' lang='lat' dir='ltr'>itaque</span> <span class='ocrx_word' id='word_1_153' title='bbox 426 2664 487 2762; x_wconf 93' lang='lat' dir='ltr'>qui</span> <span class='ocrx_word' id='word_1_154' title='bbox 506 2664 543 2736; x_wconf 92' lang='lat' dir='ltr'>in</span> <span class='ocrx_word' id='word_1_155' title='bbox 563 2685 674 2758; x_wconf 81' lang='lat' dir='ltr'>regno</span> <span class='ocrx_word' id='word_1_156' title='bbox 698 2661 865 2738; x_wconf 72' lang='lat' dir='ltr'>carlorum</span> <span class='ocrx_word' id='word_1_157' title='bbox 884 2663 966 2737; x_wconf 81' lang='lat' dir='ltr'>vult</span> <span class='ocrx_word' id='word_1_158' title='bbox 983 2689 1059 2739; x_wconf 87' lang='lat' dir='ltr'>esse</span> <span class='ocrx_word' id='word_1_159' title='bbox 1077 2687 1244 2760; x_wconf 78' lang='lat' dir='ltr'>magnus,</span> <span class='ocrx_word' id='word_1_160' title='bbox 1264 2664 1313 2738; x_wconf 89' lang='lat' dir='ltr'>sit</span> <span class='ocrx_word' id='word_1_161' title='bbox 1331 2664 1367 2737; x_wconf 93' lang='lat' dir='ltr'>in</span> <span class='ocrx_word' id='word_1_162' title='bbox 1386 2665 1516 2764; x_wconf 94' lang='lat' dir='ltr'>populo</span> 
     </span>
     <span class='ocr_line' id='line_1_21' title="bbox 288 2775 1516 2877; baseline 0.002 -25"><span class='ocrx_word' id='word_1_163' title='bbox 288 2779 445 2877; x_wconf 82' lang='lat' dir='ltr'>praerius</span> <span class='ocrx_word' id='word_1_164' title='bbox 466 2786 506 2851; x_wconf 90' lang='lat' dir='ltr'>ut</span> <span class='ocrx_word' id='word_1_165' title='bbox 527 2775 618 2874; x_wconf 91' lang='lat' dir='ltr'>quod</span> <span class='ocrx_word' id='word_1_166' title='bbox 636 2798 721 2849; x_wconf 85' lang='lat' dir='ltr'>voce</span> <span class='ocrx_word' id='word_1_167' title='bbox 749 2776 980 2873; x_wconf 87' lang='lat' dir='ltr'>sequentibus</span> <span class='ocrx_word' id='word_1_168' title='bbox 1002 2777 1125 2867; x_wconf 85' lang='lat' dir='ltr'>dictat,</span> <span class='ocrx_word' id='word_1_169' title='bbox 1151 2777 1290 2874; x_wconf 90' lang='lat' dir='ltr'>primus</span> <span class='ocrx_word' id='word_1_170' title='bbox 1314 2776 1390 2874; x_wconf 89' lang='lat' dir='ltr'>ipse</span> <span class='ocrx_word' id='word_1_171' title='bbox 1415 2777 1516 2854; x_wconf 89' lang='lat' dir='ltr'>vivis</span> 
     </span>
     <span class='ocr_line' id='line_1_22' title="bbox 288 2889 1511 2993; baseline -0.001 -26"><span class='ocrx_word' id='word_1_172' title='bbox 288 2892 452 2993; x_wconf 87' lang='lat' dir='ltr'>operibus</span> <span class='ocrx_word' id='word_1_173' title='bbox 474 2890 630 2989; x_wconf 82' lang='lat' dir='ltr'>impleat.</span> <span class='ocrx_word' id='word_1_174' title='bbox 647 2890 749 2965; x_wconf 87' lang='lat' dir='ltr'>Unde</span> <span class='ocrx_word' id='word_1_175' title='bbox 775 2899 811 2965; x_wconf 87' lang='lat' dir='ltr'>et</span> <span class='ocrx_word' id='word_1_176' title='bbox 826 2891 943 2964; x_wconf 92' lang='lat' dir='ltr'>omnis</span> <span class='ocrx_word' id='word_1_177' title='bbox 960 2891 1061 2988; x_wconf 87' lang='lat' dir='ltr'>pravi</span> <span class='ocrx_word' id='word_1_178' title='bbox 1079 2889 1286 2965; x_wconf 89' lang='lat' dir='ltr'>intellectus</span> <span class='ocrx_word' id='word_1_179' title='bbox 1302 2891 1441 2966; x_wconf 83' lang='lat' dir='ltr'>occasio</span> <span class='ocrx_word' id='word_1_180' title='bbox 1458 2900 1511 2966; x_wconf 78' lang='lat' dir='ltr'>te</span> 
     </span>
     <span class='ocr_line' id='line_1_23' title="bbox 287 3004 1514 3104; baseline 0.002 -24"><span class='ocrx_word' id='word_1_181' title='bbox 287 3007 423 3082; x_wconf 88' lang='lat' dir='ltr'>leretur</span> <span class='ocrx_word' id='word_1_182' title='bbox 440 3005 578 3104; x_wconf 87' lang='lat' dir='ltr'>primns</span> <span class='ocrx_word' id='word_1_183' title='bbox 597 3004 658 3079; x_wconf 90' lang='lat' dir='ltr'>ille</span> <span class='ocrx_word' id='word_1_184' title='bbox 675 3005 769 3080; x_wconf 91' lang='lat' dir='ltr'>inter</span> <span class='ocrx_word' id='word_1_185' title='bbox 786 3004 945 3080; x_wconf 77' lang='lat' dir='ltr'>aecclesie</span> <span class='ocrx_word' id='word_1_186' title='bbox 970 3005 1170 3080; x_wconf 88' lang='lat' dir='ltr'>sacerdotes</span> <span class='ocrx_word' id='word_1_187' title='bbox 1187 3029 1257 3080; x_wconf 91' lang='lat' dir='ltr'>non</span> <span class='ocrx_word' id='word_1_188' title='bbox 1282 3006 1344 3080; x_wconf 89' lang='lat' dir='ltr'>ait.</span> <span class='ocrx_word' id='word_1_189' title='bbox 1361 3005 1514 3082; x_wconf 88' lang='lat' dir='ltr'>Domine</span> 
     </span>
     <span class='ocr_line' id='line_1_24' title="bbox 288 3118 1513 3221; baseline -0.002 -25"><span class='ocrx_word' id='word_1_190' title='bbox 288 3120 452 3220; x_wconf 89' lang='lat' dir='ltr'>quotiens</span> <span class='ocrx_word' id='word_1_191' title='bbox 469 3119 673 3218; x_wconf 85' lang='lat' dir='ltr'>peccaverit</span> <span class='ocrx_word' id='word_1_192' title='bbox 689 3119 800 3194; x_wconf 88' lang='lat' dir='ltr'>frater</span> <span class='ocrx_word' id='word_1_193' title='bbox 816 3118 853 3192; x_wconf 92' lang='lat' dir='ltr'>in</span> <span class='ocrx_word' id='word_1_194' title='bbox 874 3119 1034 3209; x_wconf 82' lang='lat' dir='ltr'>fratrem,</span> <span class='ocrx_word' id='word_1_195' title='bbox 1061 3118 1219 3195; x_wconf 88' lang='lat' dir='ltr'>dimittet</span> <span class='ocrx_word' id='word_1_196' title='bbox 1244 3121 1289 3209; x_wconf 78' lang='lat' dir='ltr'>ei,</span> <span class='ocrx_word' id='word_1_197' title='bbox 1306 3121 1367 3195; x_wconf 90' lang='lat' dir='ltr'>sed</span> <span class='ocrx_word' id='word_1_198' title='bbox 1391 3119 1513 3221; x_wconf 89' lang='lat' dir='ltr'>potius</span> 
     </span>
     <span class='ocr_line' id='line_1_25' title="bbox 285 3232 1517 3331; baseline -0.001 -22"><span class='ocrx_word' id='word_1_199' title='bbox 285 3235 444 3309; x_wconf 90' lang='lat' dir='ltr'>omnium</span> <span class='ocrx_word' id='word_1_200' title='bbox 459 3233 682 3309; x_wconf 89' lang='lat' dir='ltr'>sacerdotum</span> <span class='ocrx_word' id='word_1_201' title='bbox 698 3257 808 3306; x_wconf 88' lang='lat' dir='ltr'>causa</span> <span class='ocrx_word' id='word_1_202' title='bbox 820 3232 858 3305; x_wconf 91' lang='lat' dir='ltr'>in</span> <span class='ocrx_word' id='word_1_203' title='bbox 872 3258 943 3306; x_wconf 92' lang='lat' dir='ltr'>una</span> <span class='ocrx_word' id='word_1_204' title='bbox 958 3232 1013 3307; x_wconf 87' lang='lat' dir='ltr'>sni</span> <span class='ocrx_word' id='word_1_205' title='bbox 1032 3256 1178 3331; x_wconf 87' lang='lat' dir='ltr'>persona</span> <span class='ocrx_word' id='word_1_206' title='bbox 1198 3233 1432 3324; x_wconf 81' lang='lat' dir='ltr'>constituens,</span> <span class='ocrx_word' id='word_1_207' title='bbox 1445 3235 1517 3308; x_wconf 80' lang='lat' dir='ltr'>llo·</span> 
     </span>
     <span class='ocr_line' id='line_1_26' title="bbox 286 3345 1514 3447; baseline 0.001 -24"><span class='ocrx_word' id='word_1_208' title='bbox 286 3350 382 3424; x_wconf 90' lang='lat' dir='ltr'>mine</span> <span class='ocrx_word' id='word_1_209' title='bbox 400 3348 526 3447; x_wconf 91' lang='lat' dir='ltr'>inquid</span> <span class='ocrx_word' id='word_1_210' title='bbox 543 3347 706 3446; x_wconf 88' lang='lat' dir='ltr'>quotiens</span> <span class='ocrx_word' id='word_1_211' title='bbox 723 3352 927 3444; x_wconf 83' lang='lat' dir='ltr'>peccaverit</span> <span class='ocrx_word' id='word_1_212' title='bbox 944 3347 982 3420; x_wconf 93' lang='lat' dir='ltr'>in</span> <span class='ocrx_word' id='word_1_213' title='bbox 1009 3371 1065 3422; x_wconf 93' lang='lat' dir='ltr'>me</span> <span class='ocrx_word' id='word_1_214' title='bbox 1083 3346 1194 3422; x_wconf 86' lang='lat' dir='ltr'>frater</span> <span class='ocrx_word' id='word_1_215' title='bbox 1212 3372 1314 3422; x_wconf 90' lang='lat' dir='ltr'>meus</span> <span class='ocrx_word' id='word_1_216' title='bbox 1330 3345 1514 3424; x_wconf 86' lang='lat' dir='ltr'>dimittam</span> 
     </span>
     <span class='ocr_line' id='line_1_27' title="bbox 286 3459 1517 3560; baseline -0.002 -22"><span class='ocrx_word' id='word_1_217' title='bbox 286 3462 346 3538; x_wconf 73' lang='lat' dir='ltr'>ei?</span> <span class='ocrx_word' id='word_1_218' title='bbox 365 3463 529 3559; x_wconf 87' lang='lat' dir='ltr'>Cumque</span> <span class='ocrx_word' id='word_1_219' title='bbox 554 3460 621 3534; x_wconf 89' lang='lat' dir='ltr'>sibi</span> <span class='ocrx_word' id='word_1_220' title='bbox 642 3459 912 3556; x_wconf 86' lang='lat' dir='ltr'>responderetur</span> <span class='ocrx_word' id='word_1_221' title='bbox 937 3485 1049 3560; x_wconf 90' lang='lat' dir='ltr'>usque</span> <span class='ocrx_word' id='word_1_222' title='bbox 1074 3460 1280 3559; x_wconf 83' lang='lat' dir='ltr'>septuagies</span> <span class='ocrx_word' id='word_1_223' title='bbox 1306 3459 1435 3558; x_wconf 90' lang='lat' dir='ltr'>septies</span> <span class='ocrx_word' id='word_1_224' title='bbox 1457 3461 1517 3535; x_wconf 92' lang='lat' dir='ltr'>in·</span> 
     </span>
     <span class='ocr_line' id='line_1_28' title="bbox 286 3572 1516 3672; baseline -0.001 -22"><span class='ocrx_word' id='word_1_225' title='bbox 286 3575 520 3672; x_wconf 74' lang='lat' dir='ltr'>dulgendum</span> <span class='ocrx_word' id='word_1_226' title='bbox 540 3573 682 3646; x_wconf 87' lang='lat' dir='ltr'>nullum</span> <span class='ocrx_word' id='word_1_227' title='bbox 705 3576 777 3647; x_wconf 88' lang='lat' dir='ltr'>iam</span> <span class='ocrx_word' id='word_1_228' title='bbox 808 3574 1021 3649; x_wconf 89' lang='lat' dir='ltr'>reservando</span> <span class='ocrx_word' id='word_1_229' title='bbox 1045 3573 1287 3649; x_wconf 87' lang='lat' dir='ltr'>sacerdotibus</span> <span class='ocrx_word' id='word_1_230' title='bbox 1312 3572 1516 3649; x_wconf 88' lang='lat' dir='ltr'>universali</span> 
     </span>
     <span class='ocr_line' id='line_1_29' title="bbox 288 3684 1515 3784; baseline -0.002 -21"><span class='ocrx_word' id='word_1_231' title='bbox 288 3691 454 3764; x_wconf 85' lang='lat' dir='ltr'>mandato</span> <span class='ocrx_word' id='word_1_232' title='bbox 474 3688 638 3764; x_wconf 87' lang='lat' dir='ltr'>relietum</span> <span class='ocrx_word' id='word_1_233' title='bbox 658 3688 801 3763; x_wconf 83' lang='lat' dir='ltr'>ridetur</span> <span class='ocrx_word' id='word_1_234' title='bbox 814 3689 1143 3784; x_wconf 83' lang='lat' dir='ltr'>ambiguumLuca</span> <span class='ocrx_word' id='word_1_235' title='bbox 1156 3687 1263 3761; x_wconf 88' lang='lat' dir='ltr'>ctiam</span> <span class='ocrx_word' id='word_1_236' title='bbox 1274 3684 1515 3781; x_wconf 81' lang='lat' dir='ltr'>Evangelista</span> 
     </span>
     <span class='ocr_line' id='line_1_30' title="bbox 286 3798 1517 3902; baseline -0.003 -24"><span class='ocrx_word' id='word_1_237' title='bbox 286 3812 441 3881; x_wconf 83' lang='lat' dir='ltr'>testante</span> <span class='ocrx_word' id='word_1_238' title='bbox 458 3804 638 3892; x_wconf 84' lang='lat' dir='ltr'>docemur,</span> <span class='ocrx_word' id='word_1_239' title='bbox 655 3801 741 3900; x_wconf 90' lang='lat' dir='ltr'>quia</span> <span class='ocrx_word' id='word_1_240' title='bbox 758 3802 907 3877; x_wconf 90' lang='lat' dir='ltr'>Domino</span> <span class='ocrx_word' id='word_1_241' title='bbox 925 3801 1151 3877; x_wconf 88' lang='lat' dir='ltr'>Hierusalem</span> <span class='ocrx_word' id='word_1_242' title='bbox 1170 3809 1389 3902; x_wconf 86' lang='lat' dir='ltr'>properante,</span> <span class='ocrx_word' id='word_1_243' title='bbox 1405 3798 1517 3876; x_wconf 90' lang='lat' dir='ltr'>disci·</span> 
     </span>
     <span class='ocr_line' id='line_1_31' title="bbox 287 3912 1515 4018; baseline -0.004 -25"><span class='ocrx_word' id='word_1_244' title='bbox 287 3919 362 4018; x_wconf 91' lang='lat' dir='ltr'>puli</span> <span class='ocrx_word' id='word_1_245' title='bbox 389 3919 629 4016; x_wconf 74' lang='lat' dir='ltr'>precedentes</span> <span class='ocrx_word' id='word_1_246' title='bbox 653 3917 882 3992; x_wconf 84' lang='lat' dir='ltr'>intraverunt</span> <span class='ocrx_word' id='word_1_247' title='bbox 906 3916 1029 3990; x_wconf 90' lang='lat' dir='ltr'>urbem</span> <span class='ocrx_word' id='word_1_248' title='bbox 1057 3915 1362 3991; x_wconf 83' lang='lat' dir='ltr'>Samaritanorum</span> <span class='ocrx_word' id='word_1_249' title='bbox 1390 3924 1430 3989; x_wconf 89' lang='lat' dir='ltr'>ut</span> <span class='ocrx_word' id='word_1_250' title='bbox 1455 3912 1515 3988; x_wconf 93' lang='lat' dir='ltr'>illi</span> 
     </span>
     <span class='ocr_line' id='line_1_32' title="bbox 286 4028 1514 4131; baseline -0.003 -26"><span class='ocrx_word' id='word_1_251' title='bbox 286 4042 464 4131; x_wconf 86' lang='lat' dir='ltr'>pararent.</span> <span class='ocrx_word' id='word_1_252' title='bbox 478 4033 641 4130; x_wconf 78' lang='lat' dir='ltr'>Cumque</span> <span class='ocrx_word' id='word_1_253' title='bbox 659 4031 739 4106; x_wconf 91' lang='lat' dir='ltr'>illos</span> <span class='ocrx_word' id='word_1_254' title='bbox 752 4031 939 4105; x_wconf 84' lang='lat' dir='ltr'>Samaritae</span> <span class='ocrx_word' id='word_1_255' title='bbox 956 4029 1163 4105; x_wconf 90' lang='lat' dir='ltr'>nullatenus</span> <span class='ocrx_word' id='word_1_256' title='bbox 1180 4028 1514 4127; x_wconf 72' lang='lat' dir='ltr'>recepissenteom·</span> 
     </span>
     <span class='ocr_line' id='line_1_33' title="bbox 287 4139 1515 4222; baseline -0.002 -3"><span class='ocrx_word' id='word_1_257' title='bbox 287 4146 373 4221; x_wconf 93' lang='lat' dir='ltr'>moti</span> <span class='ocrx_word' id='word_1_258' title='bbox 389 4146 492 4222; x_wconf 86' lang='lat' dir='ltr'>Iacob</span> <span class='ocrx_word' id='word_1_259' title='bbox 509 4155 546 4221; x_wconf 86' lang='lat' dir='ltr'>et</span> <span class='ocrx_word' id='word_1_260' title='bbox 558 4145 663 4220; x_wconf 90' lang='lat' dir='ltr'>laoob</span> <span class='ocrx_word' id='word_1_261' title='bbox 679 4159 716 4220; x_wconf 92' lang='lat' dir='ltr'>et</span> <span class='ocrx_word' id='word_1_262' title='bbox 729 4145 903 4220; x_wconf 89' lang='lat' dir='ltr'>Iohannes</span> <span class='ocrx_word' id='word_1_263' title='bbox 920 4142 1146 4218; x_wconf 87' lang='lat' dir='ltr'>humanitate</span> <span class='ocrx_word' id='word_1_264' title='bbox 1162 4141 1321 4217; x_wconf 89' lang='lat' dir='ltr'>dictante</span> <span class='ocrx_word' id='word_1_265' title='bbox 1334 4139 1515 4217; x_wconf 78' lang='lat' dir='ltr'>dixerunt</span> 
     </span>
     <span class='ocr_line' id='line_1_34' title="bbox 289 4255 1516 4354; baseline -0.002 -21"><span class='ocrx_word' id='word_1_266' title='bbox 289 4259 438 4334; x_wconf 90' lang='lat' dir='ltr'>Domine</span> <span class='ocrx_word' id='word_1_267' title='bbox 456 4259 513 4332; x_wconf 81' lang='lat' dir='ltr'>vis</span> <span class='ocrx_word' id='word_1_268' title='bbox 529 4258 691 4335; x_wconf 87' lang='lat' dir='ltr'>dicamus</span> <span class='ocrx_word' id='word_1_269' title='bbox 709 4268 750 4334; x_wconf 83' lang='lat' dir='ltr'>ut</span> <span class='ocrx_word' id='word_1_270' title='bbox 766 4257 866 4354; x_wconf 84' lang='lat' dir='ltr'>ignis</span> <span class='ocrx_word' id='word_1_271' title='bbox 886 4257 1077 4332; x_wconf 87' lang='lat' dir='ltr'>descendat</span> <span class='ocrx_word' id='word_1_272' title='bbox 1101 4255 1144 4332; x_wconf 91' lang='lat' dir='ltr'>de</span> <span class='ocrx_word' id='word_1_273' title='bbox 1168 4255 1255 4331; x_wconf 76' lang='lat' dir='ltr'>caelo</span> <span class='ocrx_word' id='word_1_274' title='bbox 1270 4264 1306 4331; x_wconf 89' lang='lat' dir='ltr'>et</span> <span class='ocrx_word' id='word_1_275' title='bbox 1322 4264 1516 4330; x_wconf 85' lang='lat' dir='ltr'>consumat</span> 
     </span>
     <span class='ocr_line' id='line_1_35' title="bbox 290 4366 1515 4468; baseline -0.001 -24"><span class='ocrx_word' id='word_1_276' title='bbox 290 4371 370 4445; x_wconf 90' lang='lat' dir='ltr'>illos</span> <span class='ocrx_word' id='word_1_277' title='bbox 388 4371 484 4446; x_wconf 83' lang='lat' dir='ltr'>sicut</span> <span class='ocrx_word' id='word_1_278' title='bbox 497 4371 620 4447; x_wconf 89' lang='lat' dir='ltr'>Helias</span> <span class='ocrx_word' id='word_1_279' title='bbox 638 4370 748 4447; x_wconf 79' lang='lat' dir='ltr'>lecit?</span> <span class='ocrx_word' id='word_1_280' title='bbox 761 4375 843 4446; x_wconf 88' lang='lat' dir='ltr'>Mox</span> <span class='ocrx_word' id='word_1_281' title='bbox 859 4395 1054 4447; x_wconf 77' lang='lat' dir='ltr'>conversus</span> <span class='ocrx_word' id='word_1_282' title='bbox 1071 4369 1273 4468; x_wconf 84' lang='lat' dir='ltr'>increparit</span> <span class='ocrx_word' id='word_1_283' title='bbox 1284 4367 1365 4442; x_wconf 91' lang='lat' dir='ltr'>illos</span> <span class='ocrx_word' id='word_1_284' title='bbox 1376 4366 1515 4444; x_wconf 89' lang='lat' dir='ltr'>dicens.</span> 
     </span>
     <span class='ocr_line' id='line_1_36' title="bbox 285 4479 1515 4584; baseline -0.002 -23"><span class='ocrx_word' id='word_1_285' title='bbox 285 4484 444 4564; x_wconf 86' lang='lat' dir='ltr'>Nescitis</span> <span class='ocrx_word' id='word_1_286' title='bbox 460 4485 566 4563; x_wconf 90' lang='lat' dir='ltr'>cuius</span> <span class='ocrx_word' id='word_1_287' title='bbox 582 4486 732 4584; x_wconf 89' lang='lat' dir='ltr'>spiritus</span> <span class='ocrx_word' id='word_1_288' title='bbox 749 4485 846 4562; x_wconf 88' lang='lat' dir='ltr'>estis.</span> <span class='ocrx_word' id='word_1_289' title='bbox 860 4484 976 4560; x_wconf 90' lang='lat' dir='ltr'>Filius</span> <span class='ocrx_word' id='word_1_290' title='bbox 992 4483 1147 4559; x_wconf 86' lang='lat' dir='ltr'>hominis</span> <span class='ocrx_word' id='word_1_291' title='bbox 1163 4506 1234 4557; x_wconf 93' lang='lat' dir='ltr'>non</span> <span class='ocrx_word' id='word_1_292' title='bbox 1252 4480 1353 4559; x_wconf 86' lang='lat' dir='ltr'>venit</span> <span class='ocrx_word' id='word_1_293' title='bbox 1368 4479 1515 4558; x_wconf 77' lang='lat' dir='ltr'>animas</span> 
     </span>
    </p>
   </div>
   <div class='ocr_carea' id='block_1_4' title="bbox 0 0 1808 5498">
    <p class='ocr_par' dir='ltr' id='par_1_4' title="bbox 0 0 1808 5498">
     <span class='ocr_line' id='line_1_37' title="bbox 0 0 1808 5498; baseline 0 2"><span class='ocrx_word' id='word_1_294' title='bbox 0 0 1808 5498; x_wconf 95' lang='lat' dir='ltr'> </span> 
     </span>
    </p>
   </div>
  </div>
 </body>
</html>
