3608 5498
699 409 895 474 -299-

186 528 302 604 divini
319 528 601 605 consideratione
618 528 754 618 iudicii,
770 541 900 605 nostras
916 528 1176 604 communionis
1191 551 1335 619 memor,
1352 529 1405 604 ita

187 654 223 719 te
240 642 431 719 efficaciter
448 669 490 719 ee
508 642 659 719 fideliter
680 643 923 734 exhibeamus,
940 654 981 720 ut
997 643 1136 719 nullius
1153 644 1406 741 neglegentiae,

187 757 246 833 vel
271 759 408 834 fraudis
430 759 522 858 quod
548 760 642 834 absit
665 760 822 835 alieuius
843 759 1042 835 inveniaris
1066 757 1244 835 sustinere
1269 758 1407 856 perieu-

187 872 276 948 lum.
301 874 422 971 Magis
438 873 618 950 autemid
634 899 735 972 agas,
752 874 923 972 quatinus
939 873 982 948 de
1007 872 1074 947 fide
1092 881 1129 948 et
1146 872 1324 947 industria
1341 882 1405 948 tua

187 987 320 1064 divinae
336 988 449 1087 possis
473 989 603 1086 gratim
618 986 870 1065 commendari.
889 986 944 1062 Ad
960 984 1138 1061 familiam
1155 1009 1294 1085 quoque
1313 985 1407 1061 eius·

187 1101 267 1176 dem
286 1103 500 1200 patrimonii,
517 1103 714 1180 seeundum
733 1126 865 1178 morem
879 1111 1054 1202 praecepto
1069 1099 1275 1191 direximus,
1292 1110 1334 1175 ut
1354 1102 1406 1174 ni·

187 1213 240 1289 hil
264 1217 308 1291 ad
334 1219 578 1315 peragendum
596 1243 638 1294 ea
655 1243 735 1317 quae
751 1215 815 1291 tibi
834 1215 998 1292 iniuncta
1023 1215 1170 1292 suntin
1196 1214 1316 1313 aliquo
1341 1241 1403 1288 va·

187 1328 285 1405 leant
297 1329 476 1429 impedire.

721 1472 875 1558 CXXVI.

651 1653 736 1704 Item
753 1652 787 1703 in
805 1651 931 1705 eodem.

287 1785 461 1861 Iohannes
485 1786 670 1887 episeopus
695 1813 823 1863 servus
847 1810 1033 1864 serrorum
1052 1789 1117 1864 Dei
1142 1788 1275 1864 colonis
1299 1800 1336 1863 ot
1357 1789 1407 1862 f-

191 1899 299 1975 miliae
316 1925 516 1975 massarum
534 1901 612 1976 sire
629 1901 881 1977 defunctorum
899 1903 936 1976 in
956 1902 1142 2001 provincia
1169 1902 1219 1976 itl.
1235 1902 1406 1978 eonstitu-

187 2025 314 2090 torum.
335 2015 387 2089 Ad
412 2015 690 2091 sollicitudinem
710 2041 795 2092 uero
816 2016 867 2090 ill.
886 2018 988 2092 Sedis
1007 2026 1137 2092 nostrae
1154 2016 1283 2091 notarii
1300 2028 1337 2092 et
1355 2041 1408 2092 re-

186 2128 309 2225 gimen
327 2129 507 2227 dispositio
520 2141 641 2204 nostra
658 2130 835 2228 pertinere
852 2131 1051 2207 constituit.
1064 2131 1236 2207 Iubemus
1251 2130 1347 2206 enim
1365 2141 1407 2206 ut

186 2242 265 2318 eius
283 2243 460 2318 mandatis
477 2244 515 2317 in
533 2244 754 2319 utilitatibus
770 2254 808 2320 et
833 2243 978 2320 cultura
1003 2267 1173 2341 agrorum
1191 2268 1315 2342 parere
1332 2266 1408 2342 pro

187 2357 328 2455 peretis,
341 2366 377 2433 et
393 2357 651 2433 salubrioribus
663 2359 805 2435 obedire
822 2358 1020 2458 praeceptis.
1034 2358 1104 2436 Oui
1123 2357 1231 2434 talem
1243 2358 1406 2433 dedimus

188 2462 410 2569 potestatem,
427 2481 468 2546 ut
481 2495 540 2548 eos
553 2471 614 2570 qui
632 2483 863 2551 contumaees
880 2475 1077 2565 extiterint,
1093 2474 1257 2551 districta
1273 2474 1407 2550 severi·

187 2594 261 2661 tate
286 2585 464 2685 corripiat.
481 2587 663 2662 Noveritis
688 2598 821 2678 autem,
838 2589 904 2664 sub
921 2589 988 2664 hae
1014 2588 1221 2665 condicione
1237 2611 1300 2662 vos
1328 2611 1407 2663 esse

188 2700 405 2790 commissos,
423 2710 464 2775 ut
489 2702 666 2800 mancipia
685 2702 714 2776 si
733 2728 804 2802 qua
823 2703 909 2778 soris
926 2702 1084 2794 latitant,
1101 2702 1158 2778 vel
1177 2704 1266 2778 fines
1283 2727 1407 2800 perva-

190 2836 246 2888 sos
263 2839 329 2887 sua
346 2814 519 2889 instantia
538 2816 608 2889 iuri
626 2816 869 2894 ecclesiastico
886 2817 1045 2894 revocari
1061 2841 1130 2892 non
1143 2816 1292 2892 differat.
1310 2815 1407 2889 Pari·

191 2937 245 3003 ter
262 2928 370 3003 etiam
390 2929 548 3029 periculo
565 2954 629 3006 suo
645 2931 757 3007 fuisse
777 2933 1044 3022 commonitum,
1061 2957 1106 3007 no
1131 2930 1321 3029 aliquando
1336 2928 1404 3004 vio

189 3039 338 3116 lentiam
357 3040 462 3117 rebus
478 3042 607 3118 alienis
624 3043 682 3119 vel
700 3055 841 3142 raptum
860 3046 978 3122 facere
996 3045 1231 3143 praesumatis.

711 3212 884 3297 oxxvfl.

282 3382 455 3460 Iohannes
481 3385 817 3484 episcopusservus
844 3409 1029 3461 servorum
1051 3385 1115 3460 Dei
1141 3383 1339 3459 ininsula
1364 3385 1407 3458 il·

190 3498 262 3572 lius
275 3497 429 3593 glorioso
442 3499 562 3575 iudici.
572 3499 642 3588 Qui
656 3499 693 3573 in
706 3499 845 3576 actione
858 3499 994 3598 positus
1006 3500 1107 3575 bonis
1120 3525 1158 3574 se
1171 3499 1405 3598 omnipotenti

189 3615 262 3686 Deo
275 3614 522 3689 commendare
539 3614 659 3690 studet
675 3614 850 3714 operibus,
864 3613 960 3687 viam
974 3613 1041 3688 sibi
1059 3624 1249 3714 provectus
1266 3613 1406 3704 sternit,

189 3750 250 3823 per
280 3749 385 3824 quam
413 3726 605 3801 salubriter
629 3727 674 3802 ad
699 3726 897 3802 desiderata
923 3729 1177 3825 perveniebat
1200 3727 1245 3802 ad
1271 3726 1407 3802 maiora

188 3864 327 3939 semper
345 3841 487 3918 Christo
510 3842 704 3919 adiuvante
728 3842 898 3941 proficiat.
916 3846 1041 3942 Itaque
1066 3842 1248 3940 praemisso
1274 3840 1407 3916 saluta·

188 3955 297 4029 tionis
313 3953 478 4053 alloquio,
496 3955 546 4029 ill.
564 3956 740 4031 notarium
770 3956 971 4053 portitorem
990 3956 1220 4055 praesentium
1238 3956 1407 4054 quemad

191 4071 353 4167 regimen
368 4071 572 4169 patrimonii
586 4070 820 4147 ecclesiastici
835 4072 872 4142 in
890 4068 942 4143 ill.
955 4068 1075 4143 insula
1091 4068 1279 4145 constituti
1292 4078 1408 4144 trans·

188 4185 354 4259 misimus
386 4196 517 4261 vestrm
548 4185 811 4282 magnitudinis
848 4184 1150 4273 commendamus,
1174 4192 1216 4259 ut
1236 4183 1407 4258 bonitatis

189 4310 317 4374 vestm
334 4298 388 4372 illi
407 4300 574 4376 affectum
592 4313 628 4376 et
644 4301 802 4397 gratiam
817 4299 854 4370 in
871 4299 991 4373 causis
1004 4322 1199 4396 pauperum
1215 4295 1408 4372 libentissi-

194 4435 250 4486 me
267 4413 505 4503 commodetis,
518 4423 626 4512 atque
644 4414 693 4488 ita
711 4439 793 4489 eum
808 4417 905 4490 sieut
923 4439 1049 4490 revera
1068 4413 1291 4491 Christianos
1307 4412 1410 4489 decet

191 4525 229 4603 in
258 4527 422 4604 omuibus
449 4529 642 4610 adiuvetis.
660 4528 840 4622 Quatinus
868 4529 953 4610 dum
985 4528 1084 4612 vobis
1113 4527 1409 4609 concurrentibus
