3608 5498
803 402 1002 469 *363⁶-

292 523 422 623 depelli
439 524 651 612 debuerunt,
668 533 704 599 et
721 522 898 599 Acatbius
914 526 976 624 qui
994 523 1113 603 extitit
1131 525 1317 625 religionis
1340 525 1511 604 inimicus

288 638 417 739 depelli
433 664 504 715 nou
522 639 670 715 debuit?
687 639 855 715 Viderint
871 664 958 737 ergo
974 643 1005 716 si
1019 642 1107 717 alios
1120 642 1253 716 habent
1265 631 1419 718 oenones
1434 642 1512 741 qui-

287 756 354 831 bus
378 781 462 830 suas
489 755 641 853 ineptias
665 765 938 852 consequantur.
961 756 1127 831 Ceterum
1154 755 1213 830 isti
1239 757 1302 854 qui
1328 756 1421 831 sacri
1447 755 1509 854 qui

288 869 533 946 aecclesiastici
551 869 613 967 qui
630 868 786 964 legitimi
804 867 1042 958 celebrantur,
1059 869 1194 944 Sedem
1205 870 1447 968 Apostolioam
1464 870 1510 945 ad

290 985 464 1060 iudicium
481 1008 609 1059 vocare
627 1007 697 1058 non
714 994 871 1084 possunt.
888 985 936 1057 Et
951 981 1056 1056 infra.
1073 986 1151 1056 Non
1171 982 1301 1057 mirum
1320 983 1350 1057 si
1373 982 1434 1056 isti
1459 1006 1512 1057 se·

290 1100 371 1175 dem
388 1098 485 1175 beati
500 1089 600 1174 'Petri
616 1097 861 1195 blasphemare
878 1106 1111 1195 presumunt,
1135 1106 1172 1171 et
1195 1088 1261 1170 nos
1284 1095 1431 1194 iusuper
1453 1122 1512 1170 su·

291 1209 416 1311 perbos
432 1206 508 1285 esse
525 1209 768 1307 pronuntiant,
782 1233 866 1283 cum
879 1208 932 1284 eis
944 1209 1059 1306 prima
1072 1208 1172 1284 sedes
1183 1207 1356 1307 quicquid
1369 1217 1424 1283 est
1441 1209 1513 1306 pic·

238 1405 240 1408 Α
292 1323 379 1399 tatis
395 1345 466 1397 non
482 1322 632 1407 desistat
648 1320 784 1412 offerre,
801 1321 856 1396 illi
874 1323 983 1398 etiam
1000 1321 1095 1400 hanc
1113 1333 1276 1422 protervo
1289 1324 1419 1425 spiritu
1432 1323 1514 1398 sub

291 1436 419 1532 ingere
443 1432 607 1534 seposse
632 1435 820 1510 confidant.
836 1437 907 1512 Sed
923 1450 1045 1536 captos
1062 1437 1181 1514 mente
1205 1438 1322 1515 fecere
1347 1438 1417 1513 ista
1441 1461 1513 1513 non
1633 1485 1637 1492 ·

293 1549 426 1622 mirum
443 1557 509 1638 est,
527 1549 622 1624 sicut
638 1549 801 1624 frenetici
819 1549 934 1625 solent
950 1552 1196 1629 mendicantes
1208 1575 1366 1652 quosque
1379 1551 1439 1628 vel
1451 1550 1514 1626 ho·

294 1673 367 1739 stes
389 1673 526 1762 putare,
543 1663 602 1738 vel
620 1664 773 1740 credere.
791 1668 918 1752 Quaero
941 1666 1126 1742 tamenab
1144 1666 1201 1740 his
1225 1667 1401 1742 iudicium
1420 1665 1514 1765 quod

293 1779 518 1877 praetendunt
530 1776 677 1852 ubinam
691 1778 801 1876 possit
813 1779 946 1875 agitari
957 1783 975 1853 ἱ)
986 1785 1041 1853 An
1051 1779 1146 1878 apud
1159 1779 1263 1878 ipsos
1275 1789 1318 1854 ut
1330 1779 1422 1854 idem
1441 1779 1516 1854 sint

293 1891 443 1981 inimici,
458 1901 577 1979 testes,
590 1891 648 1964 vel
661 1891 824 1967 iudices?
837 1893 1035 1968 Sedalieno
1052 1893 1183 1969 iudicio
1201 1919 1268 1969 nec
1284 1894 1443 1968 humana
1457 1895 1515 1969 de·

294 2005 379 2080 beut
404 2004 758 2100 committinegotia,
783 2006 915 2080 nedum
941 2008 1073 2083 divinre
1097 2008 1191 2105 legis
1216 2007 1418 2105 integritas.
1444 2008 1514 2082 Sed

295 2131 470 2218 quantum
488 2120 532 2193 ed
553 2118 762 2213 religionem
781 2119 947 2217 pertinet,
965 2123 1108 2197 nonnisi
1135 2114 1291 2222 Apostoli
1306 2122 1389 2198 Sedi
1414 2123 1516 2197 iuxta

296 2257 449 2309 canones
465 2232 612 2307 debetur
629 2233 739 2306 totius
756 2258 896 2308 summa
913 2235 1049 2311 iudicii.
1067 2239 1106 2311 Si
1123 2249 1295 2336 quantum
1322 2239 1367 2313 ad
1391 2238 1514 2314 saeculi

296 2357 515 2447 potestatem,
529 2346 626 2419 illaa
643 2347 876 2423 Pontificibus
893 2358 929 2424 et
946 2351 1125 2449 praecipue
1142 2352 1238 2426 beati
1254 2351 1352 2426 Petri
1371 2351 1517 2427 Vicario

296 2454 398 2538 debet
418 2483 632 2557 cognoscere
650 2486 729 2559 qure
753 2461 876 2536 diviua
901 2473 997 2552 suut,
1014 2487 1084 2539 non
1103 2465 1180 2562 ipsa
1205 2465 1326 2540 eadem
1345 2464 1516 2541 iudicare.

296 2581 373 2652 Nec
390 2576 458 2650 sibi
475 2575 541 2651 hoo
558 2576 748 2675 quisquam
766 2577 1036 2675 potentissimus
1052 2579 1187 2669 saeculi,
1203 2579 1265 2678 qui
1278 2589 1399 2655 tamen
1413 2578 1517 2655 Obri-

297 2693 437 2767 stianus
453 2702 507 2766 ost
523 2690 714 2766 vendicare
731 2691 926 2789 presumit,
943 2691 1012 2764 nisi
1031 2690 1239 2787 religionem
1266 2691 1418 2767 forsitan
1440 2716 1518 2791 per·

298 2814 496 2903 sequentes,
513 2803 613 2891 Quod
629 2813 749 2878 tamen
766 2804 927 2880 dicerent
943 2804 974 2878 si
993 2827 1063 2878 non
1081 2806 1191 2907 cartis
1208 2804 1284 2879 suis
1296 2805 1334 2878 in
1352 2804 1517 2880 omnibus

299 2919 556 2994 vincerentur?
569 2917 724 3017 Ineptias
738 2917 857 3016 itaque
871 2944 955 2992 suas
968 2917 1036 2993 sibi
1049 2928 1205 3008 servent,
1214 2918 1285 2992 nisi
1295 2919 1517 3017 resipiscant,

299 3027 416 3130 potius
432 3024 632 3126 cogitantes
649 3029 785 3104 Christi
800 3053 922 3105 vocem
937 3056 1007 3107 non
1020 3057 1097 3107 esso
1111 3031 1341 3128 superfluam,
1353 3055 1422 3129 que
1436 3055 1517 3106 con-

299 3144 444 3221 fessioni
460 3144 555 3219 beati
575 3145 671 3219 Petri
691 3144 847 3242 Apostoli
865 3145 998 3221 inferni
1016 3156 1134 3245 portas
1151 3170 1337 3244 nunquam
1355 3144 1517 3244 praevali-

298 3270 402 3334 turas
417 3258 580 3334 asseruit.
598 3261 820 3360 Quapropter
837 3282 906 3332 nun
924 3282 1091 3334 veremur
1104 3284 1149 3334 no
1163 3257 1366 3358 Apostolica
1378 3267 1519 3333 senten·

300 3374 352 3448 tia
370 3371 580 3461 resolvatur,
597 3395 704 3470 quam
721 3381 758 3446 et
775 3395 844 3446 vox
868 3372 1017 3459 Christi,
1040 3383 1078 3448 et
1102 3372 1275 3447 maiorum
1301 3371 1458 3460 traditio,
1482 3381 1520 3446 et

301 3509 477 3563 canonum
496 3485 601 3561 fulcit
617 3485 822 3575 auotoritas,
838 3495 881 3560 ut
897 3496 1007 3562 totam
1026 3486 1143 3585 potius
1159 3485 1359 3562 aecclesiam
1379 3508 1520 3583 sempor

298 3600 379 3698 ipsa
396 3593 564 3674 diudicet.
581 3599 650 3674 Sed
668 3598 830 3694 cogitent
847 3600 931 3673 mali
957 3599 987 3673 si
1010 3598 1095 3698 ‘quis
1118 3599 1157 3672 in
1181 3599 1234 3675 eis
1259 3597 1445 3695 religionis
1465 3606 1521 3673 est

300 3739 442 3803 census,
451 3738 494 3788 ne
505 3713 718 3810 pravitatem
729 3739 831 3788 suem
842 3712 1050 3789 nullatenus
1059 3712 1521 3812 deponentes‚apudDeum,

299 3828 531 3927 'hominesque
545 3826 646 3901 Sedis
660 3827 870 3925 Apostolicae
884 3838 1054 3926 perpetue
1067 3828 1320 3904 constitutione
1329 3826 1522 3924 dampnen-

303 3952 373 4017 tur.
389 3943 486 4016 Idem
504 3941 542 4014 in
560 3941 692 4016 eadem.
711 3942 766 4015 Ad
783 3953 949 4017 senatum
968 3943 1122 4040 pertinet
1146 3945 1358 4030 Romanum,
1384 3949 1426 4015 ut
1451 3963 1521 4014 me

299 4079 380 4130 mor
406 4054 498 4144 fidei,
523 4079 631 4152 quam
656 4079 678 4127 a
702 4055 911 4153 parentibus
935 4055 1134 4154 suscepisse
1152 4055 1327 4143 meminit,
1352 4053 1521 4149 contagia

303 4172 395 4244 vitet
412 4167 672 4244 communionis
696 4178 863 4259 externe,
881 4194 926 4245 ne
951 4194 972 4242 a
990 4168 1240 4245 communione
1257 4167 1359 4243 Sedis
1377 4174 1523 4267 Aposto-

304 4282 384 4357 licee
401 4282 492 4379 quod
510 4282 603 4357 absit
620 4281 787 4358 reddatur
804 4292 1005 4358 extraneus.
1023 4282 1176 4357 Veniam
1201 4281 1268 4354 sibi
1293 4281 1371 4354 dari
1395 4280 1521 4355 debere

300 4404 511 4495 proponunt.
530 4399 689 4492 Legatur
706 4419 835 4494 exque
852 4406 907 4471 est
921 4396 1048 4493 religio
1060 4394 1269 4485 christiana,
1282 4394 1341 4470 vel
1354 4402 1449 4470 certe
1463 4393 1522 4468 de·

305 4521 366 4585 tur
382 4509 421 4584 in
436 4509 638 4612 exemplum
656 4510 694 4587 in
711 4509 874 4589 ecclesia
899 4511 963 4599 Dei
989 4535 1011 4584 a
1035 4508 1254 4613 quibuslibet
1275 4505 1522 4598 Pontificibus,
