3608 5498
822 405 1017 466 -111-

306 523 411 619 gavit
434 523 661 599 sententiam.
679 526 728 599 Ut
744 523 859 620 igitur
876 524 919 598 de
938 525 1055 600 tribus
1072 525 1241 624 capitulis
1258 527 1373 602 omnis
1390 553 1411 601 a
1431 530 1530 604 vobis

304 637 491 712 auferatur
515 637 690 725 dubietate,
714 637 846 711 librum
872 662 977 735 quem
996 639 1038 712 de
1056 637 1124 713 hae
1143 663 1180 713 re
1198 650 1332 715 sanctae
1350 643 1528 719 memoriae

305 751 466 826 decessor
481 776 581 825 meus
595 752 767 848 Pelagius
779 751 936 850 scripsit,
949 751 1049 826 vobis
1067 751 1156 827 utile
1169 752 1327 828 iudicavi
1347 757 1527 830 transmit·

307 876 395 944 tere.

834 1096 1005 1181 onum.
1096 1218 1097 1221 Ὺ

399 1324 596 1420 Gregorius
610 1323 847 1423 Presbyteris,
865 1323 1080 1397 Diaconibus
1093 1333 1129 1399 et
1146 1323 1241 1398 clero
1258 1323 1528 1400 Mediolanensi.

304 1439 402 1512 Inter
418 1448 556 1513 catera.
573 1438 747 1526 Quoniam
767 1437 918 1513 obeunte
936 1446 1084 1535 pastore,
1106 1439 1183 1513 sine
1206 1439 1344 1536 proprio
1368 1462 1431 1513 vos
1456 1464 1525 1515 nou

303 1551 405 1629 decet
428 1578 505 1629 esse
529 1553 701 1641 antistite,
726 1554 868 1628 omnino
892 1561 996 1647 grate
1021 1551 1245 1650 suscepimus
1261 1553 1354 1649 quod
1371 1553 1526 1628 Deusde-

303 1666 358 1741 dit
381 1667 569 1743 diaconum
599 1676 760 1742 vestrum
790 1667 834 1741 ad
864 1666 1088 1764 episcopatus
1117 1666 1277 1741 officium
1308 1691 1371 1740 vos
1401 1668 1527 1741 unani·

303 1803 378 1854 mes
402 1778 555 1876 elegisse
580 1782 652 1855 Deo
680 1792 826 1856 auctore
854 1781 1037 1877 signastis.
1062 1785 1109 1855 Et
1133 1781 1238 1854 infra.
1271 1783 1320 1856 Ut
1344 1781 1460 1877 igitur
1484 1781 1523 1855 in

301 1893 493 1968 ordinando
518 1918 558 1969 eo
582 1894 644 1993 qui
669 1921 690 1968 a
716 1895 816 1992 vobis
840 1894 977 1970 electus
994 1905 1048 1970 est
1072 1895 1175 1969 nulla
1201 1895 1310 1993 possit
1328 1918 1425 1970 mora
1443 1919 1524 1970 con-

302 2007 455 2103 tingere,
488 2008 741 2083 Pantaleonem
767 2009 947 2083 notarium
980 2018 1144 2083 nostrum
1169 2008 1436 2083 transmisimus
1461 2008 1523 2106 qui

302 2145 384 2195 eum
410 2133 452 2196 ut
476 2123 584 2196 moris
601 2132 655 2198 est
679 2123 865 2198 annitente
890 2146 1085 2198 consensus
1101 2121 1214 2196 nostri
1232 2123 1446 2199 auctoritate
1472 2123 1490 2196 f
1509 2166 1522 2179 ·

302 2235 375 2310 ciat
398 2228 611 2312 consecrari.
632 2236 700 2312 Cui
725 2237 832 2311 etiam
858 2238 899 2311 de
919 2236 1068 2332 possessi
1094 2236 1234 2310 vinculi
1260 2235 1341 2333 quis
1368 2259 1523 2332 magnus

302 2349 478 2446 quondam
501 2350 690 2448 presbyter
707 2349 914 2424 commissas
932 2348 1117 2438 habuerat,
1134 2348 1192 2423 vel
1217 2349 1260 2424 dc
1289 2348 1370 2422 aliis
1394 2359 1523 2424 vestrae

297 2461 459 2537 ecclesie
489 2462 733 2536 utilitantibus
763 2463 849 2560 quid
873 2488 981 2559 agere
1007 2464 1132 2539 debeat
1157 2463 1195 2537 in
1229 2463 1397 2561 praesenti
1423 2488 1521 2537 man·

298 2574 473 2649 davimus.
498 2580 629 2650 Vestra
654 2576 775 2674 itaque
808 2576 841 2650 ei
866 2576 1009 2653 dilectio
1042 2577 1080 2650 in
1105 2577 1269 2651 omnibus
1295 2602 1333 2652 se
1357 2577 1521 2651 devotam

299 2699 340 2762 ut
365 2688 467 2763 decet
483 2688 626 2763 studeat
642 2688 817 2764 exhibere.
835 2690 931 2765 Idem
956 2693 1001 2766 ad
1027 2693 1176 2767 eosdem.
1194 2691 1357 2767 Iudicavi
1382 2690 1523 2766 avobis

298 2800 394 2875 ultra
418 2825 489 2876 non
514 2801 617 2876 debet
642 2803 752 2877 semel
785 2803 954 2900 perlatus.
980 2804 1048 2879 Sed
1078 2813 1178 2878 tanto
1211 2829 1309 2879 nunc
1340 2804 1519 2878 subtiliter

298 2914 512 2990 iudicandus
529 2926 584 2990 est
607 2926 741 3013 quanto
766 2918 988 3014 postmodum
1013 2916 1226 2991 iudicandus
1251 2926 1403 2991 nonest.
1421 2916 1519 2990 Idem

296 3029 341 3103 ad
359 3027 508 3104 eosdem.
524 3031 598 3104 Nos
614 3029 651 3102 in
669 3027 811 3104 homine
828 3031 890 3127 qui
908 3052 979 3103 non
996 3056 1016 3103 a
1033 3028 1220 3106 catholicis
1238 3029 1400 3126 eligitur,
1418 3028 1520 3103 nulla

297 3143 495 3241 prebemus
513 3142 648 3219 ratione
660 3166 885 3232 consensum,
903 3169 969 3219 nec
987 3144 1017 3216 si
1041 3143 1198 3218 alicuius
1219 3142 1448 3241 usurpatione
1469 3141 1487 3216 f
1507 3183 1521 3197 ·

295 3268 393 3332 ctum
408 3256 528 3346 fuerit,
540 3256 578 3329 in
592 3254 711 3332 locum
723 3255 782 3331 vel
795 3257 955 3332 ordinem
968 3257 1072 3331 illum
1085 3257 1279 3332 sacerdotis
1291 3256 1517 3354 suscipimus.

294 3371 391 3446 Idem
418 3370 575 3446 Maximo
600 3370 815 3446 Salonitano.
841 3375 913 3445 Nos
939 3371 1242 3446 consecrationem
1260 3370 1379 3446 dicere
1403 3369 1518 3445 nullo

295 3484 394 3562 modo
415 3508 607 3582 possumus
623 3508 703 3583 quae
727 3483 772 3558 ab
788 3483 1106 3560 excommunicatis
1131 3483 1336 3558 hominibus
1357 3493 1412 3559 est
1429 3483 1518 3558 cele·

293 3596 404 3672 brata
429 3600 519 3672 ltem
537 3597 736 3693 Gregorius
754 3599 822 3671 Vll
841 3597 879 3669 in
897 3601 929 3668 V
950 3596 1040 3672 libro
1057 3597 1112 3670 sui
1139 3595 1296 3692 registri.
1318 3595 1517 3670 Ordinatio

292 3734 357 3784 nes
377 3732 499 3785 eorum
524 3712 587 3808 qui
611 3709 655 3783 ab
673 3709 991 3784 excommunicatis
1008 3721 1094 3784 sunt
1118 3708 1283 3798 ordinati,
1308 3718 1515 3785 sanctorum

292 3832 434 3921 patrum
452 3831 640 3920 sequentes
657 3821 815 3919 vestigia
832 3822 955 3897 irritas
972 3847 1050 3898 esse
1067 3846 1264 3898 censemus.

854 4047 949 4132 CLX.

386 4277 586 4373 Gregorius
604 4275 785 4349 Antonino
803 4273 1033 4349 Subdiacono.
1061 4276 1262 4346 Honoratus
1285 4271 1513 4348 Archidiaco·

288 4415 358 4463 nus
379 4390 551 4466 Ecclesia
578 4389 795 4464 Salonitanae
821 4413 840 4459 a
867 4395 1000 4462 sanctae
1026 4386 1204 4462 memorie
1228 4387 1411 4462 decessore
1437 4411 1514 4461 meo

289 4504 397 4578 missa
409 4503 667 4603 supplicatione
679 4510 895 4601 poposcerat,
907 4511 949 4576 ut
960 4501 1005 4577 ab
1021 4501 1192 4577 Antistite
1205 4525 1270 4579 suo
1283 4502 1421 4577 invitus
1434 4523 1513 4599 pro-
