3608 5498
812 421 998 474 -1x-.

290 557 493 653 »saort
519 554 729 652 Polctc'c'
759 557 1161 655 Lateroueoscs.
1197 553 1402 650 Celebris
1446 553 1517 647 est

292 750 316 807 »
344 719 461 814 liber
483 720 547 817 cte
578 720 822 818 occasibus
846 720 1004 817 Cenoii
1029 718 1302 836 Camerarii,
1325 717 1404 841 qui
1438 747 1519 840 po-

289 914 314 971 ›>
343 886 443 978 stea
487 883 574 980 suit
607 885 852 981 Romanus
895 883 1115 980 Pontifex
1158 883 1397 979 Honorius
1431 881 1515 977 Ill.

290 1048 435 1141 »Hie
468 1049 584 1143 liber
611 1048 871 1171 impressus
904 1053 976 1144 est
1007 1079 1036 1144 a
1059 1047 1318 1143 llluratorio
1350 1049 1462 1140 tour.
1489 1046 1518 1137 5

291 1242 315 1297 »
343 1209 696 1332 Antiquitatum
715 1209 1000 1305 Italioarurn.
1019 1209 1300 1336 Detexinrus
1318 1235 1426 1301 vero
1445 1235 1515 1321 ea,

290 1349 464 1494 »quae
497 1374 545 1468 in
579 1374 806 1470 hoolibro
840 1375 1114 1494 leguntura
1145 1399 1253 1495 pag.
1278 1371 1369 1466 827
1393 1372 1517 1493 eius·

290 1536 450 1629 »deur
483 1536 712 1653 editionis
744 1536 1069 1632 Hadriacos
1101 1537 1255 1658 Papa
1292 1532 1519 1630 obscurat

290 1732 313 1787 »
343 1703 429 1795 etc.
453 1730 604 1824 usque
636 1700 695 1795 ad
727 1727 835 1824 pag.
860 1700 968 1817 ala,
989 1700 1182 1795 totidenr
1215 1698 1371 1794 verbis
1393 1697 1519 1820 (qui-

289 1862 542 1957 sbusdam
586 1862 877 1956 variantibus
921 1861 1158 1988 exceptis)
1205 1891 1234 1955 a
1277 1859 1514 1956 Oardinali

289 2024 601 2119 »Deusdedit
643 2055 702 2118 ex
749 2024 890 2119 tornis
932 2025 1331 2120 Lateranensilrus
1373 2022 1517 2120 fuisse

289 2218 314 2275 ›>
342 2186 651 2308 transcriptas
685 2187 761 2281 lib.
787 2187 832 2304 3,
854 2217 892 2281 o.
921 2184 1009 2281 lla
1035 2190 1081 2281 et
1112 2214 1239 2308 seqq.
1264 2214 1292 2279 a
1323 2213 1432 2308 pag.
1456 2186 1516 2280 85

288 2385 312 2441 »
341 2351 489 2474 ipsius
523 2350 693 2446 codicis
727 2350 785 2444 ad
828 2376 936 2473 pag.
971 2347 1032 2445 92
1065 2378 1228 2470 usque.
1264 2349 1390 2442 Hinc
1433 2377 1516 2443 au-

288 2546 313 2603 »
340 2516 436 2606 torn
458 2511 740 2635 perspicitur
762 2515 1018 2634 utrumque
1039 2541 1098 2605 ex
1120 2512 1286 2606 iisdem
1308 2508 1514 2605 lontibus

290 2708 314 2764 »
343 2675 556 2790 ebibisse⁷
584 2674 842 2770 Deusdedit
875 2703 983 2769 vero
1017 2678 1202 2770 saeculo
1235 2679 1280 2770 et
1313 2674 1516 2796 amplius

290 2871 314 2926 »
343 2841 451 2932 anto
475 2838 699 2933 Oenoiunr
733 2837 856 2931 idern
891 2865 1009 2961 opus
1032 2867 1145 2934 suae
1168 2839 1423 2933 collectioni
1445 2839 1516 2932 in-

292 3034 316 3088 »
344 2999 561 3095 seruisse.
595 2999 704 3094 Alia
744 3027 884 3122 porro
923 3001 1204 3095 documenta
1235 3029 1294 3095 ex
1326 3001 1515 3096 laudato

293 3196 317 3251 ›>
347 3161 652 3255 lateranensi
685 3161 891 3256 Arclrivo
930 3162 1189 3257 lleusdeolit
1215 3153 1383 3286 adjecit
1404 3190 1513 3286 pag.

292 3357 316 3413 ›>
344 3321 404 3418 92
436 3327 481 3417 et
513 3352 641 3446 seqq.
666 3324 855 3447 quaein
879 3326 1071 3444 vulgato
1096 3325 1254 3419 Conoii
1280 3325 1397 3448 libro
1421 3355 1513 3421 non

292 3518 316 3573 »
345 3486 583 3604 leguntur,
606 3485 829 3580 nirnirurn
864 3485 1049 3614 integra
1074 3486 1319 3607 privilegia
1341 3488 1516 3583 Rorna-

293 3678 317 3734 »
347 3675 436 3740 nae
458 3647 696 3741 Ecclesiae
719 3647 828 3741 data
850 3677 878 3741 a
899 3646 1136 3740 Ludovico
1159 3647 1262 3764 Pio,
1280 3648 1454 3744 Ottone
1475 3648 1514 3767 Ι,

293 3812 391 3901 »et
424 3807 628 3902 Henrioo
667 3807 703 3901 I.
737 3808 984 3904 Accedunt
1011 3810 1289 3932 juramenta
1320 3812 1514 3907 Rooeru

294 4002 318 4058 ›>
347 3969 494 4064 Ducis
511 3970 711 4093 Apuliae
733 3974 779 4066 et
796 3973 1055 4087 Calabriae,
1073 4002 1128 4066 ao
1142 3971 1169 4064 J
1174 3972 1353 4089 orlani,
1370 3977 1416 4067 et
1433 3974 1515 4068 Ri-

294 4164 318 4219 »
348 4131 475 4225 cardi
499 4132 775 4254 Principum
801 4132 1005 4254 Capuae,
1022 4137 1068 4227 ot
1090 4133 1181 4227 alia
1202 4134 1411 4257 ejusden]
1434 4162 1515 4256 ge-

296 4327 320 4381 »
351 4293 475 4388 neris
515 4296 812 4416 quamplura„
845 4324 965 4416 quac
1006 4296 1178 4418 partun
1222 4296 1345 4391 edita
1387 4304 1513 4417 sunt,

295 4490 320 4545 »
348 4457 520 4582 partini
542 4456 728 4551 inedita.
753 4457 949 4553 Praetor
976 4462 1162 4583 regesta
1185 4460 1401 4579 Gregorii
1425 4460 1448 4553 l
1469 4465 1514 4557 et
