3608 5498
815 438 855 450 ..
882 406 923 466 97
949 437 990 449 ..

293 527 334 597 In
362 535 504 598 tantum
530 534 650 599 autem
676 524 770 599 hanc
797 526 1108 622 praesumptionem
1134 528 1249 601 sancti
1275 538 1394 622 patres
1418 526 1512 624 apud

296 638 531 714 Calcedonam
549 636 716 713 detestati
735 649 830 726 sunt,
844 649 885 712 ut
898 639 1106 714 Dioscorum
1123 639 1404 714 Alexandrinum
1422 639 1513 713 anti·

291 752 414 827 stitem
434 752 528 826 inter
545 763 684 838 caetera,
702 752 832 827 iccirco
850 751 1074 849 potissimum
1093 751 1170 827 sine
1187 751 1261 826 ulla
1287 752 1511 827 restitutione

291 865 553 953 damnaverint,
565 865 649 963 quia
663 889 795 962 ponens
809 864 846 938 in
860 866 977 940 celum
991 891 1148 941 ossuum
1163 867 1288 963 lingua
1302 867 1380 941 eius
1397 877 1512 940 trans·

290 990 397 1054 eunte
415 1004 522 1078 super
540 989 685 1067 terram,
698 980 1102 1055 excommunicationem
1122 981 1160 1054 in
1179 990 1344 1056 sanctum
1359 983 1510 1054 Leonem

293 1099 426 1193 Papam
445 1095 608 1183 dictavit,
626 1095 676 1169 ita
694 1105 735 1168 ut
752 1093 789 1166 in
808 1095 997 1191 praesentia
1018 1106 1142 1170 contra
1159 1095 1275 1192 ipsum
1294 1094 1428 1192 prolata
1446 1094 1513 1169 hoc

291 1208 482 1285 videantur
500 1233 695 1284 memorare
713 1209 891 1306 praecipue
904 1209 1073 1284 dieentes.
1087 1208 1261 1296 Quoniam
1276 1209 1442 1283 secundis
1455 1233 1513 1282 ex·

290 1323 448 1399 cassibus
474 1324 625 1421 priorem
650 1322 877 1419 iniquitatem
903 1322 1006 1396 valde
1031 1321 1263 1397 transcendit.
1288 1323 1512 1419 Presumpsit

290 1438 692 1514 excommunicationem
706 1437 841 1513 dictare
855 1438 1045 1512 adversum
1060 1437 1328 1511 sanctissimum
1338 1447 1374 1511 et
1386 1437 1510 1511 beatis·

292 1552 425 1626 simum
444 1551 761 1648 Archiepiscopum
779 1554 878 1624 Rom.
896 1550 1069 1625 Ecclesiae
1086 1553 1248 1625 Leonem.
1262 1551 1446 1647 Numquid
1464 1551 1513 1623 ibi

291 1664 426 1762 legitur
451 1664 718 1763 inquisitionem
737 1664 848 1739 fuisse
865 1665 1012 1752 factam,
1037 1672 1160 1738 utrum
1185 1663 1279 1757 iuste
1304 1689 1349 1736 au
1380 1664 1514 1738 iniuste

293 1779 483 1856 Dioscorus
505 1780 620 1878 ipsam
645 1777 1048 1854 excommunicationem
1073 1776 1270 1851 dictasset?
1295 1780 1374 1850 Non
1400 1776 1513 1874 plane.

292 1892 361 1968 Sed
377 1892 510 1991 absquo
527 1892 623 1968 omni
642 1891 884 1967 controversia
902 1891 968 1967 lroc
986 1890 1023 1963 in
1048 1913 1089 1964 eo
1115 1889 1184 1962 ulti
1210 1901 1306 1979 sunt,
1323 1891 1407 1989 quia
1428 1917 1512 1966 cum
1607 1892 1610 1900 '

289 2019 383 2082 esset
399 2007 546 2084 inferior
562 2008 731 2105 potiorem
752 2005 971 2104 quibuslibet
989 2014 1138 2079 conatus
1155 2014 1210 2077 est
1227 2003 1402 2080 lacessere
1423 2005 1515 2077 iuiu-

283 2121 382 2196 riis?
399 2125 503 2196 Teste
522 2121 710 2195 Anatholio
737 2116 1127 2215 Constantinopolitano
1153 2117 1304 2213 praesule
1328 2121 1391 2216 qui
1417 2118 1513 2192 dicit.

290 2237 437 2333 Propter
455 2235 558 2310 fidem
577 2257 646 2307 non
664 2245 718 2308 est
734 2234 949 2331 dampnatus
968 2233 1167 2317 Dioscorus,
1185 2231 1246 2303 sed
1263 2233 1346 2328 quia
1371 2256 1512 2306 excom·
1569 2243 1572 2247 ’

291 2348 571 2424 muricationem
584 2349 671 2424 fecit
684 2349 811 2422 domno
822 2344 1367 2444 archiepiscopoLeoni.Itemiu
1379 2345 1513 2420 eadem.

290 2463 470 2550 Quomodo
487 2486 557 2536 non
573 2472 679 2557 egeat
696 2461 861 2559 qualibet
874 2460 1033 2558 synodus
1047 2462 1204 2533 Romana
1218 2459 1298 2533 sede
1317 2459 1457 2557 quando
1474 2459 1513 2533 in

291 2576 471 2674 Ephesine
484 2576 680 2663 latrocinia,
692 2575 835 2650 cunctis
849 2573 1200 2671 prasulibnsetipsis
1210 2574 1419 2670 praesulibus
1432 2597 1514 2671 quo

289 2714 358 2787 que
377 2688 589 2786 patriarchis
606 2687 881 2786 prolabentibus,
898 2688 969 2761 nisi
987 2711 1144 2783 magnus
1157 2690 1235 2775 leo,
1250 2686 1408 2763 imitator
1421 2687 1515 2762 scili-

292 2813 351 2877 cet
367 2802 465 2876 illius
482 2802 609 2877 leonis
626 2802 668 2876 de
685 2824 754 2900 quo
771 2802 944 2898 seriptum
963 2812 1018 2874 est
1043 2800 1132 2875 vicit
1149 2803 1218 2876 Leo
1235 2800 1277 2876 de
1295 2800 1390 2876 tribu
1416 2802 1515 2889 Iuda,

290 2915 435 2990 divinus
453 2917 630 2992 excitatus
647 2940 685 2989 os
701 2915 875 3013 aperiens,
891 2925 1006 2989 totum
1029 2914 1147 2989 orbem
1174 2925 1210 2989 et
1233 2915 1350 3012 ipsum
1376 2940 1515 3013 quoque

290 3035 498 3127 Augustum
516 3040 721 3105 concuteret
746 3028 842 3104 etad
859 3028 1026 3125 pietatem
1045 3037 1295 3116 commoveret,
1313 3027 1440 3123 religio
1458 3055 1514 3103 ca·

289 3142 421 3218 tholiea
440 3143 582 3240 penitus
598 3155 789 3219 corrueret.

827 3371 962 3454 oxxll.

385 3599 570 3698 Nycolaus
587 3599 784 3696 Episcopus
797 3623 922 3672 servus
936 3621 1121 3673 serrorum
1137 3599 1201 3673 Dei
1215 3598 1343 3674 dilecto
1361 3599 1433 3673 filio
1447 3600 1512 3672 lli·

290 3713 405 3788 chaeli
422 3713 577 3810 glorioso
593 3711 802 3809 Imperatori
820 3713 1036 3785 Graecorum.
1055 3714 1200 3808 Oportet
1225 3722 1386 3788 restrum
1405 3712 1515 3809 impe-

291 3826 379 3901 riale
396 3827 505 3902 decus
521 3827 613 3924 quod
632 3827 668 3898 iu
687 3825 854 3901 omnibus
871 3825 1126 3901 ecclesiasticis
1142 3826 1362 3900 utilitatibus
1387 3825 1512 3921 vigere

290 3941 495 4015 audivimus
516 3951 558 4014 ut
582 3940 771 4037 antiquum
790 3963 923 4014 morem
947 3966 1052 4037 quem
1075 3952 1195 4015 nostra
1221 3941 1370 4017 eeclesia
1387 3940 1513 4016 habuit

290 4053 421 4128 vestris
432 4052 650 4149 temporibus
660 4063 862 4126 restaurare
876 4054 1077 4148 dignemini
1090 4066 1267 4152 quatenus
1280 4055 1396 4128 vicem
1405 4080 1512 4153 quam

290 4177 411 4241 nostra
429 4165 537 4241 Sedes
555 4191 616 4263 per
635 4166 825 4265 Episcopos
843 4167 974 4240 restris
992 4167 1028 4240 in
1047 4167 1209 4264 partibus
1226 4167 1437 4242 constitutos
1453 4166 1515 4240 ha·

289 4281 378 4369 buit,
396 4281 561 4355 uidelicet
579 4280 932 4356 Thessalonicensem
951 4281 1012 4376 qui
1031 4285 1198 4355 Romanae
1215 4281 1307 4354 sedis
1324 4282 1440 4356 vicem
1454 4305 1515 4376 per

291 4399 453 4493 Epyrum
471 4408 629 4469 veterem
646 4398 884 4493 Epyrumque
903 4418 1037 4467 novum
1057 4405 1164 4493 atquo
1188 4394 1376 4482 Illiricum,
1401 4397 1516 4468 Mace·

290 4508 449 4597 doniam„
460 4507 691 4598 Thessaliam,
709 4508 895 4596 Achaiam,
913 4509 1060 4584 llaciam
1079 4509 1268 4607 ripensem,
1282 4508 1429 4584 Daciam
1444 4532 1515 4599 me

1310 4624 1327 4678 7
