3608 5498
801 430 839 446 ·-
866 393 930 458 513
956 430 996 447 ·-

287 611 375 663 Actio
390 614 414 662 1.
428 610 551 676 synodi
567 611 862 674 Constantinopolis
880 609 1016 674 habitae,
1030 609 1114 661 000.
1128 609 1294 674 octoginta
1313 610 1359 659 111
1378 609 1510 673 patrum

333 713 393 765 pro
406 701 523 751 Photio
542 701 748 766 patriarchae.
763 700 831 751 Sub
851 700 926 750 VIII
943 698 1094 750 Iohannis
1113 709 1212 764 pape,
1226 698 1432 763 temporibus
1444 699 1508 750 Ba-

336 787 397 839 silii
410 788 526 839 Leonis
539 787 573 839 et
585 787 762 840 Alexandri
775 789 997 850 augustorum.

384 957 574 1032 Residente
591 957 726 1055 synode
743 981 824 1031 eum
841 955 965 1030 Photio
978 955 1325 1055 patriarcha‚Petrus
1338 956 1509 1035 diaconus

290 1080 326 1144 et
344 1070 480 1144 Probus
498 1072 658 1145 notorius
674 1071 765 1144 dixit
783 1073 911 1143 Petrus
930 1068 1225 1163 religiosissimus
1242 1069 1415 1166 presbiter
1433 1095 1509 1144 ear-

290 1184 421 1256 diualis
438 1195 473 1257 et
490 1183 605 1258 locum
622 1194 747 1258 tenens
760 1176 979 1256 sanctissimi
990 1184 1094 1278 Papae
1104 1181 1272 1255 Iohannis
1285 1182 1435 1256 senioris
1445 1186 1511 1256 Ro·

289 1323 357 1370 rnoe
374 1307 409 1371 et
426 1322 509 1371 cum
528 1320 568 1372 co
587 1296 721 1370 Paulus
741 1293 986 1370 Anconitanus
1003 1295 1189 1391 episcopus
1206 1305 1242 1370 et
1259 1296 1447 1391 Eugenius
1465 1298 1509 1370 0-

289 1410 433 1484 stieusis
460 1412 644 1510 episcopus
669 1410 800 1483 adsunt
824 1407 1022 1481 deferentes
1050 1407 1259 1481 ebdomadas
1285 1409 1509 1483 Sanctissimi

291 1526 396 1623 Papa
420 1524 589 1598 lobannis
614 1522 697 1597 totis
722 1521 891 1620 patribus
912 1523 982 1594 Deo
1009 1522 1156 1616 gratias,
1181 1522 1445 1617 ingrediantur.
1465 1527 1510 1597 Et

288 1660 371 1709 cum
394 1637 548 1733 ingressi
567 1645 685 1710 essent
702 1635 796 1708 facta
817 1660 861 1708 ex
885 1657 980 1707 more
998 1634 1167 1720 oratioue,
1187 1635 1344 1722 Photius,
1363 1635 1511 1732 patriar·

289 1749 356 1822 cha
374 1751 595 1848 amplexatus
621 1760 675 1824 est
700 1759 736 1823 et
760 1747 942 1823 osculatus
961 1750 1107 1821 Petrum
1135 1747 1371 1844 presbiterum
1398 1758 1435 1823 et
1451 1772 1511 1822 eos

289 1864 349 1960 qui
367 1889 450 1938 cum
469 1887 509 1938 eo
526 1872 637 1937 eraut.
651 1866 738 1936 ltem
755 1866 883 1936 Petrus
900 1859 1073 1959 presbiter
1086 1860 1185 1934 dixit.
1197 1859 1332 1934 Visitat
1344 1886 1407 1935 ros
1421 1865 1511 1958 Apo·

289 1976 401 2049 stolus
411 1980 539 2050 Petrus
551 1986 587 2049 et
604 1976 756 2050 inclinat
773 2000 810 2049 se
828 1974 1010 2048 sanctitati
1028 1982 1146 2047 vestre
1163 1973 1414 2048 sanctissimus
1432 1974 1511 2046 uni·

288 2088 440 2162 i'ersalis
450 2092 544 2188 Papa
554 2073 738 2162 lohannes.
747 2091 836 2162 item
854 2085 1041 2182 presbyter
1058 2109 1254 2168 conversus
1271 2086 1314 2159 ad
1332 2084 1510 2181 synodum

288 2201 387 2274 dixit.
405 2204 538 2275 Sumus
551 2211 587 2275 et
599 2199 847 2285 comministri,
862 2197 1015 2270 multum
1035 2197 1188 2271 inclinat
1205 2222 1241 2271 se
1261 2197 1372 2284 vobis,
1386 2198 1511 2272 visitat

289 2339 351 2388 ros
365 2316 614 2389 sanctissimus
624 2319 719 2411 Papa
733 2313 1024 2386 loharmesltem.
1035 2313 1137 2385 Sicut
1150 2311 1330 2407 benignus
1344 2322 1444 2409 pater
1459 2337 1510 2385 re·

289 2429 401 2525 quirit
417 2428 507 2501 filios
525 2453 606 2503 suos
624 2439 659 2503 ct
675 2428 788 2501 bonus
814 2440 932 2522 pastor
956 2449 1040 2498 oves
1061 2451 1155 2511 suas,
1177 2425 1230 2500 sic
1256 2425 1510 2499 sanctissimus

289 2546 383 2640 Papa
394 2547 543 2617 loannes
557 2528 618 2642 per
631 2540 795 2641 epistolas
813 2549 946 2613 suaset
963 2539 1115 2614 vicarios
1134 2539 1281 2613 visitare
1301 2564 1362 2613 vos
1379 2549 1415 2613 et
1431 2562 1511 2612 eru-

290 2656 365 2728 dire
384 2680 453 2729 uon
481 2665 608 2743 cessat,
626 2655 750 2728 voleus
771 2652 867 2725 uniri
893 2661 1053 2725 sanctam
1073 2653 1138 2726 Dei
1164 2651 1362 2726 aeclesiam
1380 2664 1416 2725 et
1434 2651 1511 2725 fieri

290 2793 401 2840 uuum
420 2767 512 2842 ovile
530 2780 565 2841 et
583 2793 695 2839 uuum
715 2774 899 2862 pastorem.
913 2767 1002 2838 Item
1021 2765 1212 2839 Zacharias
1230 2764 1512 2860 metropolitanis

290 2878 496 2953 Calecdouee
521 2879 620 2951 dixit.
639 2877 843 2952 Scismatici
868 2877 944 2973 ipsa
971 2901 1195 2950 romanorum
1221 2877 1409 2951 eeclesiam
1439 2877 1511 2949 iam

291 3014 353 3086 per
372 2990 525 3064 multum
545 3001 687 3087 tempus
704 2990 867 3063 libertate
889 2989 1089 3063 decoratam
1107 2999 1144 3063 et
1160 2988 1376 3084 dignitatem
1396 2998 1514 3083 poten·

292 3101 352 3175 tiae
365 3101 821 3189 diffamatam‚conteudunt
833 3099 878 3173 ad
891 3103 1101 3177 servitutem
1121 3102 1354 3189 adducere‚et
1366 3102 1409 3175 ad
1425 3102 1513 3198 epti·

290 3217 427 3290 ciorum
445 3215 687 3289 humilitatem
705 3214 891 3304 inclinare,
908 3214 1078 3311 quomodo
1094 3214 1188 3288 euim
1211 3213 1406 3300 dicuntae
1431 3237 1511 3310 quae

292 3331 387 3425 Papa
404 3328 544 3401 Nicolai
569 3337 707 3401 suntet
725 3326 874 3399 Adriani
892 3327 1093 3424 recipimus.
1109 3325 1221 3400 Nobis
1238 3327 1333 3400 enim
1351 3326 1416 3401 hec
1434 3326 1508 3425 pla·

291 3452 383 3514 ceut.
409 3444 496 3527 Quae
521 3464 606 3514 vero
630 3440 805 3514 Iohannes
830 3463 899 3513 uon
926 3439 1129 3536 recipimus,
1153 3437 1344 3536 queritur?
1372 3438 1513 3535 quando

290 3553 343 3625 illi
362 3554 454 3650 quod
471 3552 648 3628 voluntati
667 3562 785 3626 nostre
802 3554 961 3629 obsecuti
979 3553 1145 3641 sunt‚hic
1163 3576 1247 3628 vero
1265 3553 1444 3627 contraria
1462 3553 1480 3626 f
1500 3597 1513 3609 ·

290 3665 349 3739 cit.
367 3668 480 3739 Immo
497 3691 576 3763 quae
593 3666 668 3762 ipse
685 3664 776 3752 vult,
790 3676 826 3739 et
838 3690 902 3739 nos
919 3667 1018 3763 sequi
1038 3665 1229 3763 compellit,
1244 3665 1310 3740 hoc
1323 3688 1408 3740 vero
1427 3666 1513 3762 quid

289 3778 387 3853 aliud
404 3787 468 3865 est,
485 3778 555 3851 nisi
574 3777 836 3874 pontificalibus
853 3781 1092 3852 Romanorum
1110 3802 1181 3852 non
1199 3778 1338 3852 obedire
1357 3778 1417 3852 sed
1436 3778 1510 3875 ipso

290 3915 447 3965 summos
463 3902 498 3965 et
513 3890 692 3964 mirabiles
704 3890 903 3965 sacerdotes
916 3892 992 3965 suis
1010 3891 1256 3965 voluntatibus
1274 3890 1458 3966 inclinare.
1474 3891 1512 3965 Si

291 4002 353 4075 illa
372 4002 552 4100 recipiunt
568 4001 699 4099 placita
718 4012 836 4076 vestra
855 4027 935 4099 quar
951 4015 987 4079 et
1004 4004 1078 4078 illis
1095 4004 1262 4100 primitus
1287 4004 1512 4099 placuerunt,

290 4141 369 4212 quae
382 4139 549 4188 veronen
564 4115 706 4215 placent
718 4114 801 4200 illis,
815 4125 850 4188 et
864 4115 1000 4191 similes
1014 4116 1179 4213 placeant
1191 4115 1303 4203 robis,
1316 4126 1352 4191 et
1365 4117 1395 4189 si
1409 4139 1513 4191 cauo

290 4229 373 4303 nica
389 4238 425 4303 et
441 4228 592 4325 desuper
609 4228 782 4324 inspirata
800 4227 928 4301 dicatis
942 4229 1002 4325 qui
1022 4230 1198 4325 propriam
1216 4229 1437 4303 voluntatem
1451 4254 1513 4302 an·

291 4340 419 4414 teferre
437 4342 629 4428 contendit,
647 4365 763 4414 nonne
776 4340 1000 4437 apertissima
1018 4339 1140 4412 inania
1153 4345 1299 4415 teneat?
1320 4342 1512 4430 Festinato,

291 4451 406 4546 igitur
418 4452 599 4526 karissimi
615 4462 652 4527 et
664 4451 830 4539 laborate,
839 4460 875 4526 et
888 4461 1049 4526 sanctam
1063 4452 1126 4526 Dei
1141 4455 1379 4526 Romanorum
1393 4453 1515 4528 eccle·

1299 4566 1333 4620 8³
