3608 5498
807 368 1005 431 -502-

289 487 373 560 dnm
393 514 498 562 suum
514 512 623 586 posse.
641 490 702 563 Sic
727 489 873 563 adiuret
899 490 994 562 Deus
1019 489 1170 563 eundem
1193 489 1362 562 domnum
1389 512 1516 584 regem

289 601 584 677 Ottonemethaec
594 614 718 677 sancta
728 601 920 697 evangelia
929 613 965 676 et
974 603 1049 677 hoec
1059 614 1285 678 sacrosancta
1296 605 1519 678 sanctuaria.

709 798 931 849 loramentum
950 797 1099 849 Heinrtci.

539 897 589 946 Ex
608 897 668 947 1111
688 895 771 948 libro
790 896 852 947 PP.
874 894 1021 959 Gregorii
1038 896 1097 947 VH
1118 906 1190 960 cap.
1209 897 1263 948 VI.

385 1060 462 1152 Ege
486 1082 549 1132 rex
567 1056 761 1133 Heinricns
778 1057 820 1131 de
838 1057 1120 1132 murmuratione
1138 1068 1174 1131 et
1198 1057 1395 1132 disensione
1408 1082 1516 1155 quam

289 1196 386 1245 nunc
406 1170 539 1246 habent
552 1171 1517 1270 contramearchiepiscopietepiscopi,abbatesduees,

288 1293 324 1357 et
342 1284 489 1360 comites
507 1286 687 1383 ceterique
706 1285 883 1382 principes
909 1285 1011 1379 regni
1038 1284 1298 1360 teutonicorum
1317 1297 1353 1360 et
1370 1285 1432 1358 alii
1451 1286 1515 1383 qui

290 1420 349 1470 ees
362 1397 398 1469 in
413 1399 535 1473 eadem
545 1397 894 1472 dissensioniscausa
903 1407 1085 1485 secuntur,
1095 1398 1189 1470 inira
1198 1398 1393 1472 terminum
1404 1425 1510 1496 quem

292 1510 457 1585 dominns
474 1536 563 1609 papa
581 1510 780 1607 Gregorius
797 1510 1035 1599 constituerit,
1048 1521 1112 1584 aut
1125 1511 1300 1584 iustitiam
1314 1512 1513 1585 seeundum

288 1623 465 1698 iudicium
492 1627 581 1714 eius,
599 1635 663 1699 aut
683 1624 906 1700 concordiam
924 1626 1121 1699 secundum
1147 1626 1335 1699 consilinm
1362 1626 1440 1700 eius
1465 1625 1517 1697 ia·

291 1734 399 1824 ciam,
415 1735 486 1809 nisi
504 1746 641 1811 certum
661 1737 955 1834 impedimentum
974 1737 1061 1810 mihi
1080 1738 1138 1812 vel
1151 1738 1218 1812 sibi
1231 1737 1416 1813 obstiterit.
1434 1743 1514 1826 Quo

290 1858 472 1924 transacto
488 1850 532 1923 ad
550 1850 794 1947 peragendum
813 1850 904 1925 idem
924 1861 1068 1948 paratus
1087 1875 1156 1925 cro.
1181 1855 1267 1926 item
1288 1852 1319 1926 si
1344 1852 1436 1926 idem
1456 1852 1514 1924 do

288 1987 395 2035 rnnus
413 1987 501 2061 papa
519 1963 718 2060 Gregorius
735 1964 831 2037 ultra
850 1973 985 2040 mentes
1002 1991 1064 2040 sen
1083 1966 1127 2040 ad
1145 1966 1234 2039 alias
1259 1976 1378 2063 partes
1404 1975 1516 2039 terra-

289 2101 368 2148 rum
383 2076 436 2150 ire
449 2076 615 2165 voluerit,
628 2102 777 2154 securus
792 2078 860 2152 crit
873 2103 917 2152 ex
932 2079 1001 2152 mei
1016 2088 1125 2175 parte,
1138 2090 1174 2153 et
1187 2103 1274 2177 quos
1287 2077 1512 2174 costringere

287 2199 407 2286 potero
424 2189 468 2263 ab
485 2190 581 2264 omni
600 2190 730 2266 lesione
749 2191 834 2279 vite,
852 2202 887 2265 et
906 2192 1141 2267 membrorum
1158 2192 1245 2281 eins,
1259 2219 1320 2266 seu
1336 2193 1513 2290 captione,

289 2312 363 2377 tam
380 2303 467 2401 ipse,
480 2328 587 2400 quam
601 2304 662 2401 qui
677 2303 713 2376 in
731 2303 809 2378 eius
827 2307 1005 2381 conductu
1022 2307 1081 2381 vel
1098 2308 1268 2381 comitatu
1289 2307 1433 2393 fuerint,
1447 2332 1511 2380 seu

287 2418 350 2514 qui
368 2418 413 2492 ab
431 2417 492 2492 ille
510 2418 711 2506 mittentur,
728 2418 786 2492 rel
803 2419 846 2491 ad
864 2443 944 2492 eum
963 2418 1005 2492 dc
1025 2420 1309 2517 quibuscumque
1328 2429 1506 2492 terrarum

287 2531 448 2628 partibus
462 2532 638 2618 venerint,
651 2531 689 2604 in
703 2532 829 2618 eunde,
842 2541 878 2606 et
896 2531 1083 2621 redeunde,
1101 2533 1158 2608 vel
1176 2533 1308 2608 alieubi
1329 2532 1503 2607 morando.

286 2649 422 2744 Neque
441 2647 538 2720 alind
556 2646 698 2745 aliquod
712 2647 1005 2745 impedimentum
1019 2644 1163 2719 habebit
1175 2670 1218 2719 ex
1238 2668 1312 2719 meo
1330 2669 1505 2720 consensu

287 2760 381 2857 quod
394 2769 517 2833 contra
531 2759 696 2834 honorem
716 2786 822 2833 suum
838 2761 895 2833 sit.
909 2760 954 2829 Et
967 2758 997 2830 si
1011 2758 1092 2855 quis
1109 2758 1160 2831 eis
1175 2759 1308 2846 fecerit,
1322 2783 1404 2832 cum
1420 2758 1511 2832 leona

287 2872 355 2947 fide
378 2873 573 2948 secundum
595 2899 713 2948 meum
734 2897 833 2971 posse
850 2869 939 2945 illud
957 2869 1143 2944 adiuvabo.
1160 2871 1198 2944 Si
1225 2896 1280 2945 me
1299 2874 1395 2944 Deus
1411 2871 1511 2945 adiu·

289 2997 352 3061 vet
368 2997 404 3061 et
421 2987 498 3061 haec
511 2997 634 3061 sancta
649 2986 848 3083 evangelia.
869 2991 1001 3058 Actum
1021 2985 1186 3071 Canusio,
1200 2988 1243 3056 V.
1261 2984 1332 3058 kal.
1346 2985 1426 3058 Feb.
1440 2985 1511 3058 iud.

290 3101 373 3187 XV,
397 3124 491 3174 anne
517 3100 657 3173 Domini
688 3100 799 3173 nestri
825 3102 903 3173 Iesu
934 3099 1068 3175 Christi
1096 3103 1143 3172 Μ.
1161 3102 1306 3185 LXVII,
1330 3099 1513 3194 praesenti-

286 3211 354 3285 bus
368 3213 540 3310 episcopis
559 3213 729 3287 Umberto
756 3214 983 3288 Praenestino.
1002 3213 1148 3288 Giraldo
1167 3212 1320 3286 Ostiensi
1340 3211 1509 3286 Cardine-

291 3325 385 3400 libus
413 3326 590 3400 Romanis.
617 3330 721 3401 Petro
746 3326 844 3399 tituli
870 3329 984 3403 sancti
1007 3327 1234 3423 Chrisogoni,
1251 3337 1286 3401 et
1307 3328 1448 3401 Conone
1465 3326 1509 3399 ti-

288 3438 357 3514 tuli
376 3449 510 3513 sanetae
525 3439 724 3526 Anastasia,
738 3449 773 3513 et
787 3442 954 3514 Romanis
967 3440 1174 3515 diaconibus
1187 3439 1360 3535 Gregorio
1377 3449 1413 3512 et
1426 3442 1510 3512 Ber·

285 3553 441 3627 nardoet
453 3552 666 3627 subdiacone
680 3553 858 3628 Umberto.
872 3558 960 3628 Item
979 3563 1136 3652 exparte
1154 3552 1251 3649 regis
1271 3552 1514 3627 interfuerunt

286 3666 493 3741 Bremensis
510 3666 797 3764 archiepiscopus
811 3678 847 3742 et
860 3669 1013 3766 episcopi
1033 3668 1275 3744 Vercelleusis
1288 3667 1511 3742 etOsnabru-

286 3779 413 3876 gensis
430 3789 466 3854 et
482 3774 590 3854 abhas
608 3780 859 3855 Cluniaceusis
876 3793 913 3856 et
931 3781 1035 3855 multi
1054 3781 1188 3856 nobiles
1207 3781 1288 3853 riri.

493 3969 574 4020 Item
591 3968 692 4019 aliud.
707 3971 755 4020 Ex
774 3968 891 4021 eodem
912 3982 980 4033 reg.
1001 3969 1057 4022 ltb.
1078 3971 1105 4021 V
1126 3980 1197 4032 eap.
1218 3969 1329 4019 var.

382 4120 437 4193 Ab
463 4119 532 4195 hac
553 4121 638 4195 hora
656 4132 692 4196 et
709 4122 875 4220 deinceps
893 4146 960 4220 ego
980 4122 1029 4196 ill.
1047 4122 1160 4198 fidehis
1178 4146 1236 4196 ero
1250 4146 1311 4221 per
1325 4131 1457 4196 rectam
1474 4124 1513 4193 fi-

286 4233 365 4306 dem
385 4232 487 4307 beato
507 4236 610 4307 Petro
626 4235 781 4331 apostolo
799 4235 945 4333 eiusque
964 4237 1099 4311 vicario
1112 4239 1248 4309 Domno
1262 4259 1349 4332 pape
1370 4234 1432 4320 ill,
1448 4235 1510 4331 qni

288 4370 387 4419 nunc
406 4345 442 4418 in
462 4371 569 4420 carne
588 4346 691 4434 ririt,
708 4357 744 4421 et
761 4349 1026 4423 successoribus
1043 4349 1120 4423 eius
1138 4348 1323 4424 meliorum
1350 4346 1513 4422 cardina·
1594 4390 1599 4397 ·

289 4457 378 4536 lium
408 4456 580 4535 electione
602 4459 829 4536 intrantibus.
853 4464 903 4536 Dc
924 4461 1144 4539 ordinatione
1170 4485 1253 4536 rere
1278 4459 1512 4538 eeclesiarum
