3608 5498
812 395 1004 458 -492-

300 534 420 588 eorum
440 538 585 588 causam
612 513 713 587 iuxta
737 513 831 588 beati
849 514 975 589 Leonis
1001 515 1214 589 seutentiam
1241 517 1362 590 diuino
1383 517 1527 593 iudicio

296 635 496 714 servantes,
513 627 643 722 quibus
668 626 763 700 vivis
780 650 849 701 non
875 628 1233 715 communicavimus,
1250 629 1400 702 mortuis
1424 654 1528 704 corn-

299 739 484 814 municare
498 764 568 813 non
587 765 784 839 possumus.
798 741 883 815 Sine
901 766 980 839 quae
993 749 1077 815 ante
1090 741 1307 815 audientiam
1322 745 1529 818 communi·

297 878 379 928 caro
398 854 637 953 temptaverit,
655 856 764 930 donec
782 879 844 952 per
864 855 1096 951 penitentiam
1116 864 1255 929 reatum
1281 855 1445 945 defleant,
1463 884 1529 935 ac·

299 970 585 1041 communionem
600 968 809 1043 nullatenus
823 968 1051 1056 reducantur,
1064 978 1209 1067 excepto
1223 969 1346 1042 mortis
1359 970 1528 1048 interitu.

299 1079 476 1154 Achatius
505 1081 647 1155 modum
677 1107 820 1156 serrare
850 1081 1041 1167 debuisset,
1065 1090 1107 1154 ut
1135 1090 1327 1179 antequam
1357 1107 1394 1156 se
1412 1085 1527 1160 Petro

301 1195 549 1268 communione
568 1195 733 1269 misceret
749 1219 812 1293 per
829 1196 945 1269 sedem
964 1194 1190 1292 apostolicam
1210 1206 1368 1293 posceret
1385 1199 1527 1271 cxarni-

296 1323 382 1381 nare
408 1331 502 1394 eum,
519 1315 555 1381 et
580 1306 743 1402 legitima
761 1306 973 1403 purgatione
999 1306 1160 1403 purgari,
1178 1331 1261 1380 curn
1288 1330 1356 1381 uon
1381 1311 1525 1382 exami-

296 1419 405 1491 nandi
423 1429 486 1493 aut
504 1418 698 1516 recipiendi
722 1445 804 1494 curn
830 1419 1014 1494 habuisset
1039 1418 1257 1516 pontificum.
1275 1419 1367 1493 Cum
1394 1420 1523 1519 itaque

298 1532 376 1605 sine
395 1557 449 1606 me
467 1531 524 1604 vis
541 1556 610 1605 non
627 1531 793 1607 habuerit
805 1533 863 1607 vel
880 1531 1085 1606 absolvendi
1099 1539 1162 1605 aut
1176 1531 1379 1628 recipiendi,
1393 1533 1526 1609 huius-

296 1641 388 1715 modi
401 1641 469 1716 rite
477 1666 662 1740 personam
673 1668 738 1718 nec
749 1653 939 1740 purgatam
954 1643 1121 1739 legaliter
1134 1670 1200 1720 nee
1213 1645 1427 1741 regulariter
1437 1672 1524 1722 con·

293 1765 365 1828 stat
382 1780 469 1830 esse.
485 1759 674 1854 Postquam
695 1756 893 1831 Hachatius
911 1757 1169 1832 communionis
1186 1757 1301 1832 aliene
1320 1759 1437 1834 factus
1450 1773 1521 1850 est,

293 1893 362 1942 non
376 1869 491 1966 potuit
503 1869 572 1943 nisi
587 1870 760 1944 catholica
774 1880 810 1945 et
822 1870 1012 1968 apostolica
1026 1895 1107 1944 mox
1119 1873 1286 1946 societate
1300 1871 1456 1969 praecidi,
1470 1900 1521 1951 nc

293 2006 355 2078 per·
379 2008 462 2056 eum
480 1983 511 2056 si
528 1984 587 2057 vel
603 1983 789 2083 paululum
818 2009 1040 2059 cessaremus
1065 2008 1129 2059 nos
1149 2009 1287 2083 quoque
1312 1985 1522 2061 videremur

292 2096 429 2171 subisse
446 2096 612 2191 contagia
626 2097 825 2194 impiorum.
839 2101 907 2172 Leo
920 2099 1099 2173 universis
1112 2099 1386 2197 archiepiscopis
1399 2100 1519 2174 Italic.

291 2209 458 2283 Misimus
470 2211 515 2284 ad
528 2234 591 2284 vos
605 2210 754 2298 litteras,
767 2211 896 2309 quibus
913 2212 1098 2287 docuimus
1115 2212 1322 2310 presbiterio
1336 2213 1518 2289 Eutichen

291 2349 368 2398 esse
386 2324 560 2398 nudatum
578 2336 614 2398 et
631 2350 652 2397 a
669 2337 789 2399 nostra
811 2327 1060 2400 communione
1085 2326 1161 2400 sive
1188 2324 1413 2399 monasteriis
1436 2350 1517 2402 esso

290 2437 488 2534 depulsum,
506 2448 547 2512 ut
564 2449 820 2533 cognoscentes
837 2438 1041 2537 quodcirca
1058 2437 1163 2511 illum
1181 2447 1302 2512 actum
1321 2448 1385 2520 est.
1402 2440 1521 2512 omni-

290 2552 357 2626 bus
368 2552 539 2653 'episcopis
548 2553 615 2626 sub
628 2553 727 2628 vobis
740 2552 953 2649 degentibus
968 2549 1167 2624 manifestis
1181 2549 1280 2623 illius
1294 2549 1517 2646 impietatem

290 2691 335 2740 ne
351 2666 395 2739 ad
413 2692 494 2741 curn
512 2665 613 2762 quasi
631 2667 675 2738 ad
692 2666 934 2751 orthodoxum,
951 2663 1009 2739 vel
1029 2688 1089 2760 per
1111 2663 1262 2751 litteras,
1283 2662 1341 2738 vel
1363 2688 1425 2761 per
1449 2663 1518 2737 ali·

289 2792 396 2877 quam
410 2779 695 2884 coniunctionem
711 2779 910 2878 loquantur.
926 2777 1122 2873 Gregorius
1134 2776 1255 2851 Natali
1270 2776 1440 2873 episcopo.
1461 2782 1514 2854 De

289 2892 666 2968 excommunicationis
683 2892 836 2967 articulo
853 2891 913 2990 qui
933 2901 1052 2965 tamen
1075 2891 1280 2988 interposita
1306 2890 1515 2966 condicione

289 3006 404 3102 gradu
419 3001 574 3081 secundo
587 3004 645 3080 vel
660 3007 745 3079 IIII⁰
759 3004 829 3078 iarn
841 3005 942 3079 utita
954 3005 1072 3080 dicam
1085 3031 1129 3079 cx
1141 3005 1353 3080 necessitate
1367 3005 1518 3079 subiun-

289 3131 348 3194 cta
374 3129 428 3194 cst
445 3120 610 3193 inmerito
627 3120 830 3217 querimini,
856 3145 939 3194 curn
957 3118 1134 3219 apostolus
1160 3119 1264 3194 dicat.
1290 3123 1513 3217 Impromptu

288 3233 460 3308 habentos
477 3234 708 3308 ulciscionom
726 3233 1010 3309 inobedientiam.
1028 3231 1202 3307 Iohannes
1224 3235 1311 3307 VIII
1333 3232 1371 3305 in
1392 3234 1511 3308 conci-

289 3345 336 3419 lio
349 3347 549 3420 Itauennati
563 3372 638 3446 cap.
649 3349 728 3421 XII.
738 3348 832 3423 Cure
849 3348 896 3421 sit
909 3347 1073 3421 omnibus
1086 3345 1258 3442 episcopis
1271 3345 1514 3418 excommuni-

287 3471 447 3535 catorum
464 3461 608 3535 omniuo
626 3463 778 3551 nomina,
792 3473 865 3535 turn
880 3460 1010 3533 vicinis
1027 3458 1199 3557 episcopis
1216 3482 1322 3555 quarn
1341 3456 1417 3531 suis
1434 3483 1515 3554 par·

287 3573 466 3649 rochianis
480 3574 611 3670 paritor
625 3575 794 3663 indicare,
807 3597 918 3673 eaque
934 3573 971 3645 in
985 3570 1116 3647 celebri
1131 3570 1205 3645 loco
1218 3570 1331 3667 posita
1344 3593 1416 3666 proe
1428 3570 1513 3644 fori-

287 3685 353 3759 bus
370 3684 539 3760 oecclesioe
555 3686 698 3760 cunctis
715 3687 942 3762 venientibus
963 3683 1157 3769 inculcare,
1170 3685 1341 3781 quatinus
1354 3683 1390 3756 in
1413 3692 1513 3756 utra·

288 3823 357 3896 qno
382 3799 571 3893 diligentia
597 3799 914 3875 excommunicatis
941 3799 1070 3896 ubique
1096 3797 1361 3873 ecclesiasticus
1389 3796 1513 3871 aditus

287 3911 509 4000 excludatur,
526 3921 562 3987 et
574 3913 813 3987 excusationis
826 3938 934 3989 causa
948 3913 1112 3987 omnibus
1125 3913 1319 3986 auferretur.
1335 3911 1512 4006 Augusti·

286 4051 355 4099 nus
372 4025 556 4124 opiscopus
572 4025 716 4121 legatus
733 4027 903 4101 Numidic
923 4026 1102 4122 provincie
1120 4027 1157 4099 in
1176 4024 1326 4100 concilio
1346 4025 1514 4118 Cartagi-

287 4139 390 4213 nensi
407 4163 482 4236 cap.
500 4141 614 4213 VIIII.
631 4139 741 4228 Dixit,
753 4138 819 4215 hoc
832 4149 989 4215 statuere
1007 4138 1207 4234 dignemini
1224 4147 1266 4212 ut
1280 4138 1309 4211 si
1323 4135 1405 4234 quis
1418 4136 1511 4212 forte

287 4252 412 4325 morito
434 4252 632 4326 facinorum
650 4276 796 4327 suorum
813 4254 858 4327 ab
875 4253 1026 4328 ccclesia
1044 4251 1138 4350 pulsi
1155 4259 1251 4338 sunt,
1269 4259 1305 4324 ct
1321 4250 1399 4323 sive
1416 4248 1461 4321 ab
1478 4274 1514 4324 e·

287 4365 438 4463 piscopo,
448 4364 524 4439 sive
533 4390 553 4436 a
563 4365 756 4463 presbitero
769 4366 903 4440 fuerint
915 4365 952 4437 in
962 4363 1210 4438 communione
1223 4361 1391 4461 suscepti,
1400 4362 1513 4436 etiam

286 4477 361 4578 ipse
379 4476 455 4577 pari
473 4501 555 4553 cum
573 4501 614 4553 eo
629 4477 780 4557 crimina
799 4486 964 4557 teneatur
976 4477 1158 4567 obnoxius,
1172 4475 1436 4575 refugientibus
1453 4476 1513 4550 sui
