3608 5498
806 396 1004 460 -436-

296 541 318 589 a
344 516 522 593 frumento
545 518 717 594 universa
737 518 875 592 zizania
893 519 1052 594 humano
1072 517 1203 595 iudicio
1227 541 1427 614 secrsgare.
1453 521 1530 593 Su·

296 631 404 729 parba
426 643 481 707 ost
497 633 566 707 ista
587 633 787 722 obstinatio,
810 646 845 709 et
870 634 1049 729 sacrilega
1067 633 1305 732 praesumptio,
1322 637 1431 730 quam
1449 632 1527 707 sibi

296 744 395 818 furor
408 769 541 842 pravus
553 748 716 820 assumit.
729 749 775 821 Et
789 747 875 821 dum
890 748 957 822 sibi
972 773 1108 849 semper
1124 747 1280 845 amplius
1293 771 1400 844 quam
1419 747 1527 822 mitis

296 856 433 933 iustitia
451 859 609 956 deposcit
625 870 826 948 assumunt,
839 861 882 936 de
895 861 1056 937 aecclesia
1075 872 1236 960 pereunt,
1252 870 1289 936 et
1304 861 1389 935 dum
1407 885 1446 935 aa
1464 861 1525 934 in·

295 971 449 1047 solenter
461 973 636 1048 extollunt
649 973 724 1072 ipso
736 999 800 1049 suo
813 985 950 1052 tumore
964 977 1090 1065 cecati,
1099 975 1263 1063 veritatis
1275 974 1400 1050 lumen
1412 973 1526 1049 amit·

295 1094 386 1161 tunt
401 1089 548 1185 Propter
565 1087 657 1186 quod
674 1097 710 1163 et
722 1111 785 1161 nos
803 1098 1126 1188 temperamentum
1145 1099 1318 1176 tenentes,
1335 1098 1372 1164 et
1388 1088 1523 1163 libram

295 1199 437 1272 Domini
450 1200 741 1298 contemplantes,
750 1212 787 1276 et
796 1201 860 1276 Dei
870 1202 989 1277 Patris
1003 1203 1168 1301 pietatem
1178 1228 1221 1278 ac
1235 1201 1522 1276 misericordiam

293 1313 505 1407 cogitantes
530 1314 590 1388 diu
619 1314 844 1412 multumque
869 1325 1028 1390 tractatu
1053 1316 1148 1391 inter
1172 1340 1237 1390 nos
1261 1315 1393 1405 habito,
1419 1316 1522 1390 iusta

294 1425 531 1502 moderatione
543 1427 684 1523 agenda
697 1426 879 1515 libremus,
891 1438 933 1503 ut
945 1428 1036 1527 lapis
1057 1431 1135 1530 (aie)
1152 1454 1219 1505 nec
1244 1454 1397 1505 censura
1423 1430 1521 1505 desit

294 1561 374 1635 quae
387 1538 557 1640 increpet,
570 1565 638 1615 nec
651 1539 828 1614 medicina
842 1565 921 1638 quae
935 1554 1045 1618 sanet.
1063 1547 1152 1618 Item
1171 1544 1264 1618 idem
1282 1544 1327 1618 ad
1346 1544 1522 1617 Antonia·

292 1675 391 1726 num.
408 1652 519 1727 Nobis
535 1664 655 1729 autam
672 1654 871 1730 secundum
890 1657 993 1732 fidem
1012 1667 1170 1731 nostram
1188 1666 1224 1732 et
1240 1656 1373 1730 divinae
1391 1656 1521 1753 pradi-

293 1766 444 1866 cationis
452 1767 572 1842 datam
582 1767 743 1855 formam,
756 1767 923 1866 competit
937 1769 1027 1842 ratio
1037 1768 1210 1855 veritatis,
1220 1792 1518 1866 unumquemque

293 1877 331 1950 in
348 1888 493 1976 peccato
505 1904 570 1954 suo
583 1880 700 1978 ipsum
714 1880 840 1968 teneri,
853 1905 921 1956 nec
937 1881 1093 1957 alterum
1107 1906 1169 1980 pro
1180 1880 1292 1956 altero
1306 1907 1406 1957 reum
1422 1883 1515 1972 fiori,

292 2015 376 2066 cum
393 1993 568 2066 Dominus
585 1992 690 2067 dicat.
715 1993 859 2068 lustitia
876 1994 963 2069 iusti
988 2020 1096 2094 super
1120 2020 1203 2071 eum
1229 1994 1309 2085 erit,
1333 2005 1369 2070 et
1394 1995 1518 2071 scelus

291 2105 455 2180 scelerati
473 2130 679 2204 supereum
697 2107 776 2181 erit.

836 2253 975 2336 oxvss.

508 2430 590 2483 Item
609 2428 776 2495 ciprianus
794 2431 827 2482 in
845 2414 995 2483 sermone
1015 2429 1057 2482 de
1078 2429 1292 2484 aleatoribus.

387 2569 545 2661 Accepta
562 2563 673 2637 simul
690 2573 861 2662 potestate
879 2564 1039 2639 solvendi
1056 2574 1092 2639 et
1108 2564 1249 2660 ligandi
1267 2573 1302 2640 et
1325 2568 1513 2640 curatione

290 2686 436 2773 peccata
453 2676 667 2764 dimittendi,
681 2676 832 2751 salutari
849 2677 1011 2751 doctrina
1029 2676 1276 2765 admonemur,
1288 2680 1334 2750 ne
1351 2701 1434 2751 cum
1453 2677 1513 2752 de·

292 2789 540 2887 linquentibus
556 2791 699 2865 assidue
712 2790 945 2887 ignoscimus
955 2789 1022 2888 ipsi
1037 2815 1120 2865 cum
1139 2790 1190 2865 eis
1203 2790 1337 2889 pariter
1350 2800 1514 2888 torquea-

292 2928 383 2975 mur.
392 2906 439 2976 Et
451 2915 529 3000 post
542 2927 665 3000 pauca.
676 2905 714 2976 Si
728 2928 815 3000 ergo
827 2905 921 2978 inter
929 2903 1190 3001 dispensatores
1199 2904 1373 3000 quaeritur
1381 2912 1423 2977 ut
1431 2904 1514 3001 quis

292 3015 408 3089 fidelis
420 3027 456 3089 et
469 3015 587 3090 iustus
605 3017 822 3092 inveniatur.
837 3017 937 3105 Quod
953 3017 984 3090 si
998 3040 1120 3092 omnes
1132 3017 1342 3114 delinquant
1353 3027 1390 3091 et
1402 3016 1514 3091 delin-

289 3130 481 3227 quentibus
490 3130 749 3229 dispensatores
763 3132 1085 3227 ignoscant,nonne
1100 3130 1168 3228 ipsi
1178 3130 1461 3229 delinquentium
1472 3155 1512 3207 se

289 3245 441 3340 pondere
451 3249 624 3320 onerant?
636 3248 724 3320 Item
739 3245 775 3316 in
790 3267 949 3319 sermone
959 3244 1001 3319 de
1015 3243 1133 3341 lapsis.
1144 3247 1272 3319 Pacem
1287 3251 1511 3341 putantesse,

210 3410 213 3415 -
289 3381 396 3455 quam
411 3359 555 3456 quidam
569 3359 688 3434 verbis
704 3358 895 3433 fallacibus
912 3356 1108 3432 venditant.
1121 3360 1199 3431 Non
1215 3368 1269 3431 est
1282 3381 1351 3454 pax
1362 3355 1436 3444 illa,
1448 3356 1512 3430 sed

287 3468 1511 3568 bellumNecaeoclesiaeiungitur,quiabevangelioseparatur.Quid

288 3584 457 3659 iniuriam
474 3585 687 3661 beneficium
704 3589 863 3660 vocant?
890 3582 985 3671 Quid
1010 3582 1229 3680 impietatem
1246 3582 1419 3657 vocabulo
1437 3582 1512 3680 pio·

288 3697 374 3770 tatis
398 3696 609 3794 appellant?
635 3696 729 3784 Quid
753 3697 806 3772 cis
827 3695 889 3794 qui
907 3695 1075 3791 iungitur
1090 3693 1176 3771 flere
1193 3704 1230 3771 et
1247 3718 1374 3791 rogare
1391 3694 1512 3770 Domi·

288 3834 375 3883 num
395 3835 502 3883 suum
528 3810 657 3885 debent
681 3810 879 3908 intercepta
900 3807 1117 3907 paenitentiae
1138 3807 1391 3883 lamentatione
1415 3832 1511 3884 com·

290 3924 475 3999 municare
492 3950 531 3999 se
551 3923 737 4013 simulant,
753 3924 821 3999 hoo
845 3932 931 3998 sunt
947 3921 1120 3996 eiusmodi
1145 3920 1267 4018 lapsis,
1283 3921 1346 4019 qui
1370 3920 1510 4016 grando

288 4034 469 4130 frugibus,
487 4037 578 4133 quod
597 4036 795 4134 turbydum
813 4035 914 4111 sidus
930 4033 1127 4124 arboribus,
1144 4034 1238 4133 quod
1261 4033 1434 4108 armentis
1451 4058 1510 4132 po-

287 4147 414 4223 stilena
430 4149 593 4234 vastitas,
610 4149 702 4247 quod
719 4150 880 4245 navigiis
897 4173 981 4222 sera
1007 4157 1208 4244 tempestas.
1225 4146 1406 4222 Solacium
1431 4147 1508 4245 spei

287 4259 462 4347 adimunt,
480 4260 618 4334 radices
636 4260 862 4349 subvertunt,
880 4283 1040 4336 sermone
1060 4259 1215 4335 morbido
1231 4260 1276 4333 ad
1301 4258 1406 4335 letale
1427 4282 1510 4334 con-

287 4367 429 4467 tagium
454 4382 614 4469 serpunt,
632 4398 761 4447 navem
787 4373 942 4470 scopulis
960 4399 1004 4448 ne
1021 4374 1059 4446 in
1078 4383 1218 4471 portum
1237 4373 1423 4469 perveniat
1439 4372 1510 4447 illi·

288 4482 389 4558 dunt.
406 4487 485 4558 Non
512 4484 674 4560 concedit
698 4509 821 4582 pacem
840 4484 995 4561 felicitas
1012 4485 1092 4573 istu,
1113 4486 1175 4560 sed
1192 4485 1296 4562 tollit.
1310 4488 1402 4561 Itom
1428 4495 1509 4583 post
