3608 5498
805 400 1000 463 -499-

292 520 536 619 supplicamus
549 541 772 617 quocumque
786 517 1005 614 interceptus
1014 516 1224 592 obstaculoa
1238 540 1386 590 munere
1399 515 1516 590 indul·

291 636 424 731 gantiae
438 634 612 730 presentis
625 630 808 719 exciderit,
821 641 856 705 et
870 631 1077 727 priusquam
1093 630 1135 703 ad
1151 629 1344 704 constituta
1359 629 1514 704 remedia

290 749 475 845 perveniat
493 746 720 845 temporalem
740 746 851 818 vitam
870 744 1029 817 humana
1042 743 1249 818 condicione
1264 743 1408 831 finierit,
1421 742 1514 839 qnod

293 888 442 938 manens
460 863 496 936 in
516 885 659 958 corpore
678 884 747 934 non
767 859 911 956 recepit,
924 857 1092 954 consequi
1107 867 1236 931 exutus
1249 880 1357 931 carne
1375 879 1445 930 non
1460 879 1515 953 po·

295 979 553 1053 terit.Necesse
566 987 621 1050 est
634 969 1514 1071 ergouoseorumquiobiecerintmeritaactusque
1627 956 1633 972 ⁶

291 1090 479 1175 discutere.
505 1115 587 1163 curn
606 1087 779 1162 Dominus
801 1097 920 1161 noster
937 1085 1042 1159 cuius
1068 1084 1200 1158 iudicia
1218 1094 1403 1182 nequeunt
1420 1108 1513 1158 com·

291 1202 472 1299 prehendi.
489 1203 580 1300 quod
597 1202 818 1277 sacerdotum
839 1200 986 1299 implere
1004 1223 1073 1272 non
1092 1209 1187 1288 sunt,
1205 1225 1279 1273 suae
1296 1197 1444 1272 iustitiae
1463 1221 1515 1272 re·

291 1328 461 1392 servaret.
475 1320 529 1390 lta
544 1325 751 1415 potestatem
767 1340 869 1387 suam
883 1314 1003 1389 timeri
1017 1313 1154 1396 nolens.
1169 1324 1209 1387 ut
1221 1313 1280 1387 hic
1293 1336 1391 1388 error
1403 1312 1516 1387 omni·

238 1428 244 1440 '
293 1430 360 1502 bus
378 1430 499 1526 prosit,
516 1443 552 1503 et
566 1428 657 1527 quod
672 1427 881 1526 quibusdam
901 1428 1030 1524 tepidis
1047 1437 1111 1501 aut
1128 1427 1406 1523 neglegentibus
1423 1428 1516 1501 acci·

293 1544 355 1625 dit.
374 1566 475 1617 nemo
493 1566 561 1616 non
581 1552 727 1615 metuat.
746 1540 901 1615 Multum
921 1540 1016 1614 onim
1032 1540 1120 1614 utile
1133 1567 1175 1615 ac
1190 1541 1430 1616 necessarium
1449 1549 1514 1628 est,

294 1665 334 1729 rrt
347 1670 573 1755 peccatorum
590 1667 709 1729 reatus
722 1664 804 1728 aute
822 1654 987 1727 ultimum
1006 1655 1099 1730 diem
1115 1654 1325 1730 sacerdotali
1339 1654 1515 1752 supplica·

290 1769 384 1842 tione
398 1769 675 1843 solvatur.ldem
690 1768 727 1840 in
741 1769 874 1842 eadem.
884 1768 949 1840 His
962 1779 1082 1843 autem
1097 1770 1157 1867 qui
1173 1770 1209 1842 in
1224 1780 1379 1866 tempore
1393 1792 1514 1842 neces·

290 1882 407 1955 sitatis
420 1893 455 1956 et
469 1881 619 1978 periculi
634 1892 812 1976 urguente
831 1881 1015 1968 instantia,
1029 1882 1232 1979 praesidium
1248 1882 1514 1979 penitentiam

292 2019 372 2069 mox
385 1995 581 2069 remedium
599 1995 895 2069 reconciliationis
910 1996 1186 2092 implorant‚nec
1200 1996 1514 2071 satisfactiointer-

291 2110 440 2184 dicenda
454 2123 518 2193 ost.
537 2134 600 2183 nec
619 2108 861 2182 reconciliatio
880 2109 1055 2203 neganda.
1070 2109 1161 2196 Quia
1181 2109 1431 2185 misericordia
1448 2111 1514 2182 Do·

292 2224 380 2296 mini
396 2249 461 2297 nec
473 2247 657 2297 mensuras
668 2246 991 2322 possumusponere
1003 2247 1068 2296 nec
1077 2233 1235 2318 tempora
1244 2222 1408 2309 diffinire,
1417 2222 1512 2318 apud

289 2362 393 2434 quem
405 2336 524 2409 nullas
534 2335 668 2433 patitur
683 2336 806 2409 venire
816 2358 932 2408 moras
946 2336 1119 2409 conversi.
1129 2335 1278 2411 Dicente
1288 2335 1437 2409 Domino
1447 2358 1510 2431 per
1598 2331 1601 2335 ’

289 2449 506 2547 prophetam.
520 2450 612 2523 Cum
628 2471 821 2522 conversus
836 2447 946 2521 fueris
960 2447 1182 2543 ingemueris
1195 2461 1282 2523 tuuc
1297 2449 1419 2521 salvus
1432 2448 1514 2523 eris.

290 2567 335 2636 llt
356 2563 452 2635 alibi.
474 2563 538 2636 Dic
557 2561 766 2659 iniquitates
783 2571 866 2635 tuas
891 2561 986 2658 prior
1005 2571 1045 2634 ut
1062 2561 1277 2637 iustificeris.
1296 2565 1395 2635 Item.
1421 2561 1513 2647 Quia

290 2677 382 2774 apud
394 2676 584 2749 Dominum
597 2676 837 2750 misericordia
851 2676 1033 2772 etcopiose
1044 2676 1245 2772 redemptio
1255 2679 1298 2749 In
1308 2675 1512 2772 dispensan-

288 2789 343 2862 dis
359 2789 478 2886 itaquo
503 2789 604 2863 donis
622 2790 683 2863 Dei
703 2812 772 2862 non
790 2789 960 2864 debemus
977 2814 1053 2864 esse
1070 2788 1243 2875 difficiles,
1262 2815 1328 2864 neo
1351 2814 1387 2861 se
1406 2814 1513 2863 accu-

292 2903 450 2976 santium
469 2902 629 2997 gemitus
650 2902 887 3000 lacrimasque
911 2902 1105 2997 negligere.
1122 2903 1213 2976 Cum
1233 2903 1309 2998 ipsa
1329 2901 1512 2999 penitendi

288 3017 514 3090 afflictionem
542 3042 586 3091 ex
606 3016 669 3091 Dei
688 3017 873 3091 credamus
886 3015 1117 3112 inspiratione
1132 3038 1349 3090 concessam.
1364 3015 1512 3089 Dicente

288 3129 452 3225 apostolo.
462 3133 515 3202 Ne
529 3130 619 3202 forto
632 3130 691 3202 det
704 3130 777 3202 illis
787 3131 882 3202 Dens
897 3129 1053 3225 penitere
1068 3137 1109 3201 ut
1123 3129 1368 3225 resipiscente
1381 3127 1512 3201 diaboli

293 3244 440 3339 laquaeis
457 3242 621 3339 aquibus
638 3243 732 3339 capti
750 3252 919 3316 tenentur
936 3241 980 3314 ad
995 3241 1107 3336 ipsius
1121 3240 1353 3316 voluntatem.
1365 3244 1454 3315 Item
1474 3241 1511 3313 in

288 3356 419 3429 eadem.
446 3358 591 3450 Oportet
607 3377 694 3447 ergo
711 3377 1003 3451 unumquemque
1025 3353 1263 3428 christianum
1281 3353 1510 3428 conscientie

289 3469 510 3544 sinehabere
528 3468 715 3553 iudicium,
741 3491 784 3540 ne
810 3466 853 3541 de
877 3466 933 3540 die
959 3466 996 3539 iu
1018 3466 1110 3540 diem
1129 3466 1269 3541 differat
1286 3467 1445 3541 converti
1464 3466 1509 3540 ad

290 3582 493 3667 Dominum,
511 3604 576 3653 nec
595 3578 849 3653 satisfactionis
867 3579 934 3653 sibi
952 3590 1094 3675 tempus
1107 3580 1144 3652 in
1158 3580 1244 3654 vitre
1257 3606 1331 3654 suae
1349 3581 1417 3654 fine
1431 3602 1513 3654 oon·

289 3697 426 3783 stimat,
443 3719 548 3792 quem
568 3692 764 3792 periculose
782 3693 987 3789 ignorantia
1006 3692 1163 3765 humana
1186 3692 1378 3778 concludit,
1396 3703 1437 3766 ut
1466 3693 1510 3766 ad

288 3832 480 3906 paucorum
498 3806 666 3881 horarum
685 3807 840 3902 spatium
855 3830 892 3879 se
907 3817 1063 3882 reservet
1077 3808 1265 3882 incertum.
1279 3811 1421 3881 Etcum
1436 3830 1512 3903 pos-

287 3921 336 3996 sit
353 3922 499 4020 pleniori
519 3919 759 3994 satisfactione
777 3920 1040 4014 indulgentiam
1059 3921 1250 4016 promereri
1265 3919 1365 3992 illius
1378 3930 1511 4015 tempo

288 4037 338 4109 ris
355 4035 544 4132 angustias
561 4034 685 4128 eligat,
703 4034 739 4105 in
759 4058 827 4130 quo
845 4033 907 4107 vix
920 4033 1081 4107 iuveniat
1094 4032 1249 4129 spatium
1264 4030 1321 4105 vel
1336 4032 1512 4106 confessio

288 4147 501 4243 paenitentis,
514 4145 571 4220 vel
585 4144 825 4220 reconciliatio
838 4146 1039 4220 sacerdotis.
1052 4148 1141 4218 Item
1157 4143 1194 4216 in
1210 4143 1343 4218 eadem.
1356 4147 1411 4218 Ita
1425 4168 1512 4240 ergo

290 4262 415 4334 talium
436 4260 638 4335 necessitati
652 4258 902 4332 auxiliandum
917 4266 981 4344 est,
998 4267 1040 4329 ut
1057 4281 1122 4330 nec
1144 4256 1237 4330 actio
1251 4256 1326 4329 illis
1343 4257 1512 4354 paeniten-

288 4375 358 4458 tia,
375 4399 440 4447 nec
458 4371 717 4447 communionis
735 4371 853 4466 gratia
880 4369 1077 4465 denegetur
1103 4369 1132 4442 si
1159 4393 1236 4442 eam
1263 4368 1394 4461 amisso
1411 4370 1509 4443 vocis

290 4486 404 4559 officio
421 4510 483 4583 per
501 4485 632 4558 indicia
651 4483 785 4575 integri
810 4507 938 4557 seusus
954 4506 1102 4580 querere
1123 4482 1393 4580 comprobentur.
1410 4483 1509 4571 Quod
