3608 5498
945 402 1142 465 -336-

423 552 516 614 nem,
533 527 584 600 ita
601 526 787 600 dumtaxat
804 526 834 599 si
852 526 996 623 culpam
1021 551 1130 625 quam
1156 527 1337 603 commisit
1362 525 1516 601 venialis
1541 525 1652 600 suerit

423 643 580 716 inventa.
599 642 662 716 Sin
680 642 784 716 aliter
800 641 1096 739 comprehensum
1110 652 1241 716 vestrae
1254 641 1419 740 potestati
1433 667 1517 717 eum
1532 641 1652 715 remit-

424 755 547 840 timus,
565 755 723 852 exceptis
739 754 796 828 bis
813 754 876 852 qui
894 753 1101 828 violentiam
1119 754 1177 829 vel
1194 754 1456 854 oppressionem
1483 752 1653 851 potentio

425 896 505 943 rum
526 871 669 967 passim,
688 870 764 944 ideo
780 871 823 942 ad
842 892 905 942 nos
922 867 1100 955 venerint,
1116 878 1158 942 ut
1177 893 1237 964 per
1255 879 1413 942 nostram
1431 867 1653 941 intercessio·

424 1007 506 1057 nem
524 981 699 1056 iustitiam
717 982 877 1079 accipere
891 989 1096 1056 mereantur
1112 1003 1264 1077 quorum
1280 980 1393 1054 altera
1411 979 1567 1054 conditio
1583 990 1651 1067 est,

424 1106 461 1169 et
477 1121 498 1169 a
514 1095 756 1193 superioribus
773 1094 876 1169 valde
893 1094 1084 1168 disiuncta.
1103 1095 1149 1166 Et
1165 1091 1306 1188 quando
1322 1090 1446 1165 divina
1464 1090 1649 1165 vocatione

426 1206 536 1281 buius
554 1208 807 1282 sacratissimae
824 1208 918 1282 sedis
936 1206 1100 1281 Pontifex
1116 1203 1158 1278 de
1176 1203 1242 1280 hoc
1270 1206 1401 1279 mundo
1419 1203 1651 1299 migraverit,

425 1319 548 1393 nullus
560 1344 605 1395 ex
622 1345 734 1416 regno
749 1331 880 1406 nostro,
896 1331 960 1395 aut
974 1324 1146 1406 Francus,
1162 1330 1227 1392 aut
1246 1318 1510 1414 langobardus,
1527 1328 1591 1391 aut
1607 1318 1650 1390 de

426 1433 584 1530 qualibet
596 1444 705 1529 gente
720 1434 822 1509 horno
834 1434 902 1508 sub
915 1445 1035 1509 nostra
1045 1442 1215 1529 potestate
1225 1433 1455 1517 constitutus,
1464 1431 1650 1506 licentiam

426 1547 557 1623 habeat
573 1558 698 1624 contra
716 1552 890 1624 Romanos
907 1558 971 1621 aut
989 1545 1141 1646 publice,
1158 1557 1221 1618 aut
1238 1545 1378 1643 private
1395 1544 1573 1632 veniendi,
1592 1543 1651 1618 vel

426 1661 634 1736 electionem
653 1662 816 1750 faciendi,
834 1661 1029 1758 nullusque
1048 1661 1084 1732 in
1104 1658 1315 1734 civitatibus
1328 1658 1387 1732 vel
1400 1659 1591 1733 territoriis
1606 1658 1651 1732 ad

425 1772 597 1849 aecclesiae
614 1774 706 1848 beati
722 1775 818 1849 Petri
837 1774 995 1872 Apostoli
1012 1781 1220 1871 potestatem
1235 1771 1497 1870 pertinentibus
1509 1770 1652 1869 aliquod

428 1886 561 1959 malum
580 1898 721 1984 propter
738 1888 803 1962 hoc
817 1888 933 1962 facere
947 1897 1151 1984 praesumat.
1169 1884 1235 1958 Sed
1256 1882 1363 1959 liceat
1376 1884 1545 1958 Romanis
1567 1909 1650 1959 oum

426 1999 522 2072 omni
541 1999 779 2088 veneratione,
795 2012 831 2075 et
849 2001 925 2075 sine
951 1996 1110 2098 qnalibet
1127 1997 1391 2095 perturbatione
1417 1997 1648 2073 honorificam

426 2136 491 2186 suo
504 2112 667 2187 Pontifici
686 2114 826 2189 exibere
843 2114 1075 2212 sepulturam,
1093 2122 1129 2186 et
1145 2136 1226 2186 oum
1241 2136 1346 2210 quem
1362 2112 1486 2185 divina
1500 2112 1650 2209 inspira·

424 2222 520 2298 tione
541 2235 577 2299 et
597 2225 691 2300 beati
711 2226 807 2300 Petri
825 2225 1078 2301 intercessione
1095 2249 1220 2300 omnes
1238 2227 1385 2300 Romani
1410 2250 1481 2299 uno
1502 2225 1651 2300 consilio

423 2347 531 2434 atque
556 2338 743 2413 concordia
761 2339 837 2412 sino
855 2338 974 2436 aliqua
998 2337 1229 2435 promissione
1246 2339 1290 2413 ad
1309 2338 1537 2435 pontificatus
1560 2338 1651 2412 ordi-

426 2475 507 2523 nem
534 2451 710 2546 elegerint
735 2451 811 2525 sine
836 2451 996 2550 qualibet
1020 2450 1257 2546 ambiguitate
1282 2452 1340 2526 vel
1366 2451 1645 2527 contradictione

426 2584 520 2636 more
535 2565 704 2638 canonico
717 2564 927 2639 consecrari.
942 2568 988 2638 Et
1002 2566 1087 2639 dum
1101 2573 1332 2640 consecratus
1346 2565 1465 2652 tuerit,
1479 2565 1590 2661 legati
1604 2565 1647 2639 ad

428 2699 492 2748 nos
511 2674 568 2750 vel
590 2676 634 2750 ad
656 2700 879 2752 successores
896 2687 1035 2752 nostros
1062 2700 1167 2773 reges
1189 2681 1408 2752 Francorum
1435 2678 1652 2774 dirigantur,

426 2786 488 2884 qui
507 2786 677 2862 internos
695 2798 730 2863 et
748 2788 827 2863 illos
844 2789 1039 2864 amicitiam
1055 2801 1091 2865 et
1105 2792 1293 2867 caritatem
1308 2818 1351 2868 ac
1365 2817 1488 2891 pacem
1507 2795 1653 2881 socient,

425 2899 521 2974 sicut
544 2902 762 2999 temporibus
779 2901 835 3000 pie
854 2903 1109 2978 recordationis
1127 2905 1254 2978 Domni
1270 2904 1388 2981 Caroli
1406 2906 1520 2980 attavi
1538 2904 1650 2981 nostri

424 3012 482 3087 vel
505 3014 613 3088 ctiam
636 3015 764 3090 Domni
793 3015 910 3113 Pipini
929 3016 987 3089 avi
1012 3017 1143 3104 nostri,
1167 3042 1229 3092 seu
1252 3019 1358 3092 etiam
1382 3018 1508 3092 Domni
1531 3018 1651 3094 Caroli

424 3125 648 3225 imperatoris
666 3130 841 3224 genitoris
859 3133 970 3204 nostri
990 3129 1210 3205 consuetudo
1227 3141 1304 3204 erat
1318 3130 1482 3205 faciendi.
1497 3133 1572 3206 Hoc
1589 3156 1652 3204 au·

424 3250 497 3314 tem
520 3250 561 3315 ut
582 3241 625 3315 ab
647 3242 812 3316 omnibus
829 3242 991 3317 fidelibus
1014 3253 1148 3317 sanctae
1174 3242 1237 3317 Dei
1264 3242 1433 3318 aecclesiae
1458 3252 1493 3318 et
1519 3244 1651 3318 nostris

426 3353 569 3426 firmum
596 3378 672 3429 esse
698 3354 875 3442 credatur,
901 3355 1111 3452 firmiusque
1141 3379 1203 3452 per
1231 3355 1373 3429 futuras
1401 3357 1650 3452 generationes
1692 3450 1696 3457 Ι

423 3491 465 3542 ac
483 3467 614 3542 saecula
632 3479 786 3543 ventura
811 3469 1046 3556 custodiatur,
1063 3467 1212 3564 propriae
1238 3492 1368 3540 manns
1392 3467 1594 3562 signaculo,
1616 3477 1652 3542 et

423 3578 682 3653 venerabilium
701 3579 955 3677 episcoporum,
972 3590 1079 3678 atque
1097 3579 1278 3669 abbatum,
1300 3581 1358 3655 vel
1376 3580 1484 3655 etiam
1503 3581 1650 3678 optima·

424 3699 500 3764 tum
528 3700 740 3780 nostrorum,
764 3691 832 3765 sub
856 3690 1084 3767 iureiurando
1111 3693 1403 3790 promissionibus
1429 3705 1465 3768 et
1490 3693 1645 3768 subscri-

423 3804 602 3901 ptionibus
616 3814 759 3902 pactum
774 3805 868 3879 istud
888 3815 1016 3880 nostrae
1033 3807 1313 3881 confirmationis
1332 3807 1591 3897 roboravimus
1607 3818 1644 3881 et

425 3941 487 4013 per
501 3915 660 4012 legatum
675 3927 809 3993 sanctae
819 3921 985 3993 Romanae
1002 3916 1172 3993 eecclesiae
1185 3918 1406 3995 Theodorum
1421 3919 1648 3994 nomencula-

422 4047 535 4113 torem
550 4041 685 4113 Domno
702 4039 867 4113 Pascbali
887 4042 990 4138 Papae
1002 4039 1207 4115 direximus.

1222 4049 1343 4229 ΒΕ
1368 4140 1447 4232 Ego
1457 4136 1653 4211 Hludouui-

424 4276 489 4327 cus
507 4251 749 4328 misericordia
767 4253 833 4328 Dei
855 4257 1050 4352 Imperator
1069 4255 1273 4354 subscripsi.
1292 4260 1338 4330 ut
1359 4257 1650 4354 subscripserunt

425 4366 477 4439 111
496 4365 560 4438 filii
578 4367 666 4454 eius,
680 4377 716 4441 et
734 4367 897 4466 Episcopi
923 4370 959 4444 X
975 4378 1011 4442 et
1040 4367 1196 4443 Abbates
1220 4371 1307 4442 Vlll
1332 4378 1370 4443 et
1394 4370 1551 4445 Comites
1575 4371 1646 4443 XV

423 4487 460 4552 et
477 4477 776 4555 Bibliothecarius
792 4505 888 4555 unus
912 4490 949 4555 et
972 4481 1240 4556 Mansienarius
1264 4491 1299 4555 et
1317 4482 1520 4557 Hostiarius
1545 4507 1650 4556 unus.
