3608 5498
711 355 735 477 ι,
815 407 988 467 -94-

816 653 971 737 t'llllllll.

386 886 424 958 Si
437 885 519 982 quis
537 882 787 959 Sacerdotibus
804 907 867 957 seu
885 879 1099 980 primatibus
1112 879 1289 954 nobilibus
1303 904 1367 956 seu
1380 892 1511 956 cuncto

289 998 439 1076 concilio
456 997 565 1072 huius
592 1008 725 1073 sanctae
751 1000 918 1071 Romanae
943 995 1104 1070 ecclesiae
1129 994 1338 1071 electionem
1360 994 1511 1070 Romani

290 1113 473 1189 Pontificis
490 1112 730 1187 contradicere
749 1109 1025 1209 praesumpserit,
1043 1111 1139 1185 sicut
1155 1109 1193 1183 in
1215 1108 1366 1186 coneilio
1382 1109 1511 1184 beatis·

281 1214 368 1299 *simi
388 1226 558 1322 Stephani
577 1228 645 1298 ΡΡ.
663 1235 840 1303 statutum
859 1234 924 1313 est,
942 1224 1132 1298 anathema
1151 1224 1206 1297 sit.

811 1449 985 1534 oxxllss.

391 1672 429 1745 Si
451 1671 531 1769 quis
550 1671 729 1766 dogmata,
747 1669 926 1757 mandata,
944 1668 1144 1756 interdicta,
1162 1669 1364 1743 sanctiones
1380 1668 1439 1743 vel
1456 1669 1514 1743 de·
1624 1719 1625 1722 =

289 1796 387 1861 creta
404 1808 466 1884 pro
483 1783 660 1861 catholica
679 1782 756 1871 fide,
769 1805 832 1879 pro
850 1781 1093 1857 ecclesiastica
1110 1782 1309 1881 disciplina,
1322 1805 1385 1881 pro
1399 1805 1513 1856 eorre-

288 1897 405 1975 ctione
414 1896 584 1986 fidelium,
593 1919 654 1994 pro
664 1894 909 1970 emendatione
919 1895 1511 1986 sceleratorum,velinterdietione

290 2012 463 2086 malorum
477 2009 744 2084 imminentium
759 2009 817 2084 vel
831 2010 1034 2084 futurorum
1048 2036 1069 2084 a
1082 2010 1176 2084 sedis
1192 2009 1404 2108 Apostolicae
1417 2010 1511 2081 Prae·

292 2124 369 2199 sule
384 2123 575 2198 salubriter
593 2123 820 2221 promulgata
838 2124 1103 2221 contempserit,
1120 2123 1310 2199 anathema
1328 2124 1384 2198 sit.

831 2350 966 2433 thlll'.

388 2569 600 2665 Episcopum
627 2567 827 2643 consecrari
846 2589 916 2640 non
935 2580 1071 2664 oportet
1089 2571 1161 2643 nisi
1178 2595 1199 2642 a
1214 2571 1318 2645 Olore
1334 2583 1370 2645 et
1385 2570 1512 2668 populo

289 2681 398 2756 fuerit
423 2681 632 2779 postulatus
655 2680 757 2755 Unde
783 2678 986 2756 Celestinus
1012 2685 1080 2756 ΡΡ.
1104 2682 1200 2758 dicit.
1227 2681 1360 2757 Nullus
1385 2683 1512 2764 invitis

288 2795 471 2870 ordinetur
489 2794 693 2893 Episcopus.
712 2794 807 2870 Cleri
831 2804 866 2870 et
884 2793 997 2891 plebis
1018 2818 1214 2872 consensus
1235 2809 1272 2872 et
1295 2795 1510 2872 desiderium

290 2909 503 3007 requiratur.
521 2912 567 2983 Et
583 2911 661 2984 Leo.
683 2907 794 2983 Nulla
820 2907 910 2982 ratio
936 2908 1023 2983 sinit
1048 2919 1090 2984 ut
1116 2909 1210 2985 inter
1235 2909 1426 3008 Episcopos
1449 2909 1511 2982 ha·

288 3021 440 3098 beantur
457 3023 518 3121 qui
536 3048 641 3100 neca
658 3023 799 3099 clericis
817 3034 902 3098 sunt
922 3022 1028 3098 electi
1051 3048 1118 3099 nec
1143 3048 1164 3095 a
1190 3023 1329 3122 populis
1353 3023 1511 3121 expetiti.

288 3136 388 3224 Quod
417 3136 447 3211 si
473 3137 511 3210 in
535 3138 657 3213 eadem
683 3137 835 3212 ecclesia
860 3136 994 3232 dignus
1020 3160 1089 3211 non
1113 3136 1330 3226 inveniatur,
1354 3148 1443 3212 tuno
1468 3137 1509 3211 do

287 3250 400 3324 altera
418 3249 570 3325 ecclesia
594 3251 763 3347 eligatur.
781 3255 915 3326 Tamen
941 3251 1109 3347 quamvis
1134 3251 1330 3327 necessitas
1355 3251 1510 3339 eveniat,

287 3361 385 3435 nullo
402 3361 503 3436 modo
519 3362 557 3435 in
574 3362 707 3439 iudicio
720 3374 949 3440 consecretur
966 3364 1101 3440 invitis.

795 3590 948 3674 CXXVI.

385 3817 580 3890 Nrconavs
598 3816 734 3889 Servus
753 3840 937 3891 servorum
956 3817 1030 3893 Dei.
1048 3819 1361 3894 Reverentissimis
1377 3831 1413 3894 et
1430 3843 1509 3893 san·

288 3927 460 4002 ctissimis
472 3927 712 4003 confratribus
725 3929 857 4002 nostris
869 3931 1151 4028 metropolitanis
1165 3931 1348 4030 Episcopis
1360 3942 1396 4008 et
1408 3942 1510 4006 oaete·

288 4041 338 4114 ris
356 4039 540 4138 Episcopis
557 4040 618 4139 qui
637 4041 674 4114 in
693 4042 918 4117 convicinam
932 4041 1057 4116 villam
1072 4042 1250 4140 publicam
1265 4070 1370 4121 secus
1383 4046 1510 4121 civita-

288 4163 360 4227 tem
383 4153 599 4228 Silvanectis
621 4153 658 4228 in
680 4155 831 4230 concilio
851 4156 1081 4231 convenistis.
1098 4159 1203 4232 quta
1219 4159 1508 4234 constitutionem

289 4277 422 4342 sanotae
436 4267 640 4343 Sardioensi
657 4269 785 4368 synodi
802 4269 910 4345 etiam
934 4270 964 4343 si
986 4293 1171 4366 nunquam
1191 4270 1429 4346 reclamasset.
1445 4273 1511 4345 Ro-

289 4379 440 4456 thardus
458 4381 654 4479 Episcopus
667 4408 853 4481 nunquam
869 4384 970 4459 Sedis
985 4383 1195 4481 Apostolicae
1208 4383 1351 4459 fecisset
1364 4385 1512 4459 mentio·

289 4517 372 4567 nem
385 4519 406 4567 a
420 4493 521 4569 vobis
534 4493 595 4592 qui
608 4517 755 4570 cauwm
770 4495 847 4571 eius
856 4495 1100 4586 examinastis,
1109 4495 1277 4572 memoria
1286 4497 1401 4572 sancti
1413 4497 1511 4572 Petri
