3608 5498
698 451 732 462 -
763 417 827 482 ιιι
856 451 894 464 -

178 533 354 623 nevianae,
379 536 589 632 patrimonio
607 535 741 634 Appia.
758 534 854 610 Idem
873 536 911 608 in
928 535 1058 610 eodem.
1077 535 1184 610 leoni
1210 537 1345 610 notario
1369 547 1405 611 et

181 648 336 722 Leontiae
354 648 550 744 iugalibus,
566 672 759 748 eorumque
773 648 856 722 filiis
867 674 911 723 ao
928 649 1114 747 nepotibus
1135 648 1284 722 fundum
1303 649 1407 745 Ripa-

181 762 370 850 eosarium,
387 787 468 836 cum
487 762 601 851 silvis,
617 761 851 859 glandaretis‚
868 771 904 838 et
921 763 1026 836 terris
1045 762 1276 838 sationalibus
1293 763 1404 838 situm

182 872 243 946 via
258 874 406 949 Aurelia
416 875 504 950 mill.
518 876 597 973 plus
611 876 732 951 minus
744 880 832 951 Xex
844 899 987 974 corpore
997 877 1191 951 suburbani
1201 876 1404 975 patrimonii

181 989 332 1079 Tuscis,
349 1000 493 1088 praestat
509 991 698 1066 annuatim
711 1013 756 1062 or
768 991 849 1064 auri
866 988 1026 1088 siliquas.
1042 991 1138 1066 Idem
1152 989 1189 1063 in
1207 990 1326 1064 eodem
1341 994 1404 1066 Bo

180 1102 306 1177 nifatio
331 1105 478 1194 notario,
496 1130 559 1179 seu
578 1105 737 1181 Claudiae
754 1104 949 1200 iugalibus,
975 1129 1167 1203 eorumque
1184 1103 1268 1178 filiis
1284 1129 1328 1178 ao
1344 1127 1404 1179 ne·

179 1217 319 1315 potibus
342 1218 491 1293 fundum
518 1219 756 1295 Cocceianum
775 1229 811 1294 et
836 1218 1032 1305 Folianum,
1049 1244 1094 1293 ex
1111 1240 1253 1317 corpore
1278 1243 1404 1292 massae

179 1333 398 1422 Fonteianae,
416 1334 620 1431 patrimonii
648 1334 781 1433 Appiae,
808 1343 978 1433 prestant
999 1358 1128 1407 annuae
1145 1358 1227 1406 sins
1246 1333 1326 1406 auri
1352 1355 1404 1406 so

179 1444 279 1521 lidos.
293 1448 390 1522 Idem
408 1448 445 1521 in
459 1450 590 1538 eodem,
604 1449 739 1525 eisdem
757 1449 910 1524 fundum
923 1447 1188 1534 Gratinianum
1205 1455 1240 1522 et
1258 1445 1402 1520 fondum

179 1562 379 1653 Rosarium‚
397 1589 479 1639 cnm
498 1563 660 1640 domibus
677 1574 714 1640 et
738 1563 866 1651 vineis,
883 1563 952 1636 sito
969 1561 1015 1636 ab
1031 1560 1118 1636 urbe
1136 1559 1209 1634 mil.
1234 1558 1315 1657 plus
1340 1559 1404 1632 mi·

179 1698 247 1747 uus
272 1677 341 1749 VII
367 1687 529 1752 coerente
554 1676 622 1751 sibi
646 1675 690 1751 ab
715 1700 787 1751 uno
810 1675 922 1750 latere
944 1675 1054 1749 fundo
1071 1672 1249 1761 canneolo,
1266 1671 1311 1747 ab
1333 1671 1404 1746 alio

179 1786 297 1862 casale
315 1787 514 1880 miliari010‚
531 1816 552 1864 a
569 1791 674 1866 tertio
699 1789 816 1866 casale
833 1788 1008 1876 Faustini,
1033 1787 1123 1862 iuris
1148 1790 1314 1863 Romanae
1338 1810 1404 1861 aeo-

147 1932 164 1958 0-
179 1899 307 1990 olesiae,
326 1928 369 1977 ox
382 1927 524 2001 corpore
541 1904 745 2002 patrimonii
766 1902 962 1978 suburbani
981 1902 1131 1988 Tusoiae,
1148 1909 1318 1998 proestant
1342 1923 1405 1973 an-

177 2037 259 2087 nuae
270 2040 292 2084 u
306 2002 385 2088 adri
399 2016 535 2092 solidos,
553 2018 650 2092 Idem
667 2018 704 2092 in
718 2018 849 2092 eodem.
866 2015 1051 2092 Gennadio
1063 2015 1207 2089 tribuno
1224 2024 1260 2087 et
1273 2012 1403 2102 Ludite,

177 2137 276 2203 etex
293 2153 414 2204 eorum
439 2130 606 2228 amplexu
624 2131 708 2205 filiis
724 2157 766 2206 ao
793 2128 979 2227 nepotibus
1001 2129 1154 2202 fundum
1173 2126 1401 2211 Poroiannm,

178 2248 214 2315 et
230 2243 460 2332 Leonianum,
476 2254 513 2318 et
530 2244 681 2319 fundum
708 2246 916 2332 Greoorum,
941 2252 977 2317 ot
993 2241 1230 2330 Tutitianum
1246 2240 1308 2314 via
1326 2239 1405 2315 Clo·

180 2353 346 2443 dia‚mill.
356 2357 437 2454 plus
447 2356 566 2432 minus
576 2361 682 2434 VIIII
692 2383 736 2433 ex
749 2381 892 2457 corpore
901 2355 1106 2455 patrimonii
1117 2355 1255 2430 Tusoiae
1264 2353 1402 2427 crrauri

179 2467 316 2545 solidos.
340 2471 437 2546 Idem
458 2470 497 2545 in
523 2472 652 2547 eodem.
679 2471 846 2547 Stodiosae
874 2469 1040 2555 tribunae,
1059 2493 1123 2544 seu
1145 2472 1250 2544 Petro
1275 2466 1405 2563 iugali·

180 2579 247 2655 bus
264 2582 466 2683 eisdemque
484 2587 582 2660 Petri
595 2585 680 2659 filiis
697 2595 734 2661 et
750 2584 939 2684 nepotibus
955 2583 1106 2657 fundum
1131 2582 1308 2671 Serrulas,
1324 2581 1403 2656 fun·

180 2697 265 2771 dum
285 2697 518 2787 Sisinianum,
540 2724 584 2773 ex
600 2723 742 2798 corpore
761 2723 877 2773 masse
895 2696 1041 2784 Silanis
1065 2695 1277 2794 patrimonio
1301 2694 1405 2769 Lavi·

182 2835 280 2899 cano,
298 2822 469 2907 praestant
484 2837 603 2888 annue
620 2839 692 2886 aus
715 2839 740 2886 x
757 2812 837 2888 auri
855 2810 993 2885 solidos.
1010 2810 1109 2884 Idem
1126 2809 1165 2883 in
1182 2809 1313 2885 eodem.
1330 2813 1404 2882 An·

183 2949 238 2998 nae
264 2924 450 3022 religiosae,
468 2936 504 3002 et
525 2925 608 3002 aliis
633 2926 773 3001 duabus
797 2925 955 3026 personis
980 2923 1132 2997 fundum
1158 2921 1301 3017 argenti
1326 2946 1405 2997 ver-

181 3035 339 3128 ulanum,
363 3041 606 3136 Lugeranum
632 3038 919 3126 collibertorum,
944 3035 1170 3122 Toleranum
1194 3043 1404 3132 prestantes

180 3175 206 3224 ιι
224 3153 304 3225 auri
321 3151 460 3243 solidor,
472 3164 509 3227 et
526 3153 676 3228 fundum
695 3152 805 3228 Truoi
823 3150 1131 3224 'Irasissessannm
1156 3157 1193 3223 et
1210 3145 1404 3222 Possessio·

181 3288 280 3351 num,
297 3275 507 3365 prestantes
524 3286 549 3334 a
571 3265 650 3339 auri
676 3263 803 3338 solidos
821 3285 1025 3359 excerpere
1051 3287 1176 3335 massae
1193 3259 1403 3335 Sabinensis

179 3377 239 3449 ria
254 3378 439 3469 tiburtina,
453 3379 540 3454 mill.
549 3379 594 3453 ab
606 3378 693 3454 urbe
706 3376 788 3477 plus
802 3375 924 3448 minus
936 3378 973 3449 X
985 3399 1030 3448 ex
1041 3396 1184 3471 corpore
1198 3371 1402 3471 patrimonii

181 3488 357 3565 tiburtini.
373 3492 471 3567 Idem
489 3491 527 3566 in
545 3492 666 3567 eodem
685 3489 849 3566 Heraclio
875 3488 1060 3588 praeposito
1076 3487 1237 3586 coquinae
1255 3485 1404 3561 domini·

180 3627 232 3676 cre
256 3604 407 3678 fundum
433 3605 592 3681 Casasiri
616 3630 661 3679 ex
681 3627 823 3701 corpore
847 3627 971 3676 massae
987 3624 1051 3703 pro
1067 3600 1180 3688 cultu,
1197 3599 1402 3697 patrimonii

181 3714 363 3805 barisani,
385 3727 530 3816 praestat
543 3775 659 3792 ......
671 3717 751 3790 auri
777 3716 914 3792 solidos.
930 3715 1028 3790 Idem
1046 3715 1084 3787 in
1102 3712 1233 3789 eodem.
1250 3712 1402 3788 Gemulo

181 3827 300 3918 militi,
317 3829 678 3920 fundum'biauriois,
702 3829 855 3905 fundum
873 3829 933 3902 via
954 3852 1058 3917 nova,
1082 3828 1142 3901 via
1167 3824 1401 3912 Praenestina,

181 3939 269 4015 mill.
286 3942 367 4041 plus
382 3943 501 4017 minus
517 3945 631 4034 VIIII,
644 3965 687 4016 ex
700 3965 842 4041 corpore
856 3967 982 4016 massae
995 3941 1219 4014 Varvariane
1237 3938 1403 4038 patrimo·

181 4052 281 4129 nium
296 4055 460 4130 Livicani
477 4065 648 4154 praestant
665 4078 734 4129 aru
749 4056 830 4131 auri
847 4053 985 4129 solidos.
998 4053 1095 4127 Idem
1111 4054 1150 4126 in
1167 4052 1298 4128 eodem.
1310 4052 1402 4128 Care

182 4166 382 4264 Religiosae‚
393 4168 567 4244 coloniam
580 4193 659 4266 quaa
675 4168 808 4244 dieitur
820 4169 954 4244 Pofinis
970 4169 1030 4242 via
1048 4168 1131 4257 lata,
1144 4166 1232 4240 mill.
1252 4167 1296 4241 ab
1314 4166 1401 4242 urbe

181 4280 262 4376 plus
281 4281 399 4355 minus
416 4284 488 4356 XII
504 4293 582 4380 post
598 4281 758 4357 absidam
774 4281 931 4356 basiliere
948 4280 1065 4356 sancti
1083 4279 1181 4354 Petri
1199 4280 1294 4353 intra
1311 4304 1403 4354 mas·

181 4419 256 4465 sam
277 4394 430 4468 Marulis
456 4405 601 4492 praestat
624 4421 661 4468 rar
686 4393 765 4469 auri
790 4392 929 4467 solidos.
946 4396 1036 4468 Item
1063 4392 1099 4466 in
1126 4393 1258 4468 eodem.
1274 4397 1403 4467 Eusta-

180 4507 256 4583 thio
268 4504 488 4606 presbytero,
502 4508 755 4583 monasterinm
769 4508 884 4582 sancti
895 4507 1042 4583 Martini
1053 4507 1164 4582 situm
1179 4509 1216 4582 in
1227 4510 1402 4583 Surrento
