3608 5498
809 392 1003 455 -108-

293 513 469 610 synodum
496 522 774 610 perscrutantes,
791 514 834 588 de
861 513 1034 612 Adelphio
1051 524 1087 589 et
1113 514 1228 589 Sabba
1245 527 1281 589 et
1297 517 1438 592 ceteris
1455 518 1519 616 qui

293 624 369 701 illic
386 626 557 700 diruntur
574 651 651 702 esse
668 627 862 724 dampnati,
879 629 1023 704 omnino
1040 629 1131 703 nihil
1157 629 1366 705 invenimus
1382 639 1419 705 et
1435 631 1519 706 esti·

293 764 433 813 mamus
459 740 543 838 quia
576 741 672 814 sieut
705 739 980 817 Calcedonensis
1013 743 1171 840 synodus
1204 743 1242 817 in
1276 768 1348 818 uno
1372 744 1448 821 loco
1472 745 1519 820 ab

293 853 444 928 ecclesia
469 855 861 952 Constantinopolitano
880 854 1008 929 falsata
1030 866 1095 942 est,
1111 856 1164 931 sio
1180 855 1317 954 aliquid
1334 857 1407 932 tale
1424 868 1461 933 et
1479 859 1516 932 in

293 967 469 1064 Ilphesina
501 968 622 1042 sinodo
650 968 785 1044 factum
813 994 899 1042 esse.
926 970 1068 1044 Caritas
1092 994 1179 1067 ergo
1205 980 1324 1045 vestra
1354 982 1518 1048 vetustos

292 1080 435 1154 omnino
459 1081 597 1156 codices
629 1081 787 1156 eiusdem
822 1083 936 1157 sinodi
971 1084 1129 1183 requirat
1158 1095 1193 1159 et
1226 1084 1302 1158 illie
1332 1084 1452 1161 videat
1486 1085 1517 1160 si

293 1197 378 1293 quid
405 1196 475 1270 tale
503 1196 698 1286 invenitur,
725 1197 883 1297 mihique
908 1198 1006 1273 hunc
1023 1198 1179 1274 codicem
1202 1223 1309 1297 quem
1336 1199 1519 1276 invenerit

294 1311 515 1384 transmittat
539 1321 575 1384 et
600 1311 702 1385 novis
727 1312 907 1386 codicibus
925 1310 1056 1408 passim
1074 1335 1145 1387 non
1162 1312 1293 1387 credat.
1311 1316 1366 1386 Ex
1389 1337 1460 1411 qua
1478 1338 1518 1390 ro
1628 1403 1633 1412 ι

293 1424 423 1498 dubius
449 1424 566 1500 sactus
592 1452 672 1498 sum
698 1436 734 1501 et
759 1425 850 1498 nihil
868 1424 986 1500 adhuc
1004 1423 1102 1498 volui
1121 1425 1163 1499 de
1180 1424 1249 1500 hac
1266 1450 1375 1500 eausa
1392 1425 1519 1523 praedi-

294 1546 352 1612 cto
369 1537 471 1610 fratri
499 1562 575 1613 meo
593 1537 742 1611 Iohanni
761 1538 926 1614 scribere.
945 1540 1092 1612 Romani
1111 1551 1231 1615 autem
1248 1541 1386 1617 codices
1404 1540 1518 1616 multo

297 1651 454 1725 veriores
472 1661 558 1724 sunt
575 1675 682 1747 qnam
701 1650 817 1725 Graeci
836 1651 920 1748 qnia
938 1661 1057 1726 vestra
1075 1653 1170 1728 sicut
1187 1677 1254 1728 nec
1270 1653 1449 1742 acumina,
1466 1653 1519 1728 ita

293 1789 359 1839 noc
384 1765 600 1862 imposturas
624 1763 807 1837 habemus.

878 1907 941 1992 (lh.

390 2108 588 2204 Gregorius
602 2106 750 2182 Iohanni
764 2107 925 2205 episeopo
938 2108 1154 2184 Siracusano
1167 2108 1516 2183 intercessorem

292 2223 335 2298 de
354 2220 747 2318 Constantinopolitano
765 2220 926 2307 ecclesia,
939 2220 1033 2318 quod
1046 2221 1171 2296 dicunt
1188 2221 1270 2321 quis
1282 2246 1361 2297 eam
1378 2221 1518 2297 dubitet

293 2338 374 2412 Sedi
395 2334 605 2434 Apostolicae
630 2359 707 2409 esse
732 2333 958 2409 subiectam?
983 2336 1083 2423 Quod
1100 2345 1137 2410 et
1158 2335 1341 2432 piissimus
1366 2335 1518 2410 domnus

292 2453 488 2547 Imperator
506 2460 541 2523 et
559 2449 670 2521 irater
683 2456 802 2520 noster
815 2447 971 2522 eiusdem
991 2446 1152 2521 civitatis
1168 2446 1361 2544 Episcopus
1373 2446 1516 2521 assidue

294 2566 515 2661 profitentur.
541 2565 674 2636 Tamen
700 2560 730 2633 si
748 2561 833 2659 quid
851 2560 933 2633 honi
960 2559 1017 2634 vel
1042 2560 1119 2656 ipsa
1144 2559 1202 2634 vel
1226 2560 1338 2634 altera
1363 2559 1516 2635 ecclesia

292 2677 410 2764 habet,
434 2699 502 2772 ego
527 2675 681 2749 minores
707 2698 801 2749 meos
826 2697 913 2772 quos
930 2672 974 2746 ab
996 2672 1134 2747 illicitis
1159 2672 1335 2769 prohibeo,
1360 2671 1396 2744 in
1415 2671 1518 2746 honis

292 2789 427 2863 imitari
461 2798 608 2886 paratus
633 2812 722 2860 sum.
758 2786 918 2860 Stultum
952 2786 1122 2884 estquod
1154 2785 1193 2858 in
1223 2810 1263 2860 eo
1296 2810 1333 2860 se
1357 2784 1517 2882 primum

291 2903 446 2992 estimat,
464 2912 504 2977 ut
526 2902 616 2976 bona
633 2925 713 3000 quae
738 2901 829 2975 vidit
856 2901 992 2975 discere
1017 2908 1253 2997 contempnat.
1278 2899 1376 2974 Idem
1401 2898 1516 2974 eidem

291 3015 386 3090 inter
410 3027 538 3090 cetera.
563 3019 656 3088 Nam
682 3014 773 3112 quod
800 3013 932 3111 primas
957 3011 1144 3086 Bizacenis
1169 3036 1206 3086 se
1233 3011 1317 3087 Sodi
1341 3009 1517 3107 Apostoli·

290 3154 342 3204 cre
365 3129 455 3205 dicit
479 3129 606 3216 subici,
631 3127 661 3202 si
688 3152 759 3225 qua
783 3127 890 3224 eulpa
915 3128 953 3201 in
980 3127 1163 3225 Episcopis
1188 3126 1375 3201 invenitur
1392 3124 1515 3200 nescio

291 3243 354 3342 qui
372 3244 405 3318 ei
424 3244 654 3319 subiecturus
671 3267 741 3317 non
759 3243 816 3317 sit.
834 3243 926 3317 Cum
942 3263 1029 3315 vero
1045 3238 1152 3336 culpa
1169 3262 1240 3314 non
1253 3238 1376 3335 exegit
1391 3261 1516 3312 omnes

289 3357 488 3431 secundum
514 3356 688 3431 rationem
713 3355 931 3430 humilitatis
947 3352 1091 3452 equales
1116 3377 1242 3426 sumus
1259 3351 1515 3442 intercaetera.

866 3580 947 3665 onl.

385 3811 584 3906 Gregorius
609 3815 778 3908 Martyno
795 3809 981 3887 scolastico
998 3808 1093 3883 inter
1118 3816 1256 3883 caetera.
1275 3807 1368 3881 Illud
1393 3815 1513 3882 tamen

289 3923 391 3998 nohis
408 3924 551 3998 omnino
565 3924 729 4021 displicet
747 3925 839 4022 quod
857 3921 996 4022 aliquos
1013 3922 1266 4020 Episcoporum
1284 3921 1361 3996 sine
1379 3921 1517 3996 Prima·

290 4036 338 4110 tis
352 4038 408 4111 sui
427 4036 585 4134 epistolis
602 4037 646 4111 ad
664 4037 872 4112 comitatum
892 4036 1066 4135 proiectos
1084 4061 1159 4110 esse
1178 4035 1237 4110 vel
1253 4044 1453 4110 conventus
1469 4034 1516 4108 si·

287 4150 441 4245 gniheas
458 4142 603 4225 illicitos
619 4150 809 4226 celebrare.
827 4151 896 4225 Sed
913 4149 997 4248 qnia
1015 4150 1110 4225 sicut
1127 4148 1265 4246 praelati
1287 4174 1414 4222 sumus
1430 4173 1515 4223 oau-

289 4290 409 4357 sarum
424 4264 527 4359 origo
539 4265 599 4340 vel
611 4264 767 4362 qualitas
780 4263 923 4338 omnino
937 4263 1037 4337 nobis
1055 4265 1179 4358 ignota
1196 4273 1262 4352 est,
1280 4263 1514 4360 pronuntiare

285 4378 423 4475 aliquid
439 4378 624 4453 definitive
641 4404 710 4453 non
730 4401 928 4476 possumus,
942 4403 986 4452 ne
1000 4377 1092 4474 quod
1107 4376 1385 4475 reprehensibile
1402 4376 1514 4476 nimis

287 4500 342 4567 est
358 4491 400 4565 de
419 4490 525 4566 rebus
542 4513 611 4565 uon
629 4491 719 4568 hene
732 4490 890 4588 cognitis
904 4491 1120 4566 sententiam
1139 4491 1296 4589 prolerre
1314 4491 1513 4566 videamur.
