3608 5498
814 437 987 496 ...79-

790 671 1016 756 LXXXVIII.

384 903 479 977 Idem
500 901 700 976 Alexandro
716 900 897 998 Episcopo.
915 900 1086 976 Arrianos
1104 910 1274 997 praeterea
1291 910 1508 997 caeterasque

290 1014 493 1091 huiusmodi
507 1025 623 1111 pestes
635 1013 719 1112 quia
733 1035 853 1087 eorum
869 1012 979 1088 laicos
991 1013 1232 1088 conversosad
1242 1014 1431 1086 Dominum
1443 1013 1511 1086 sub

289 1131 448 1227 imagine
474 1128 699 1228 paenitentia,
717 1153 759 1203 ac
784 1126 900 1201 saneti
927 1125 1083 1223 Spiritus
1108 1125 1426 1202 sanctificationem
1449 1150 1510 1222 per

291 1271 418 1319 manns
435 1243 695 1341 impositionem
714 1242 943 1341 suscipimus,
962 1261 1031 1313 non
1049 1238 1193 1315 videtur
1215 1239 1363 1314 elericos
1388 1263 1509 1313 eorum

290 1355 747 1433 sacerdotiiautministerii
757 1354 958 1451 cuiuspiam
968 1352 1149 1449 suscipere
1158 1351 1508 1447 dignitatemQuam

289 1471 420 1568 quibus
437 1468 552 1543 solum
569 1468 744 1566 baptisma
763 1478 881 1541 ratum
899 1492 976 1541 esse
994 1467 1247 1564 permittimus,
1268 1468 1360 1565 quod
1387 1467 1511 1564 utique

293 1582 330 1654 in
347 1581 490 1656 nomine
509 1580 627 1653 Patris
644 1591 681 1654 et
698 1579 781 1653 Filii
795 1591 831 1655 et
844 1581 1001 1679 Spiritus
1015 1581 1132 1656 saneti
1146 1583 1341 1678 perficitur,
1354 1606 1421 1656 nec
1435 1581 1513 1679 Spi-

293 1695 402 1768 ritum
420 1704 584 1769 sanetum
603 1716 661 1768 eos
677 1693 807 1768 habere
825 1719 869 1769 ex
881 1694 942 1770 illo
955 1695 1169 1793 baptismate
1182 1696 1326 1793 illisque
1340 1695 1510 1771 misteriis

290 1807 518 1896 arbitramur,
534 1809 700 1904 quoniam
719 1833 802 1882 cum
821 1834 841 1881 a
859 1809 1036 1884 catholica
1054 1811 1122 1885 fide
1139 1834 1261 1885 eorum
1277 1820 1441 1885 auctores
1453 1811 1512 1884 de-

292 1922 497 2010 sciscerent,
515 1922 765 2020 perfectionem
783 1923 940 2021 Spiritus
957 1947 1063 2020 quam
1077 1932 1291 2020 acceperant
1303 1923 1512 1997 amiserunt.

295 2038 370 2110 Nec
383 2035 467 2109 dare
480 2036 533 2109 eis
547 2035 803 2133 plenitudinem
818 2046 965 2133 possunt
978 2059 1056 2133 quae
1070 2030 1222 2112 maxime
1236 2037 1273 2109 in
1286 2037 1513 2111 ordinationi-

291 2148 358 2221 bus
370 2157 547 2245 operatur,
560 2172 666 2245 quam
686 2173 747 2246 per
764 2135 959 2247 impietatis
977 2175 1051 2224 suae
1069 2151 1251 2248 perfidiam
1269 2152 1511 2249 potiusquam

292 2262 395 2335 fidem
414 2259 563 2335 dixerim
581 2262 774 2357 perdidere.
792 2264 970 2350 Quomodo
987 2288 1073 2360 ergo
1091 2266 1167 2340 fieri
1185 2275 1299 2364 potest
1325 2278 1366 2346 ut
1390 2289 1511 2340 eorum

294 2373 489 2471 prophanos
507 2359 706 2448 sacerdotes
723 2375 852 2471 dignos
869 2376 1005 2452 Christi
1023 2377 1216 2454 honoribus
1233 2380 1479 2454 arbitremur?

783 2606 1027 2691 LXXXVIIII.

388 2831 484 2905 Idem
502 2831 628 2928 Rupho
645 2842 680 2906 et
697 2832 850 2907 Eusebio
866 2842 901 2908 et
918 2834 1048 2908 ceteris
1067 2834 1260 2932 Episcopis.
1277 2838 1351 2909 Nos
1373 2836 1515 2909 damna-

297 2972 375 3019 mus
391 2945 436 3019 ab
454 2945 620 3020 hereticis
637 2945 816 3019 ordinatos
833 2945 1064 3021 vulneratum
1087 2971 1149 3044 per
1173 2946 1273 3020 illam
1299 2974 1428 3021 manus
1453 2949 1517 3022 im·

297 3059 502 3157 positionem
522 3059 626 3133 abero
644 3068 761 3156 eaput.
779 3060 848 3135 Ubi
866 3059 1001 3135 vulnus
1019 3060 1167 3134 infixum
1187 3071 1252 3150 est,
1270 3062 1444 3137 medicina
1462 3074 1516 3137 est

297 3172 496 3246 adhibenda
512 3195 584 3269 qua
597 3160 788 3246 sanitatem
803 3171 960 3268 recipiat.
975 3176 1061 3260 Quae
1075 3174 1210 3248 sanitas
1223 3184 1301 3272 post
1313 3174 1449 3248 vulnus
1465 3201 1517 3250 se·

296 3295 381 3359 cuta
397 3283 475 3358 sine
492 3283 660 3359 cicatrice
676 3309 753 3360 esse
770 3308 840 3359 non
859 3287 995 3383 poterit.
1014 3292 1132 3384 Atque
1151 3286 1212 3360 ubi
1235 3287 1439 3385 penitentiae
1466 3314 1517 3363 re·

298 3397 451 3472 medium
472 3398 713 3473 necessarium
740 3408 795 3473 est
819 3398 894 3473 illic
917 3399 1150 3474 ordinationis
1170 3409 1292 3475 oneret
1312 3399 1439 3475 Iocum.
1457 3407 1519 3474 At·

298 3535 365 3608 que
383 3511 510 3586 habere
527 3534 597 3584 non
615 3535 725 3608 posse.
742 3515 834 3586 Nam
855 3513 885 3585 si
903 3522 944 3584 ut
962 3511 1100 3606 legitur
1112 3513 1174 3610 qui
1188 3512 1350 3608 tetigerit
1364 3515 1516 3588 immun-

299 3625 382 3697 dum
402 3623 610 3696 immundus
627 3622 705 3711 erit,
723 3624 893 3720 quomodo
909 3624 942 3698 ei
960 3624 1139 3698 tribuetur
1156 3625 1218 3722 qui
1236 3625 1413 3699 munditia
1430 3627 1519 3702 solet

298 3737 485 3834 accipere?
502 3735 569 3811 Sed
586 3747 709 3811 eontra
726 3738 899 3811 asseritur
916 3764 998 3813 eum
1013 3740 1074 3838 qui
1089 3739 1258 3815 honorem
1271 3741 1404 3829 amisit
1415 3741 1519 3816 hono·

300 3873 374 3923 rem
392 3850 475 3924 dare
492 3872 562 3923 non
581 3875 690 3947 posse.
703 3854 778 3924 Nec
792 3850 895 3924 illum
914 3852 1050 3949 aliquid
1067 3852 1258 3951 accepisse,
1273 3853 1357 3951 quia
1374 3853 1467 3926 nihil
1481 3856 1520 3927 in

299 3949 404 4037 dante
421 3972 508 4052 erat,
525 3965 616 4062 quod
633 3964 693 4038 ille
712 3975 827 4059 posset
844 3965 1017 4063 accipere.
1036 3973 1089 4041 Ac
1106 3990 1176 4064 que
1194 3966 1329 4041 scimus
1341 3976 1378 4039 et
1390 3989 1519 4041 verum

300 4086 354 4151 est
370 4077 454 4173 quia
471 4078 562 4174 quod
580 4101 649 4151 non
668 4076 794 4152 habuit
810 4078 893 4152 dare
911 4101 982 4151 non
999 4079 1122 4176 potuit.
1142 4078 1436 4176 Dampnationem
1452 4079 1520 4152 uti·

301 4215 369 4287 qne
385 4214 493 4287 quam
510 4190 637 4265 habuit
652 4215 714 4288 per
732 4216 879 4289 pravam
906 4216 1034 4266 manus
1058 4193 1318 4290 impositIonem
1345 4190 1452 4266 dedit.
1476 4196 1521 4268 Et

301 4302 364 4400 qui
381 4302 557 4400 particeps
574 4304 692 4378 factus
709 4314 764 4379 est
785 4303 1047 4401 dampnationis
1072 4306 1243 4402 quomodo
1267 4303 1391 4379 debeat
1416 4303 1521 4378 hono-

303 4440 376 4488 rem
394 4415 553 4513 accipere
573 4417 737 4491 invenire
754 4439 824 4490 non
842 4438 994 4514 possum.
