3608 5498
798 405 993 469 -loo-

214 602 219 615 ,
286 533 458 631 Episcopo
474 529 687 626 cognomine
705 528 905 604 Benedieto.
922 531 969 603 Et
986 528 1091 602 inira.
1118 531 1253 602 Verum
1279 527 1322 602 de
1343 526 1510 602 omnibus

287 673 376 746 pene
393 645 549 722 eiusdem
568 643 762 741 provinciae
778 642 1005 717 monasteriis
1028 642 1073 716 ad
1098 641 1316 716 audiendum
1341 641 1507 717 eumdem

285 762 479 836 Iohannem
496 759 558 858 qui
577 757 745 834 cantandi
763 768 867 832 erent
883 755 989 854 periti
1007 754 1242 831 confluebant.
1256 755 1325 829 Sed
1342 765 1379 830 et
1390 754 1510 853 ipsum

289 899 352 973 per
369 875 446 951 loca
462 875 501 948 in
518 873 647 971 quibus
668 872 820 961 doceret,
841 869 945 944 multi
968 870 1122 946 invitare
1140 870 1325 947 curabant.
1346 873 1427 967 Ipse
1447 894 1510 943 au·

289 1000 361 1065 tem
380 997 525 1085 excepto
542 985 712 1062 cantandi
730 984 787 1060 vel
805 983 948 1081 legendi
966 1010 1125 1075 munere,
1142 995 1179 1060 et
1194 983 1293 1058 aliud
1311 984 1349 1059 in
1367 982 1512 1058 manda-

287 1103 335 1177 tis
351 1102 396 1176 ab
413 1100 614 1199 Apostolico
631 1102 726 1196 Papa
743 1107 940 1196 acceperat,
957 1108 998 1173 ut
1014 1098 1120 1174 euius
1144 1108 1239 1174 esset
1262 1097 1344 1174 fidei
1371 1096 1508 1193 Anglo

289 1241 368 1290 rum
387 1213 539 1290 ecclesia
555 1212 748 1308 diligenter
763 1210 947 1288 edisceret.
964 1215 1181 1311 Romamque
1198 1213 1338 1289 rediens
1351 1212 1510 1288 referret.

818 1405 979 1490 noxii.

414 1612 508 1665 Idem
525 1612 558 1662 in
577 1608 780 1676 expositione
798 1609 966 1674 Evangelii
986 1608 1167 1662 seeundum
1184 1611 1385 1666 Matthaeum.

385 1784 456 1870 Qui
473 1786 608 1878 Regem
625 1780 782 1856 celorum
802 1780 926 1855 maiori
943 1806 1016 1879 prae
1038 1783 1177 1858 caeteris
1201 1784 1406 1859 devotiones
1430 1805 1513 1858 con·

290 1897 405 1972 fessus
422 1904 487 1984 est,
504 1895 630 1970 merito
647 1919 719 1992 prae
734 1893 874 1970 esteris
891 1895 966 1993 ipse
982 1895 1122 1971 collatis
1139 1896 1303 1974 clavibus
1325 1897 1431 1994 regni
1456 1920 1512 1972 ee-

289 2010 390 2086 lestis
407 2009 558 2085 donatus
574 2019 639 2097 est,
656 2018 697 2082 ut
714 2017 894 2084 constaret
910 2010 1085 2100 omnibus
1103 2012 1165 2109 qui
1182 2012 1315 2111 absque
1329 2027 1374 2087 'ea
1391 2011 1458 2087 lide
1476 2018 1514 2086 et

290 2122 509 2199 confessione
527 2146 679 2219 regnum
693 2121 863 2198 caelorum
876 2123 1000 2197 nullus
1013 2135 1130 2222 posset
1143 2128 1288 2200 intrare.
1302 2125 1433 2201 Claves
1451 2148 1514 2196 au·

289 2248 362 2314 tem
378 2236 481 2333 regni
495 2235 664 2311 eaelorum
679 2235 755 2334 ipsa
768 2236 993 2312 discernendi
1010 2238 1161 2313 seientia
1175 2239 1440 2338 potentiamque
1453 2259 1515 2311 uo·

290 2353 415 2441 minat,
439 2375 510 2449 qua
527 2351 655 2446 dignos
673 2349 846 2448 reciperet
867 2351 904 2423 in
930 2374 1096 2446 regnum,
1113 2362 1150 2428 et
1168 2352 1338 2448 indignos
1357 2350 1514 2427 seelude·

291 2493 329 2542 re
346 2466 457 2542 debet.
474 2469 521 2540 Et
537 2465 641 2539 infra.
660 2463 833 2538 Omnibus
851 2463 1029 2561 Apostolis
1054 2475 1089 2540 et
1115 2464 1286 2540 Ecclesia
1311 2464 1513 2541 rectoribus

290 2579 428 2676 ligandi
446 2588 483 2654 et
499 2577 658 2653 solvendi
675 2604 697 2652 a
715 2577 864 2652 Domino
880 2576 961 2651 data
974 2587 1029 2652 est
1041 2578 1246 2652 auctoritas
1260 2578 1330 2653 Sed
1343 2578 1420 2653 ideo
1432 2577 1514 2654 bea·

168 2774 173 2782 ,
289 2702 349 2767 tus
368 2696 497 2768 Petrus
513 2691 716 2790 specialiter
732 2690 853 2767 claves
871 2690 976 2787 regni
994 2690 1151 2767 celorum
1169 2701 1205 2767 et
1229 2691 1355 2767 iudicii
1382 2690 1513 2790 princi·

291 2816 414 2904 patum
432 2805 581 2902 accepit,
597 2815 638 2880 ut
654 2828 777 2879 omnes
789 2828 852 2902 per
863 2804 983 2880 orbem
997 2807 1182 2881 credentes
1195 2805 1415 2902 intelligant,
1428 2805 1514 2903 quia

291 2919 509 3018 quicumque
527 2919 572 2994 ab
588 2918 727 2993 unitate
745 2917 825 2992 fidei
843 2916 902 2992 vel
920 2919 1101 2994 societatis
1119 2919 1219 2993 illius
1236 2918 1394 3017 quolibet
1413 2920 1514 2995 modo

290 3032 497 3130 semetipsos
510 3040 718 3129 segregant,
730 3031 821 3107 tales
834 3055 900 3106 nee
915 3031 1071 3107 vinculis
1084 3042 1312 3130 peecatorum
1325 3031 1427 3122 solvi,
1445 3056 1514 3108 nee

291 3146 437 3220 ianuam
454 3157 603 3244 possunt
621 3146 726 3243 regni
743 3146 912 3222 caelorum
929 3145 1082 3242 ingredi.

814 3347 995 3432 ccxxxi.

286 3552 334 3602 Ex
345 3553 447 3616 gestis
459 3552 490 3604 S.
502 3547 652 3603 Bonifatii
664 3550 815 3616 Martyris
829 3550 863 3604 et
874 3549 1119 3614 archiepiscopi
1129 3550 1245 3615 Legati
1253 3553 1346 3605 Rom.
1357 3551 1522 3604 Ecclesiae.

388 3714 522 3787 Sancta
550 3715 712 3786 Romana
743 3722 780 3788 et
809 3712 1013 3810 Apostolica
1038 3709 1200 3786 Ecclesia
1226 3711 1417 3811 privilegio
1442 3737 1518 3811 spe-

293 3824 377 3900 ciali
394 3835 430 3899 et
447 3824 673 3900 auctoritatis
689 3824 866 3899 divinitus
883 3835 920 3901 et
936 3824 1147 3900 humanitus
1164 3836 1273 3924 caput
1284 3826 1444 3900 omnium
1462 3850 1518 3902 ec·

293 3937 484 4014 elesiarum
505 3961 566 4036 per
585 3937 771 4013 Christum
789 3937 933 4013 Ihesum
959 3938 1096 4027 effecta,
1120 3940 1318 4014 seeundum
1343 3939 1518 4014 antistitis

292 4052 352 4127 vel
369 4051 517 4127 rectoris
534 4051 590 4125 sui
608 4051 817 4149 qualitatem
835 4062 871 4127 et
890 4050 1129 4126 valitudinem
1154 4052 1266 4128 afficit
1283 4052 1397 4127 totius·
1415 4052 1519 4128 Chri·

293 4164 490 4239 stianitatis
506 4164 676 4254 membra,
693 4175 735 4239 ut
751 4164 852 4239 illius
869 4164 1108 4240 incolumitati
1127 4189 1192 4238 sua
1211 4165 1445 4263 respondeant
1462 4166 1518 4240 in·

294 4274 502 4351 columitate
523 4285 560 4350 et
578 4275 841 4373 congaudeant,
861 4287 897 4351 et
919 4277 1151 4352 nihilominus
1177 4278 1256 4353 eius
1280 4278 1519 4375 languoribus

294 4410 359 4462 suo
373 4388 547 4484 languore
561 4389 795 4464 consentiant
810 4391 857 4463 Et
869 4391 964 4467 sicut
976 4390 1055 4465 eius
1067 4390 1183 4488 gloria
1196 4391 1297 4467 iuxta
1311 4392 1519 4490 Apostolum

294 4501 624 4597 conglorificemur,
640 4503 694 4579 sie
711 4502 790 4578 eius
806 4502 1001 4579 deiectione
1018 4502 1233 4593 deiciuntur,
1247 4503 1394 4580 utillud
1406 4505 1519 4603 profe·
