3608 5498
1004 619 1082 703 XV.

895 818 932 869 In
949 815 1022 870 eod.
1043 828 1114 882 cap.
1135 818 1192 870 111.

529 988 723 1087 Presbyter
740 1013 822 1064 cum
846 988 1042 1077 ordinatur,
1068 990 1240 1089 Episcopo
1258 1015 1340 1065 eum
1363 978 1593 1065 benedicente
1617 998 1654 1063 et

432 1128 561 1177 manus
578 1128 684 1201 super
701 1112 809 1201 caput
827 1103 906 1178 eius
923 1112 1079 1193 tenente,
1097 1104 1206 1179 etiam
1224 1127 1348 1178 omnes
1366 1102 1567 1201 presbyteri
1592 1101 1654 1200 qui

432 1226 626 1315 praesentes
639 1228 725 1291 sunt
738 1243 867 1292 manus
880 1244 965 1291 suas
978 1217 1078 1292 iuxta
1092 1242 1239 1290 manum
1249 1215 1415 1314 Episcopi
1428 1238 1534 1313 super
1546 1223 1655 1312 caput

431 1332 463 1406 ei
482 1342 624 1430 ponant.
641 1334 683 1406 Iu
702 1332 821 1407 eodem
841 1358 916 1430 cap.
934 1335 1014 1407 IIII.
1032 1330 1213 1405 Diaconus
1239 1354 1322 1408 cum
1349 1328 1534 1402 ordinatur
1557 1326 1655 1401 solus

432 1444 629 1542 Episcopus
650 1444 711 1543 qui
729 1470 812 1520 eum
830 1444 1009 1520 benedicit
1026 1468 1155 1516 manus
1173 1467 1279 1543 super
1296 1452 1405 1540 caput
1421 1441 1521 1515 illius
1538 1452 1655 1538 ponat,

430 1557 514 1656 quia
528 1582 599 1633 non
612 1557 656 1631 ad
670 1558 921 1650 sacerdotium,
934 1559 994 1634 sed
1007 1560 1052 1632 ad
1065 1555 1307 1630 ministerium
1322 1564 1560 1630 consecratur.
1573 1553 1655 1652 Epi·

432 1695 560 1769 scopus
576 1672 735 1770 quolibet
751 1672 828 1747 loco
847 1673 972 1749 sedens
995 1682 1089 1746 stare
1116 1670 1366 1770 presbyterum
1392 1693 1461 1744 non
1487 1668 1655 1766 patiatur.

434 1786 475 1858 In
503 1785 656 1860 ecclesia
681 1784 719 1857 in
745 1808 913 1860 consessu
940 1785 1229 1883 presbyterorum
1248 1782 1434 1858 sublimior
1454 1781 1582 1856 sedeat.
1600 1783 1656 1854 In-

432 1905 490 1976 tra
507 1897 650 1972 domum
668 1921 753 1974 uero
770 1898 946 1994 collegam
973 1923 1009 1973 se
1036 1897 1326 1996 presbyterorum
1352 1920 1429 1971 esse
1454 1902 1655 1991 cognoscat.

432 2013 474 2085 In
500 2010 682 2086 Tolletano
707 2010 868 2087 Concilio
892 2038 968 2111 cap.
985 2015 1175 2088 XXVIIII.
1193 2012 1340 2088 Diaconi
1366 2010 1592 2110 presbyteros
1617 2035 1655 2085 se

431 2122 657 2201 sublimiores
674 2134 885 2222 agnoscant,
902 2134 1029 2200 ettam
1047 2125 1085 2200 hi
1102 2151 1211 2224 quam
1228 2125 1283 2198 illi
1298 2123 1348 2198 'in
1374 2134 1524 2223 utroque
1549 2122 1655 2198 choro

431 2238 639 2315 consistant.

999 2427 1094 2511 III.

747 2624 796 2675 Ex
815 2622 948 2676 concilii
966 2619 1108 2703 Atticeni
1126 2634 1198 2688 cap.
1218 2623 1337 2674 xxm.

530 2798 579 2870 Ut
601 2793 796 2893 Episcopus
821 2795 960 2870 nullius
986 2818 1133 2870 causam
1163 2794 1287 2869 audiet
1311 2793 1442 2891 absque
1465 2794 1652 2890 praesentia

432 2906 644 2983 clericorum
662 2930 808 2981 suorum
829 2907 913 3006 quia
931 2907 1034 2981 irrita
1050 2908 1119 2983 erit
1133 2906 1310 2984 sententia
1324 2907 1488 3004 Episcopi
1502 2907 1572 2980 nisi
1586 2906 1655 2982 cle-

433 3022 589 3096 ricorum
608 3044 754 3095 suorum
772 3021 963 3118 praesentia
982 3022 1157 3096 firmetur.
1175 3019 1349 3094 Similiter
1363 3019 1543 3094 Adrianus
1557 3023 1652 3118 Papa

433 3134 478 3209 ad
496 3134 754 3232 Algilrannum
773 3135 990 3234 Episcopum
1009 3159 1085 3232 cap.
1100 3137 1164 3209 XI.
1182 3136 1272 3209 Item
1289 3133 1328 3207 in
1346 3132 1467 3208 eodem
1486 3133 1654 3209 Concilio.

433 3247 727 3347 Uniuscuiusque
744 3248 921 3324 sententia
939 3247 996 3324 vel
1013 3274 1035 3322 u
1060 3249 1226 3349 plurimis
1251 3249 1482 3324 confirmetur
1506 3248 1536 3322 si
1555 3249 1654 3325 iuxta

433 3373 498 3452 est,
516 3362 573 3439 vel
592 3362 796 3460 corrigatur
812 3364 843 3438 si
861 3363 1014 3439 iniuxta.

987 3557 1100 3641 XVII.

658 3753 707 3803 Ex
726 3751 820 3805 Cone.
840 3749 981 3823 Africani
1000 3753 1034 3806 et
1052 3752 1216 3819 Cartagin.
1237 3766 1309 3820 cap.
1329 3753 1426 3823 XL11.

530 3927 579 4000 Ut
596 3924 839 4023 penitentibus
856 3925 1052 3999 secundum
1069 3926 1305 4002 differentiam
1321 3934 1559 4023 peccatorum,
1573 3926 1654 4024 Epi-

435 4036 530 4134 scopi
548 4037 696 4112 arbitri0
713 4036 917 4136 penitentie
930 4048 1088 4135 tempore
1103 4040 1343 4116 decernantur
1360 4044 1449 4115 et‘ut
1462 4039 1655 4138 Presbyter

434 4149 636 4225 inconsulto
654 4152 826 4251 Episcopo
844 4175 913 4224 non
937 4152 1144 4228 reconciliet
1160 4154 1388 4252 penitentem,
1406 4152 1477 4226 nisi
1493 4152 1654 4228 absentia

434 4264 609 4364 Episcopi,
622 4266 834 4341 necessitate
852 4276 1013 4361 cogente,
1030 4267 1290 4364 cuiuscumque
1307 4277 1373 4340 aut
1390 4266 1654 4365 paerritententis

435 4376 619 4477 publicum
642 4388 678 4454 et
698 4379 993 4475 vulgatissimum
1019 4381 1156 4454 crimen
1178 4391 1242 4470 est,
1258 4380 1350 4479 quod
1367 4380 1572 4455 universam
1590 4404 1656 4455 aec·

435 4488 580 4564 clesiam
600 4492 843 4582 commoverit,
859 4503 942 4568 ante
960 4492 1118 4567 absidam
1137 4517 1265 4567 manus
1282 4493 1314 4568 ei
1333 4493 1571 4590 imponantur.
