3608 5498
802 362 976 427 ...72-

289 492 432 583 tequam
450 483 627 559 sententia
644 483 731 559 hinc
749 484 889 558 finitiva
907 485 1081 582 procedat.
1098 488 1190 559 Nam
1213 486 1242 559 si
1261 485 1442 563 seculares
1466 488 1505 563 iu

290 596 442 696 publicis
467 596 622 685 iudiciis,
639 596 769 672 libellis
793 607 948 672 utuntur
964 596 1217 696 appellatoriis,
1237 608 1371 697 quanto
1388 600 1508 698 magis

288 710 529 786 sacerdotibus
547 710 623 785 haec
640 712 763 786 ¹eadam
780 734 889 807 agere
906 710 992 786 licet
1007 712 1069 810 qui
1087 736 1194 810 super
1210 712 1291 787 illos
1316 723 1413 804 sunt,
1430 715 1507 812 qui·

288 825 425 923 busque
449 824 585 901 dictum
610 839 673 900 est.
697 828 776 921 Ego
799 824 873 898 dixi
896 823 946 897 dii
969 824 1065 899 estis.
1087 826 1194 901 Idem.
1215 825 1286 912 Qui
1309 836 1433 925 sponte
1462 828 1507 902 ad

289 942 483 1012 Romanam
502 937 628 1013 Sedom
646 937 867 1013 conveniunt
890 937 1067 1035 Episcopi,
1087 938 1220 1036 absque
1245 938 1321 1012 ulla
1345 941 1506 1016 custodia

291 1052 348 1128 vel
367 1051 733 1127 excommunicatione
750 1050 809 1126 vel
826 1049 1074 1148 dampnatione
1091 1050 1201 1127 libere
1215 1051 1267 1126 ire
1283 1052 1508 1129 concedatur.

831 1289 975 1372 llllllll.

384 1511 558 1582 Evsanrvs
575 1505 819 1582 dilectissimis
844 1506 1016 1581 fratribus
1042 1507 1221 1583 universis
1238 1508 1421 1608 Episcopis
1446 1534 1510 1609 per

289 1619 522 1718 Campaniam
536 1630 573 1694 ct
586 1620 763 1695 Tusciam.
772 1624 850 1695 Non
864 1628 979 1717 potest
991 1619 1134 1695 Domini
1148 1621 1268 1695 Nostri
1283 1623 1508 1720 praetermitti

288 1734 466 1810 sententia
483 1732 645 1820 dicentis,
662 1736 717 1806 Tu
734 1758 773 1809 es
790 1737 919 1808 Petrus
940 1743 977 1809 et
998 1758 1105 1832 super
1129 1733 1224 1810 hanc
1241 1744 1377 1832 petram
1403 1746 1439 1812 et
1455 1762 1510 1814 ro·

290 1848 398 1947 liqna.
427 1851 473 1922 Et
501 1846 578 1923 haec
603 1871 682 1945 qua
711 1848 806 1925 dicta
835 1858 922 1926 sunt
952 1872 1070 1923 rernm
1098 1849 1292 1946 probantur
1315 1850 1509 1926 affectibus.

290 1963 382 2050 Quia
398 1961 437 2034 in
456 1962 546 2036 Sede
564 1962 766 2060 Apostolica
791 1986 929 2061 semper
954 1973 1008 2038 ost
1033 1971 1133 2037 extra
1159 1962 1338 2038 maculam
1363 1973 1508 2038 servata

289 2076 427 2173 religio.

817 2315 978 2396 bllllllll.

383 2532 602 2608 Melchiades
619 2531 861 2608 dilectissimis
878 2530 1049 2639 fratribus
1070 2530 1250 2605 universis
1268 2531 1509 2629 Yspaniarnm

288 2646 482 2744 Episcopis.
491 2646 682 2743 Episcopos
691 2644 800 2719 nolite
810 2643 980 2733 iudicare,
988 2642 1098 2719 nolite
1107 2644 1366 2740 condempnare
1374 2644 1508 2744 absquo

288 2757 397 2832 huius
415 2759 515 2834 Sedis
531 2759 753 2834 auctoritate.
771 2758 870 2845 Quod
888 2757 919 2830 si
945 2755 1102 2832 feceritis
1126 2755 1230 2829 irrita
1254 2765 1362 2830 erunt
1386 2766 1508 2830 rastra

287 2870 422 2947 iudicia
451 2881 487 2946 ct
511 2895 575 2946 vos
599 2870 934 2959 condemnabimini,
951 2870 1016 2945 boc
1041 2869 1138 2944 enim
1165 2868 1397 2967 privilegium
1422 2868 1509 2945 huic

287 2996 421 3061 sanctas
438 2986 521 3061 Sedi
538 3011 559 3058 a
576 2986 795 3082 temporibus
813 2983 1060 3084 Apostolorum
1079 2992 1256 3057 statutum
1282 2992 1336 3058 cst
1360 2982 1509 3072 servari,

287 3100 379 3197 quod
396 3099 538 3175 illesum
557 3110 677 3174 manet
694 3125 806 3198 usque
826 3099 862 3172 in
881 3097 1064 3173 odiernum
1092 3097 1196 3173 diem.
1214 3100 1260 3170 Et
1285 3104 1363 3192 post
1384 3119 1510 3193 pauca.

288 3215 364 3288 Hoc
380 3212 613 3309 privilegium
630 3212 733 3288 beato
750 3212 936 3309 clavigero
954 3214 1059 3286 Petro
1076 3237 1141 3285 sna
1162 3211 1241 3286 vice
1260 3208 1433 3284 Dominus
1458 3232 1511 3284 so·

287 3324 465 3399 lummodo
481 3325 670 3400 commisit.
687 3326 788 3413 Quod
804 3326 882 3401 cius
911 3325 1006 3400 iuste
1031 3325 1311 3423 praerogativum
1336 3322 1510 3401 successit

288 3437 361 3512 sedi
380 3437 513 3512 suturis
529 3439 801 3514 hereditandum
819 3450 927 3538 atque
944 3440 1137 3514 tenendum
1156 3439 1384 3535 tomporibus.

838 3676 964 3760 LXXV.

384 3893 558 3971 Silvester
573 3899 668 3993 Papa
685 3896 723 3969 in
741 3895 903 3972 Concilio
917 3895 1150 3972 CCLXXVII
1164 3895 1427 3993 Episcoporum.
1440 3897 1510 3969 Ne·

289 4031 358 4105 qne
387 4006 522 4082 Prasnl
548 4033 712 4082 summus
737 4035 758 4082 a
786 4031 964 4107 quoquam
989 4010 1179 4086 iudicetur.
1205 4008 1391 4098 Quoniam,
1415 4009 1512 4085 sicut

289 4119 463 4217 scriptum
481 4131 623 4197 estnon
640 4132 695 4197 est
711 4122 911 4222 discipulus
928 4149 1036 4222 supra
1053 4123 1280 4221 Magistrum.
