3608 5498
802 433 841 462 -·-
867 408 934 475 454
962 445 999 460 -

287 530 380 607 vidit
396 529 582 621 Iohannes,
606 532 636 606 0
663 524 772 607 milve
798 523 889 606 male
914 551 986 604 non
1004 553 1060 605 me
1077 528 1242 605 dilanias,
1261 533 1379 607 Iustos
1395 531 1519 630 inquit

285 667 356 719 non
381 652 517 741 oportet
541 667 618 719 esse
642 643 734 719 tanti
760 643 890 719 iudicis
917 642 1108 718 ministros.
1134 643 1215 719 Sint
1241 643 1397 719 ministri
1422 644 1515 720 iusti

286 747 319 832 si
335 757 459 833 velint.
477 753 515 830 Si
538 757 649 832 fucrit
669 757 847 854 superbus
873 756 1047 844 minister,
1071 781 1154 832 cnm
1182 750 1308 832 cabulo
1333 768 1518 856 computa·

285 881 356 961 tur,
373 869 435 946 sed
451 895 513 969 per
530 869 635 945 illum
652 863 784 946 donum
805 870 942 946 Christi
962 895 1033 946 non
1048 871 1325 960 contaminatur,
1342 872 1433 970 quod
1451 896 1517 970 per

286 985 391 1060 illum
416 984 509 1074 fluit,
533 1010 663 1084 purum
689 995 744 1061 est
764 981 861 1084 qnod
878 1008 940 1082 per
962 983 1069 1058 illum
1088 984 1230 1074 transit,
1247 983 1423 1083 liquidnm
1448 995 1515 1061 est.

286 1101 379 1174 Puta
396 1098 481 1198 quia
498 1097 659 1198 lapideus
676 1109 741 1189 cst,
758 1099 842 1197 quia
860 1123 906 1174 ex
918 1108 965 1175 'ea
982 1099 1142 1174 fructum
1160 1099 1286 1175 afferre
1304 1122 1376 1174 non
1397 1110 1516 1199 potest

286 1215 372 1292 etin
389 1214 506 1290 canali
522 1214 660 1313 lapideo
676 1239 698 1288 a
714 1213 800 1312 quia
817 1213 867 1287 nil
881 1223 1033 1310 generat
1049 1212 1109 1289 sed
1124 1213 1211 1288 ortis
1225 1213 1383 1289 fructum
1399 1213 1514 1290 affert.

287 1327 494 1427 Spiritualis
511 1352 596 1403 vero
614 1328 730 1402 virtus
748 1327 983 1417 sacramenti,
999 1328 1051 1402 ita
1068 1338 1123 1403 est
1141 1337 1182 1403 ut
1206 1327 1280 1418 lux,
1305 1344 1384 1427 quac
1408 1337 1444 1404 et
1468 1328 1515 1403 ab

288 1440 537 1517 illuminandis
554 1467 643 1539 pnra
660 1442 848 1540 excipitur,
866 1453 902 1517 et
920 1442 949 1515 si
968 1466 1030 1542 per
1056 1441 1241 1515 immunda
1258 1450 1417 1516 transeat
1441 1464 1514 1515 non

286 1555 509 1655 inquinatur.
534 1558 630 1642 Quos
654 1555 813 1656 baptizat
837 1554 1008 1644 ebriosus,
1034 1579 1123 1654 quos
1144 1555 1301 1655 baptizat
1324 1554 1515 1645 homicida,

286 1695 374 1770 quos
389 1671 548 1772 baptizat
563 1669 715 1775 adulter,
732 1668 902 1746 Christus
926 1668 1093 1765 baptizat.
1119 1668 1216 1744 Idem
1241 1670 1285 1743 ad
1312 1667 1513 1743 Emeritum

287 1785 511 1860 donatistam.
527 1783 622 1858 Illud
639 1807 709 1858 uon
726 1789 782 1858 est
798 1782 992 1858 tacendum
1006 1776 1115 1858 etiam
1138 1782 1302 1878 cognitos
1319 1781 1431 1856 malos
1455 1781 1514 1856 bo·

286 1900 345 1974 nis
358 1923 428 1974 non
441 1894 562 1976 obesse
576 1898 613 1972 in
628 1897 799 1988 oeeclesia,
813 1899 844 1973 si
856 1920 915 1974 eos
927 1923 948 1970 a
961 1897 1209 1972 communione
1223 1896 1515 1994 probibendi,aut

287 2023 443 2112 potestas
459 2013 552 2089 desit
568 2022 633 2087 ant
648 2011 770 2112 aliqua
789 2013 878 2086 ratio
893 2011 1147 2088 conservanda
1164 2011 1263 2111 pacis
1279 2011 1457 2108 impediat.

468 2211 515 2262 De
535 2210 748 2263 sacramentis
767 2209 983 2262 hereticorum
1002 2209 1037 2262 et
1055 2209 1323 2262 scismaticorum.

386 2365 484 2440 Idem
509 2362 554 2439 ad
571 2362 806 2439 Vincentium
832 2350 1057 2438 donatistam.
1074 2366 1155 2438 Non
1177 2372 1402 2439 sacramenta
1420 2363 1515 2438 chri·

288 2479 405 2554 stiana
423 2478 563 2555 faciunt
576 2477 785 2566 hereticum,
798 2477 860 2552 sed
874 2502 984 2576 prava
998 2478 1184 2552 dissensio.
1195 2480 1272 2552 Non
1287 2489 1428 2576 proptor
1440 2503 1515 2551 rna·

290 2592 366 2667 lum
382 2593 474 2691 quod
487 2592 659 2690 processit
676 2615 720 2666 ex
736 2599 781 2680 tc,
795 2591 1001 2687 negandum
1020 2600 1074 2665 est
1089 2591 1221 2666 bonnm
1235 2592 1328 2689 quod
1342 2591 1515 2667 remansit

291 2706 330 2779 in
347 2715 393 2781 te.
410 2705 511 2793 Quod
527 2704 621 2778 malo
638 2713 700 2779 tuo
716 2703 826 2778 habes
843 2703 874 2778 si
891 2729 961 2779 non
979 2705 1028 2780 ibi
1045 2706 1165 2796 habea,
1182 2707 1276 2781 unde
1298 2717 1352 2781 est
1369 2706 1514 2796 bonum,

292 2819 383 2918 quod
393 2818 604 2894 habetisEx
613 2817 798 2894 Catholica
811 2818 908 2892 enirn
919 2819 1079 2895 Ecclesia
1089 2829 1174 2893 sunt
1186 2820 1303 2894 omnia
1314 2843 1514 2895 sacramen·

289 2945 327 3008 ta
345 2931 541 3020 Dominica,
558 2956 637 3030 quae
655 2932 708 3007 sic
724 2932 863 3008 habetis
879 2959 901 3006 a
925 2935 1029 3024 datis,
1046 2934 1217 3033 quomodo
1237 2934 1459 3009 habebantur
1476 2944 1513 3010 et

290 3048 468 3124 dabantur
489 3047 598 3123 etiam
617 3047 825 3146 priusquam
843 3047 926 3123 inde
942 3048 1097 3123 exiretis.
1114 3051 1194 3123 Non
1212 3059 1330 3155 tamen
1349 3048 1425 3122 ideo
1442 3072 1512 3122 non

291 3163 442 3254 habetis,
458 3163 542 3262 quia
560 3186 630 3238 non
648 3163 745 3252 estis,
764 3162 813 3238 ibi
831 3164 925 3240 unde
943 3174 1028 3238 sunt
1045 3187 1124 3262 qum
1140 3163 1288 3256 habetis.
1300 3166 1379 3238 Non
1397 3162 1434 3234 in
1453 3184 1513 3236 vo

290 3277 346 3354 bis
363 3288 546 3352 mutamus
563 3275 601 3350 in
622 3276 752 3375 quibus
777 3277 863 3352 estis
888 3265 1086 3353 nobiscum,
1101 3279 1141 3351 In
1170 3276 1295 3351 multis
1311 3275 1407 3351 enim
1426 3274 1512 3350 estis

289 3392 589 3467 nobiscumNam
605 3391 647 3466 de
661 3390 793 3465 talibus
805 3391 942 3467 dictum
956 3400 1020 3466 est.
1029 3391 1204 3478 Quoniam
1219 3389 1256 3464 in
1272 3389 1395 3463 multis
1408 3400 1511 3464 erant

290 3530 442 3581 mecum.
456 3503 525 3579 Sed
542 3528 583 3578 ca
600 3502 816 3599 corrigimus
829 3503 867 3577 in
881 3503 1011 3602 quibus
1023 3527 1094 3579 non
1107 3504 1204 3592 estis,
1217 3528 1259 3578 ea
1272 3528 1336 3577 vos
1347 3502 1408 3577 hic
1422 3503 1514 3577 acci·

290 3643 372 3718 pere
390 3616 557 3691 volumus
569 3639 649 3713 quae
666 3639 734 3690 non
752 3615 892 3691 habetis
904 3617 982 3695 illic
995 3617 1057 3693 ubi
1070 3618 1166 3694 estis.
1176 3617 1369 3693 Nobiscum
1389 3624 1511 3692 autern

290 3731 378 3808 ostis
390 3731 428 3805 in
441 3729 627 3830 baptismo,
640 3730 678 3804 in
691 3730 849 3821 simbolo,
862 3733 899 3806 iu
913 3733 1052 3809 canteris
1065 3732 1251 3809 dominicis
1268 3732 1512 3808 sacramentis.

290 3847 333 3921 In
355 3844 485 3945 spiritu
501 3856 624 3919 autem
641 3844 792 3919 unitatis
808 3855 844 3921 et
862 3845 899 3919 in
917 3847 1062 3923 vinculo
1079 3847 1189 3945 pacis,
1206 3847 1243 3921 in
1261 3846 1337 3944 ipsa
1355 3845 1509 3944 deniquo

291 3957 465 4034 catholica
474 3956 636 4033 aecolesia
648 3957 833 4034 nobiscum
849 3984 918 4033 non
932 3959 1029 4036 estis.
1037 3964 1128 4036 Item
1143 3960 1180 4035 in
1193 3971 1320 4059 quarto
1332 3958 1422 4034 libro
1430 3983 1513 4036 con-

291 4071 571 4147 traDonatistas.
581 4071 684 4148 Sicut
697 4073 848 4171 urgueri
863 4073 980 4149 videor
993 4098 1077 4149 cum
1093 4073 1180 4147 mihi
1194 4066 1513 4169 dicitnr,'ergohae·

292 4187 426 4262 reticus
442 4186 592 4262 dimittit
605 4196 751 4286 peccata
764 4213 846 4265 cnm
862 4188 963 4262 iuxta
977 4186 1192 4287 tebaptizet,
1204 4185 1257 4262 sic
1270 4196 1306 4262 et
1319 4208 1387 4282 ego
1400 4208 1513 4282 urgeo

290 4324 373 4373 cum
383 4298 471 4374 dico.
479 4302 578 4396 Ergo
590 4311 626 4375 et
637 4326 770 4375 avarus
785 4301 969 4397 religionis
982 4301 1169 4376 simulator
1178 4309 1321 4398 peccata
1336 4297 1513 4373 dimittit?

293 4413 331 4487 si
351 4437 412 4510 per
430 4412 503 4485 vim
521 4414 750 4502 sacramenti,
768 4414 863 4490 sicut
880 4414 953 4501 ille,
970 4415 1019 4487 ita
1046 4424 1081 4489 ct
1106 4412 1177 4488 ille.
1196 4413 1234 4486 Si
1259 4436 1322 4512 per
1341 4410 1510 4485 meritum

292 4552 410 4616 suum,
434 4549 501 4602 nec
525 4525 598 4618 ille,
614 4551 681 4604 nec
693 4526 768 4604 ille.
786 4527 880 4604 Illud
898 4528 993 4604 enim
1016 4537 1280 4604 sacramentum
1298 4535 1334 4602 et
1351 4523 1387 4600 in
1406 4522 1513 4599 malis
