3608 5498
806 426 999 489 -381-

292 556 393 645 ptum
411 557 475 624 est.
493 547 572 622 Diis
588 570 660 620 non
678 545 842 622 detrahes
860 546 999 621 scilicet
1016 547 1265 622 sacerdotibus.
1279 548 1325 620 Et
1342 546 1511 646 propheta

290 662 352 748 ait,
369 660 463 734 labia
481 661 672 736 sacerdotis
688 658 895 733 custodiunt
912 662 1111 748 scientiam,
1128 671 1165 737 et
1182 661 1327 759 reliqua.
1346 661 1438 747 Quid
1457 685 1510 735 er-

291 797 338 868 go
352 774 482 847 mirum
501 775 532 847 si
549 773 629 846 illos
646 772 841 870 imperialis
859 773 971 869 pietas
987 775 1143 862 honoret,
1160 774 1291 871 quibus
1307 774 1345 845 iu
1363 797 1426 847 suo
1443 773 1512 847 elo·

291 885 373 984 quio
385 884 554 961 honorem
571 885 745 972 tribuens
758 908 815 959 eos
828 893 892 959 aut
908 886 1057 981 angelos
1072 897 1136 961 aut
1148 887 1229 961 deos
1242 886 1316 984 ipse
1328 886 1436 961 etiam
1451 910 1510 983 ap

290 997 400 1094 pellet
420 1000 541 1072 Deus?
555 996 825 1072 AEcclesiastica
848 1021 985 1095 qnoque
1002 1007 1156 1073 testatur
1172 998 1321 1096 ystoria,
1343 997 1405 1096 qui
1426 1022 1510 1072 cum

291 1112 358 1209 piaa
376 1111 553 1186 memorie
566 1111 800 1186 Constantino
813 1111 977 1210 principi,
986 1112 1117 1210 scripto
1130 1111 1254 1186 oblatae
1267 1110 1511 1187 accusationes

291 1235 414 1301 contra
441 1226 620 1325 episcopos
645 1225 809 1312 fuissent,
825 1224 961 1299 libellos
987 1224 1127 1322 quidem
1153 1225 1301 1322 accepit,
1318 1234 1354 1300 et
1371 1224 1510 1299 eosdem

293 1339 354 1435 qui
372 1339 530 1413 accusati
549 1349 635 1413 sunt
651 1337 830 1435 episcopos
847 1360 1057 1425 convocans,
1069 1337 1106 1409 in
1121 1360 1242 1412 eorum
1261 1349 1452 1434 conspectu
1472 1337 1511 1409 li-

290 1450 403 1526 bellos
415 1473 501 1547 quos
515 1450 607 1524 idern
622 1460 808 1548 acceperat
825 1449 984 1524 incendit
1000 1451 1130 1525 dicens.
1145 1455 1219 1525 Vos
1230 1451 1278 1524 dii
1293 1451 1379 1526 estis
1391 1477 1412 1524 6
1426 1472 1510 1524 vero

291 1566 364 1637 Deo
381 1563 577 1638 constituti.
595 1567 648 1637 Ite
673 1578 709 1637 et
726 1563 820 1637 inter
837 1586 900 1636 vos
916 1587 1045 1636 causas
1062 1574 1200 1639 vestras
1224 1564 1410 1662 disponite,
1426 1563 1512 1661 quia

290 1676 442 1772 dignum
460 1701 530 1751 non
548 1686 603 1750 est
619 1686 661 1750 ut
678 1698 741 1749 nos
758 1675 958 1750 indicemus
982 1676 1072 1750 deos.
1089 1679 1227 1774 Inque
1244 1677 1421 1752 sententia
1442 1674 1509 1749 sibi

291 1789 410 1884 magis
426 1814 470 1864 ex
486 1788 817 1886 humilitate,quam
832 1788 893 1862 ille
909 1788 1046 1886 aliquid
1063 1791 1229 1887 praestitit
1246 1816 1290 1866 ex
1307 1787 1510 1865 reverentia

290 1902 460 1999 impensa.
474 1907 568 1975 Ante
586 1926 667 1976 eum
686 1901 814 2000 quippe
832 1902 963 1997 pagani
979 1901 1016 1974 in
1032 1927 1069 1976 re
1086 1902 1230 2002 publica
1243 1902 1422 2000 principes
1437 1901 1513 1974 lue-

292 2023 387 2101 runt,
401 2014 462 2111 qui
480 2039 608 2088 verum
622 2016 736 2088 Deum
754 2013 965 2101 nescientes,
977 2015 1058 2088 deos
1076 2014 1214 2110 ligneos
1230 2024 1267 2090 et
1283 2015 1438 2111 lapideos
1455 2037 1510 2088 co

290 2127 421 2217 lebant,
439 2139 475 2203 et
499 2139 618 2203 tamen
644 2152 764 2202 eorum
791 2126 1032 2202 sacerdotibus
1049 2127 1216 2203 honorem
1235 2129 1431 2201 maximum
1449 2126 1511 2200 tri·

172 2287 175 2294 -
290 2241 457 2315 huebant.
475 2241 568 2328 Quid
595 2241 709 2335 igitur
738 2241 869 2313 mirum
895 2239 926 2312 si
954 2239 1184 2314 Christianus
1213 2242 1414 2341 imperator,
1432 2238 1510 2313 veri

289 2356 353 2428 Dei
372 2354 573 2429 sacerdotes
592 2353 749 2440 honoret,
766 2353 851 2426 dum
877 2354 1010 2449 pagani
1028 2366 1070 2427 ut
1086 2354 1315 2451 praediximus
1332 2353 1510 2452 principes

290 2467 456 2541 honorem
475 2467 679 2566 impendere
696 2489 818 2540 eorum
844 2466 1087 2540 sacerdotibus
1111 2467 1277 2542 noverint
1306 2467 1368 2565 qui
1397 2465 1509 2562 lignis

290 2589 327 2654 et
340 2579 517 2678 lapidibus
531 2579 760 2653 serviebant?
774 2578 841 2652 hoc
854 2602 940 2674 ergo
948 2602 1017 2652 non
1028 2588 1169 2654 tantum
1184 2580 1386 2677 specialiter
1399 2603 1510 2676 quan-

291 2702 370 2765 turn
387 2692 606 2787 generaliter
623 2715 685 2789 pro
701 2691 864 2766 omnibu:
877 2692 1071 2766 asserimus
1084 2693 1325 2769 sacerdotibus
1341 2692 1509 2790 quoniam

293 2805 411 2881 adhuc
429 2805 610 2880 nescimus
626 2804 712 2902 quis
735 2805 772 2877 in
797 2804 949 2879 terribili
967 2805 1032 2879 Dei
1057 2806 1189 2881 iudicio
1218 2805 1335 2904 qualis
1362 2806 1510 2879 futurus

290 2917 347 2990 sit.
372 2917 515 2991 Etenim
541 2916 677 2989 Paulus
697 2916 870 3012 egregius
886 2917 983 2992 dicit.
1007 2920 1126 2994 Nolite
1143 2919 1302 2994 iudicare
1321 2927 1404 2992 ante
1421 2928 1510 2994 tem·

291 3055 369 3127 pus,
386 3030 615 3128 quoadusque
631 3029 755 3106 veniat
770 3031 951 3118 Dominus,
964 3039 1000 3104 et
1017 3029 1165 3128 reliqua.
1177 3034 1270 3106 Nam
1288 3039 1374 3105 sunt
1395 3030 1509 3104 multa

292 3166 370 3239 quae
386 3144 429 3218 de
446 3143 577 3220 iudicio
594 3143 694 3217 illius
710 3142 872 3218 homines
889 3144 1071 3239 ignorant,
1084 3143 1169 3241 quia
1185 3143 1334 3218 fortasse
1351 3166 1430 3240 quae
1447 3165 1511 3216 vos

295 3255 565 3354 reprehenditis,
581 3255 643 3331 ille
661 3254 830 3331 laudabit.

826 3419 969 3505 thIll.

387 3592 585 3688 Gregorius
595 3590 757 3666 Senatori
766 3591 979 3688 Presbytero
992 3601 1028 3666 et
1041 3591 1171 3667 Abbati
1184 3590 1389 3668 xenodochii
1400 3594 1510 3666 Frau-

291 3727 424 3792 corum,
442 3706 535 3780 inter
552 3715 680 3781 cetera.
699 3706 785 3778 Haec
801 3704 917 3800 igitur
933 3705 1051 3778 omnia
1068 3728 1148 3803 quae
1164 3704 1273 3779 huius
1291 3704 1457 3802 praecepti
1474 3712 1511 3778 et

290 3817 424 3892 decreti
449 3817 562 3892 nostri
587 3815 721 3914 pagina
745 3815 1004 3904 continuatam
1023 3815 1088 3890 tihi
1107 3841 1214 3914 quarn
1232 3816 1375 3891 cunctis
1391 3815 1452 3913 qui
1471 3815 1511 3888 in

291 3954 331 4005 eo
348 3955 416 4028 quo
433 3956 471 4006 es
495 3931 616 4005 ordine
642 3929 787 4027 locoque
812 3930 1059 4016 successerint,
1076 3930 1134 4004 vel
1158 3953 1308 4027 quorum
1336 3928 1510 4003 interesse

291 4044 457 4139 potuerit,
488 4043 751 4139 imperpetuum
777 4041 952 4116 servanda
981 4042 1216 4118 decernimus.
1245 4041 1284 4114 Si
1313 4041 1396 4138 quis
1425 4062 1511 4116 vero

292 4181 431 4252 regum,
449 4156 673 4230 sacerdotum
701 4155 875 4230 iudicium
901 4165 1009 4252 atque
1026 4154 1253 4229 secularium
1278 4176 1510 4252 personarum

291 4268 384 4343 hanc
402 4269 666 4345 constitutionis
683 4277 812 4343 nostre
829 4266 998 4364 paginam
1012 4290 1210 4362 agnoscens
1223 4275 1347 4340 contra
1359 4290 1438 4341 earn
1453 4289 1512 4341 ve·

292 4381 369 4454 nire
386 4382 627 4478 temptaverit,
654 4379 838 4477 potestatis
862 4378 1073 4476 honorisque
1095 4379 1151 4452 sui
1173 4378 1351 4474 dignitate
1379 4386 1511 4467 careat,

293 4517 463 4590 reumque
479 4517 517 4567 se
540 4491 662 4567 divino
686 4491 818 4567 iudicio
842 4491 993 4565 existere
1021 4491 1065 4566 de
1093 4502 1294 4591 perpetrata
1320 4490 1510 4589 iniquitate
