3608 5498
813 393 988 455 ..41-

290 535 467 589 canonum
483 513 626 588 decreta
643 513 780 601 Sedem,
796 512 890 586 unde
907 511 1084 585 auxilium
1097 512 1292 608 capiamus,
1310 512 1404 586 unde
1421 536 1506 609 prae·

288 626 492 701 decessores
507 624 620 699 nostri
638 624 877 699 ordinationes
894 635 931 700 et
947 626 1115 721 dogmata
1132 649 1330 722 suscepere.
1343 628 1391 699 Et
1403 625 1509 699 infra.

288 742 381 814 Nam
406 737 541 814 scimus
565 737 604 811 in
620 739 757 814 Nicone
776 762 909 834 magna
927 740 1062 837 synodo
1079 739 1182 815 CCC.
1207 742 1251 813 X.
1273 748 1310 814 et
1326 742 1425 813 VIII.
1449 763 1507 836 pa·

291 863 389 927 trum
406 853 451 935 ab
467 852 631 927 omnibus
648 852 870 928 concorditer
891 877 968 928 esse
993 852 1268 941 corroboratum,
1285 875 1356 927 non
1381 852 1508 928 debere

289 967 422 1065 absque
441 969 538 1042 Rom.
556 967 742 1043 Pontificis
757 966 935 1042 sententia
952 966 1105 1041 concilia
1127 966 1314 1056 celebrari,
1335 990 1402 1042 nec
1428 967 1509 1064 Epi·

292 1103 414 1177 scopos
430 1079 604 1168 damnari,
623 1079 708 1155 licet
724 1079 801 1155 heac
818 1089 855 1154 et
868 1078 940 1153 alia
957 1079 1172 1177 quamplura
1186 1080 1451 1178 pernecessaria
1463 1081 1509 1155 ab

290 1193 459 1268 hereticis
475 1194 537 1291 qui
554 1216 618 1268 nos
635 1192 765 1269 cotidie
782 1193 956 1268 infestant
972 1203 1009 1267 et
1025 1193 1171 1290 perdere
1194 1193 1375 1281 nituntur,
1400 1205 1441 1269 ut
1457 1193 1475 1266 f
1494 1238 1508 1251 -

290 1307 397 1383 cilius
414 1331 477 1381 nos
490 1331 616 1404 capere
633 1307 779 1405 possint,
795 1307 870 1381 sint
885 1307 1044 1383 sinodica
1062 1307 1209 1382 incensa
1233 1307 1403 1405 capitula.
1429 1312 1508 1396 Qua
1618 1312 1620 1316 ’

290 1419 388 1495 dere
404 1420 471 1493 hac
488 1419 637 1493 inventa
653 1419 849 1506 occasione,
860 1420 957 1494 omni
971 1421 1143 1496 canonica
1156 1431 1192 1496 et
1209 1421 1402 1519 apostolica
1418 1425 1511 1519 postss

291 1532 405 1628 posita
421 1531 633 1607 auctoritate
650 1555 713 1606 nos
731 1531 767 1603 vi
785 1556 807 1605 a
832 1533 993 1630 propriis,
1017 1532 1118 1607 vobis
1143 1533 1364 1623 inconsultis,
1382 1534 1509 1610 illicite

291 1644 476 1743 expellunt
492 1644 645 1720 sedibus.
662 1648 752 1720 Item
769 1646 874 1720 inira.
1070 1739 1074 1742 .

387 1758 560 1833 Similiter
577 1769 647 1834 eta
664 1759 844 1855 praedictis
860 1761 1022 1857 patribus
1038 1771 1093 1836 est
1108 1761 1296 1836 definitum
1314 1786 1509 1838 consonan-
1575 1855 1577 1859 ἢ

291 1884 346 1948 ter
363 1882 404 1946 ut
420 1871 451 1946 si
464 1872 653 1971 qnisquam
667 1873 921 1971 Episcoporum
933 1884 998 1949 eut
1016 1875 1327 1972 metropolitanum
1340 1887 1405 1951 aut
1417 1901 1510 1952 com·

291 1986 526 2084 provinciales
543 1986 602 2061 vel
619 1987 755 2062 iudices
768 1997 951 2085 suspectos
969 1988 1144 2076 habuerit,
1165 1999 1323 2064 vestram
1347 2001 1509 2065 sanctam

294 2103 489 2174 Romanam
505 2099 659 2196 appellet
676 2100 815 2189 Sedem,
831 2100 891 2175 cui
907 2101 952 2175 ah
968 2101 1043 2197 ipso
1056 2101 1207 2176 Domino
1228 2111 1382 2198 potestas
1395 2102 1512 2199 ligan-

292 2213 327 2288 di
353 2223 389 2289 et
421 2214 579 2289 solvendi
604 2213 751 2310 speciali
782 2215 974 2312 privilegio
998 2239 1105 2312 super
1129 2214 1220 2289 alies
1243 2239 1410 2291 concesso
1434 2217 1511 2314 ipse

292 2330 556 2402 firmamentum
574 2326 756 2401 aDomino
774 2330 883 2402 fixum
903 2339 941 2402 et
952 2326 1134 2403 immobile
1151 2329 1319 2426 percepit.
1333 2330 1508 2418 Quoniam

292 2442 405 2539 ipsam
422 2441 572 2516 formam
586 2441 836 2516 universorum
849 2443 1037 2517 titulorum
1057 2442 1318 2518 lucidissimam
1336 2443 1510 2519 Dominus

292 2557 417 2653 Ihesns
437 2560 541 2654 Xpus
566 2565 724 2630 vestram
744 2556 972 2655 apostolicam
998 2556 1185 2633 constituit
1205 2559 1335 2633 sedem.
1352 2561 1433 2657 Ipsa
1456 2568 1512 2633 est

291 2694 392 2744 sacer
410 2680 535 2744 vertex
551 2669 590 2743 in
607 2694 678 2767 qua
693 2694 816 2745 omnes
832 2682 1037 2758 vertuntur,
1060 2681 1322 2759 sustentantur,
1346 2673 1511 2749 relevan-

294 2792 366 2871 tur,
377 2791 415 2856 et
430 2782 526 2857 sicut
540 2783 577 2856 in
591 2783 736 2857 Christo
749 2783 961 2873 Christiani,
974 2784 1027 2858 ita
1044 2793 1080 2860 et
1098 2783 1136 2857 in
1154 2795 1255 2881 petra
1268 2780 1405 2860 Christi
1417 2784 1511 2861 idest

295 2900 399 2972 Petro
416 2906 636 2971 renovantur
652 2895 824 2973 ecclesiae.
842 2901 934 2973 Item
950 2898 1056 2972 infra.
1074 2902 1168 2972 Nam
1194 2897 1265 2971 fuit
1288 2921 1427 2995 semper
1450 2922 1511 2974 ve·

295 3020 378 3085 stris
396 3011 607 3109 Apostolicae
620 3013 713 3087 sedis
730 3012 875 3088 licentia
896 3011 1015 3087 inuste
1032 3011 1216 3086 damnatos
1233 3011 1292 3086 vel
1312 3035 1513 3087 excommu-

294 3124 431 3199 nicatos
446 3126 611 3221 potestati
629 3136 758 3201 vestrae
774 3152 841 3200 sua
857 3127 1069 3202 auctoritate
1094 3125 1293 3213 restituere,
1315 3134 1351 3200 et
1368 3152 1434 3200 sua
1458 3127 1510 3201 eis

295 3238 413 3312 omnia
430 3238 584 3326 reddere,
601 3248 637 3313 et
654 3237 733 3313 illos
750 3240 812 3337 qui
825 3265 884 3316 eos
901 3242 1217 3338 coudepnaverunt
1232 3251 1296 3314 aut
1312 3265 1512 3316 excommn-

295 3353 509 3427 nicavernnt
525 3352 715 3449 apostolico
732 3356 860 3451 punire
878 3355 1081 3453 privilegio,
1094 3355 1189 3430 sicut
1205 3355 1314 3430 etiam
1330 3355 1511 3431 nostriset

294 3467 531 3542 anterioribus
547 3467 782 3563 cognovimus
806 3467 1025 3567 temporibus
1049 3477 1182 3542 actum.
1208 3471 1315 3542 Porro
1339 3468 1511 3564 primates

296 3588 332 3653 et
347 3579 414 3676 ipsi
432 3579 493 3678 qui
511 3579 754 3677 episcoporum
771 3590 808 3655 et
820 3604 1042 3655 summorum
1061 3581 1385 3656 ecclesiasticorum
1403 3605 1510 3676 nego

295 3693 424 3767 tiorum
433 3717 562 3766 causas
570 3693 749 3790 suscipere
762 3693 892 3768 dehent
912 3697 949 3769 in
971 3696 1115 3794 praelixa
1127 3693 1265 3770 Nicena
1278 3695 1413 3793 synodo
1424 3703 1510 3769 sunt

297 3806 524 3902 dinumerati,
549 3832 595 3882 ne
619 3808 850 3905 imposterum
872 3835 916 3884 ex
940 3809 1005 3883 hoc
1031 3807 1211 3883 contentio
1234 3808 1398 3881 oriretur.
1422 3811 1512 3881 Item

296 3919 401 3998 infra.
414 3922 490 3995 Nec
504 3919 557 3993 las
575 3929 629 3994 est
640 3918 856 4018 supplicium
873 3921 1074 4021 apostolice
1089 3921 1182 3995 sedis
1194 3922 1232 3996 in
1246 3921 1378 4018 scripto
1390 3931 1454 3994 aut
1466 3920 1512 3995 si-

295 4058 340 4111 ne
357 4034 489 4131 scripto
506 4058 627 4131 preces
643 4034 778 4110 oblatas
794 4034 984 4134 despicere.
1003 4037 1071 4111 Sed
1090 4045 1131 4109 ut
1148 4035 1317 4111 condecet
1333 4045 1369 4110 et
1382 4045 1423 4108 ut
1440 4034 1510 4132 pri-

296 4149 472 4244 vilegium
488 4158 607 4224 vestre
623 4149 716 4224 sedis
729 4172 792 4223 nos
805 4158 841 4224 et
857 4148 933 4224 illic
949 4150 1119 4226 canonice
1136 4171 1383 4238 convocemur,
1400 4162 1435 4224 et
1446 4174 1510 4250 an·

296 4270 331 4336 te
346 4284 410 4336 vos
426 4261 470 4336 de
487 4261 618 4336 nost-ris
634 4261 889 4337 obiectionibus
913 4263 1082 4339 canonice
1108 4287 1191 4337 cum
1216 4262 1312 4336 omni
1337 4262 1510 4360 probitate

296 4384 484 4464 certemus,
501 4375 596 4449 sicut
621 4376 893 4472 praedecessores
918 4376 1029 4450 nostri
1055 4401 1162 4475 penes
1186 4385 1323 4451 vestros
1347 4376 1511 4452 fecerunt

297 4497 550 4580 antecessores,
562 4499 598 4564 et
615 4489 711 4565 sicut
722 4488 893 4565 canonica
905 4489 943 4564 in
955 4490 1123 4588 praedicto
1139 4489 1259 4565 sinodo
1270 4489 1418 4566 docetur
1429 4512 1511 4565 con·
