3608 5498
801 404 996 466 -105-

289 528 419 625 quibus
435 528 548 625 ipsam
567 528 670 603 fidem
687 528 725 599 in
751 527 920 601 universo
937 535 1169 624 propagatam
1195 523 1277 598 orbe
1299 546 1370 596 nun
1395 531 1510 619 potest

289 642 455 716 dubitari.
485 643 546 717 Ait
563 643 659 718 enim
682 642 922 738 Augustinus.
940 640 1039 726 Quod
1057 639 1087 713 si
1113 638 1211 713 nullo
1229 637 1327 712 modo
1345 647 1440 712 recte
1454 660 1510 734 po

289 765 360 831 test
385 754 547 831 Ecclesia
572 755 653 841 dici,
678 756 771 852 quod
796 755 937 843 scisma,
964 765 1075 829 restat
1093 764 1134 827 ut
1158 753 1323 850 quoniam
1350 750 1511 826 aecclesia

289 870 355 944 Dei
381 870 482 943 nulla
507 870 578 943 alia
603 894 679 944 esse
699 878 821 967 potest,
847 895 888 943 ea
907 870 955 942 sit
978 892 1083 966 quam
1104 868 1203 942 sedes
1224 865 1423 964 apostolicae
1449 890 1511 962 per

290 983 532 1058 successiones
558 984 810 1081 Episcoporum
835 984 874 1056 in
901 982 1020 1058 radice
1045 966 1297 1056 nonnullorum
1316 979 1511 1068 hominum,

291 1097 429 1170 malitia
446 1098 553 1171 etiam
572 1097 602 1170 si
620 1106 703 1170 nota
720 1107 756 1171 et
772 1097 914 1171 excludi
932 1122 1001 1171 non
1020 1097 1139 1195 possit,
1157 1098 1218 1171 sed
1235 1119 1296 1193 pro
1313 1104 1511 1193 temporum

291 1212 425 1286 ratione
443 1211 622 1286 iudicetur
639 1210 821 1285 toleranda
839 1212 1014 1286 ullomodo
1030 1211 1151 1285 valeat
1167 1211 1390 1306 extinguere.

838 1439 968 1523 CXLV.

385 1666 554 1762 Pelagius
568 1665 760 1741 Valeriano
773 1667 922 1765 patricio
935 1669 1029 1744 inter
1042 1679 1170 1744 cetera.
1183 1672 1260 1743 Nec
1276 1669 1313 1740 in
1332 1667 1400 1743 hac
1413 1676 1512 1764 parte

290 1805 354 1857 vos
365 1781 551 1855 hominum
565 1781 769 1880 vaniloquia
787 1782 968 1857 retardent
980 1783 1190 1869 dicentium,
1203 1783 1286 1880 quia
1300 1781 1513 1880 persecutio·

292 1921 372 1970 nem
391 1895 552 1972 Ecclesia
569 1895 679 1970 faciat
696 1895 780 1969 dum
799 1895 857 1971 vel
875 1922 918 1971 ea
933 1922 1013 1995 quaa
1037 1896 1314 1971 committuntur
1341 1894 1512 1992 reprimit,

292 2010 351 2086 vel
367 2011 568 2084 animarum
590 2010 743 2084 salutem
763 2012 901 2108 quaerit.
919 2013 1052 2083 Errant
1068 2009 1272 2082 huiusmodi
1294 2007 1446 2081 rumoris
1464 2006 1481 2080 l
1500 2048 1513 2060 ·

291 2123 480 2198 bulatores.
505 2126 586 2198 Non
610 2124 836 2221 persequitur
859 2123 930 2197 nisi
956 2123 1017 2220 qui
1043 2123 1088 2197 ad
1115 2121 1248 2195 malurn
1276 2121 1383 2217 cogit.
1413 2117 1513 2206 Quod

292 2261 377 2312 uero
394 2238 528 2312 malurn
550 2237 611 2312 vel
636 2237 772 2313 lactum
798 2238 868 2311 iam
887 2236 992 2333 punit
1016 2234 1074 2309 vel
1099 2233 1261 2333 prohibet
1286 2259 1330 2309 ne
1348 2235 1421 2321 fiat,
1442 2256 1512 2307 non

293 2352 518 2449 persequitur
535 2351 602 2426 isto
627 2353 689 2425 sud
714 2351 845 2447 diligit.
862 2354 953 2424 Nam
981 2351 1011 2424 si
1038 2360 1080 2423 ut
1104 2350 1158 2423 illi
1182 2360 1310 2449 putant
1327 2371 1431 2424 nemo
1446 2372 1513 2422 neo

295 2464 540 2562 reprimendus
565 2492 587 2539 a
613 2465 716 2552 mulo,
740 2489 808 2540 nec
834 2464 1069 2540 retrahendus
1093 2465 1137 2538 ad
1154 2466 1284 2539 bonum
1305 2473 1369 2550 est,
1391 2462 1515 2537 huma·

294 2605 359 2653 nas
382 2603 427 2654 aa
450 2579 591 2652 divinas
616 2580 715 2675 leges
740 2603 884 2654 necesse
910 2590 974 2651 est·
990 2579 1157 2654 evacuari
1175 2603 1254 2677 qum
1271 2587 1307 2652 et
1327 2576 1431 2650 malis
1450 2604 1516 2676 pae-

294 2719 377 2767 nam
404 2703 441 2767 et
469 2693 569 2767 bonis
594 2693 740 2791 praemia
767 2693 904 2768 iustitia
922 2692 1094 2767 suadente
1111 2694 1353 2768 constituunt·
1365 2696 1412 2766 Et
1428 2693 1514 2766 item

294 2816 373 2904 post
398 2830 521 2904 panca.
546 2809 637 2882 Nam
657 2808 781 2882 beatus
807 2806 1037 2902 Augustinus
1062 2808 1104 2881 de
1129 2807 1262 2881 talibus
1283 2807 1381 2881 dicit.
1398 2805 1515 2879 Multa

295 2920 403 2995 etiam
436 2944 520 2994 curn
560 2919 685 2993 invitis
717 2919 875 3015 benigna
909 2921 1060 3017 quadam
1098 2922 1290 3019 asperitate
1329 2919 1514 3017 plectenda

294 3032 434 3128 agenda
450 3040 546 3116 sunt,
564 3055 728 3129 quorum,
739 3033 857 3130 potius
873 3035 1024 3109 utilitati
1049 3035 1304 3110 consulendum
1331 3045 1385 3108 est
1406 3058 1515 3132 quarn

295 3147 482 3223 voluntati.
507 3150 599 3221 Nam
626 3148 662 3220 in
692 3147 913 3245 corripiendo
939 3148 1012 3220 filiu
1036 3149 1233 3246 quamlibet
1257 3172 1391 3245 aspere,
1424 3172 1515 3219 nun-

295 3286 401 3361 quam
427 3271 548 3336 tamen
572 3287 671 3335 amor
697 3276 868 3359 paternus
892 3262 1083 3337 amittitur.
1102 3263 1160 3335 Fit
1177 3274 1297 3336 tamen
1317 3261 1409 3359 quod
1426 3260 1516 3335 nolit

297 3386 338 3450 ut
359 3375 484 3462 doleat,
501 3374 563 3473 qui
585 3374 691 3449 etiam
710 3385 752 3448 ut
769 3375 907 3450 invitus
924 3377 1068 3452 videtur
1086 3376 1202 3451 dolere
1219 3376 1410 3449 sanandus.
1424 3379 1517 3449 Ecce

297 3491 426 3565 videtis
439 3489 732 3587 quemadmodum
751 3490 843 3565 tanti
862 3491 974 3588 patris
986 3490 1189 3565 testimonio
1206 3513 1275 3563 non
1293 3489 1518 3586 persequitur

296 3605 487 3681 coercendo
516 3604 614 3692 talia,
639 3604 699 3679 sed
724 3605 845 3701 diligit
870 3604 1087 3681 emendando
1111 3603 1203 3677 tales
1227 3627 1366 3700 semper
1396 3600 1518 3676 aeccle-

297 3720 359 3793 sia.
377 3718 472 3793 Idem
494 3718 538 3791 ad
555 3718 729 3792 eumdem.
746 3718 882 3792 Malum
909 3730 1028 3793 autem
1055 3718 1185 3792 scisma
1203 3727 1268 3804 est,
1285 3727 1321 3791 et
1338 3740 1402 3814 per
1423 3724 1518 3789 exte·

298 3857 355 3906 ras
380 3840 568 3930 potestates
602 3830 805 3906 huiusmodi
830 3831 992 3907 homines
1017 3831 1142 3906 debore
1166 3830 1329 3928 opprimi,
1353 3839 1390 3903 ot
1415 3850 1518 3903 cano

299 3946 389 4023 nicae
412 3947 601 4045 scripturae
624 3947 819 4022 auotoritas
843 3958 879 4022 et
896 3955 1124 4045 paternarum
1143 3968 1207 4018 nos
1227 3943 1436 4039 regularum
1460 3964 1519 4016 ve-

299 4062 387 4136 ritas
403 4063 513 4137 docet.
531 4065 577 4136 Et
593 4062 737 4160 quidem
756 4061 978 4137 scismaticos
994 4082 1053 4132 eos
1069 4081 1145 4132 esse
1162 4056 1282 4130 taliter
1299 4079 1361 4152 per
1373 4054 1517 4128 beatum

300 4176 547 4271 Augustinnm
566 4198 669 4272 qnem
697 4175 940 4250 universalem
957 4184 1151 4248 veneratur
1171 4169 1321 4246 ecclesia
1338 4168 1521 4245 convinci·

299 4299 368 4363 tur.
386 4288 488 4364 Unde
505 4289 558 4362 ait
582 4299 704 4362 utrum
723 4288 918 4364 scismatici
936 4310 1005 4360 non
1024 4287 1107 4372 sint,
1124 4284 1186 4382 qui
1204 4309 1241 4358 se
1266 4283 1311 4357 ab
1331 4282 1519 4356 imminen-

299 4402 436 4477 tissima
461 4412 498 4476 et
523 4402 815 4477 manifestissima
841 4401 1053 4476 auctoritate
1081 4397 1354 4497 apostolicarum
1381 4396 1517 4470 sedium

299 4525 566 4616 separaverunt.
591 4517 761 4615 Quisquis
778 4540 865 4614 ergo
881 4514 927 4589 ab
949 4513 1223 4614 apostolicarum
1242 4511 1381 4587 divisus
1397 4520 1452 4584 est
1468 4533 1521 4585 se·
