3608 5498
805 416 848 429 -
872 382 938 448 372
963 417 1003 433 -

292 499 350 595 git
366 501 451 598 quia
468 501 684 577 iniustitiam
704 503 796 578 vidit
815 513 850 578 et
875 506 999 580 tacuit.
1016 505 1129 602 Fugit
1153 505 1214 603 qui
1232 530 1270 580 se
1288 505 1355 580 sub
1371 504 1517 580 silentio

292 612 486 690 abscondit.
497 616 635 703 Quibus
653 616 742 692 bene
759 641 821 715 per
839 617 1044 719 prophetam
1058 619 1201 693 dicitur.
1209 622 1289 692 Non
1302 619 1515 694 ascendistis

293 751 337 799 ex
349 728 510 816 adverso,
523 755 638 828 neque
651 732 864 828 opposuistis
878 757 1021 804 murum
1036 755 1098 831 pro
1111 733 1343 820 domoIsrael‚
1352 742 1393 805 ut
1405 741 1516 805 starc-

293 839 340 913 tis
358 841 395 914 in
420 842 541 942 praelio
566 843 604 915 in
629 844 686 918 die
705 845 856 919 Domini.
874 849 929 918 Ex
952 846 1101 920 adverso
1126 846 1256 945 quippe
1279 846 1443 920 assedere
1459 855 1516 919 est

292 955 512 1050 quibuslibet
530 957 764 1053 potestatibus
782 983 891 1055 prave
915 959 1109 1055 agentibus
1134 958 1281 1033 rationis
1298 959 1411 1033 libera
1427 981 1515 1032 voce

292 1069 479 1144 contraire.
497 1073 544 1145 Et
560 1071 598 1143 in
616 1071 673 1147 die
691 1072 833 1146 Domini
851 1095 913 1168 pro
929 1072 1030 1147 domo
1047 1072 1156 1147 Israel
1174 1072 1211 1145 in
1228 1072 1349 1170 praelio
1365 1081 1516 1159 stamusr,

292 1203 334 1254 ac
352 1184 733 1281 murum‘opponimus
757 1185 788 1258 si
814 1185 934 1260 fideles
955 1186 1162 1261 innocentes
1187 1196 1309 1260 contra
1334 1208 1515 1281 perverso·

293 1316 373 1365 rum
387 1293 603 1369 iniustitiam
620 1323 664 1371 ex
677 1297 826 1373 institia.
838 1297 1050 1373 auctoritate
1063 1296 1297 1371 vindicamus.
1310 1295 1410 1383 Quod
1428 1294 1514 1392 quia

291 1409 535 1482 mercenarius
552 1434 621 1483 non
636 1411 830 1499 faciteam
844 1409 1048 1485 venientem
1068 1409 1190 1507 lupum
1210 1409 1341 1484 viderit
1353 1419 1390 1482 ot
1407 1409 1513 1503 sugit.

292 1518 546 1618 Hieronymus.
557 1523 821 1598 Attendendum
835 1536 889 1598 est
902 1524 993 1620 quod
1002 1523 1176 1598 Dominus
1187 1523 1283 1598 dicit.
1294 1522 1332 1596 si
1346 1546 1515 1618 peccave·

291 1631 339 1705 rit
355 1632 392 1705 in
410 1644 445 1708 te
463 1634 575 1710 frater
590 1646 685 1711 tuus.
704 1636 813 1712 Aliud
829 1647 884 1712 est
900 1661 1047 1736 peccare
1065 1636 1102 1708 in
1119 1635 1231 1723 nobis,
1247 1634 1346 1708 aliud
1363 1646 1418 1709 cst
1434 1659 1514 1731 pec·

290 1768 372 1818 rare
389 1747 426 1818 in
445 1749 571 1822 Deum.
588 1750 627 1822 Si
639 1749 677 1822 in
694 1750 795 1823 nobis
812 1748 943 1848 aliquis
960 1747 1172 1848 peccaverit,
1196 1747 1345 1820 abemus
1363 1755 1514 1841 potesta-

289 1865 361 1931 tem
379 1858 557 1936 dimittere
574 1886 667 1937 eum.
685 1864 723 1936 Si
740 1886 825 1953 vero
843 1864 880 1936 in
907 1865 1020 1935 Deum
1042 1861 1123 1959 quis
1140 1859 1353 1957 peccaverit,
1371 1882 1439 1931 non
1457 1867 1513 1932 cst

289 1972 402 2045 nostri
419 1973 568 2049 arbitrii.
586 1976 768 2077 Scriptum
785 1987 840 2051 est
857 1974 963 2051 enim.
977 1974 1015 2046 Si
1030 1972 1233 2071 peccaverit
1250 1971 1308 2043 vir
1325 1972 1362 2044 in
1381 1970 1513 2060 virum,

290 2082 423 2181 placari
454 2097 567 2183 potest
591 2088 624 2165 ei
651 2093 756 2164 Deus.
782 2091 820 2163 Si
845 2097 966 2163 autem
992 2087 1030 2159 in
1055 2088 1171 2160 Deum
1193 2085 1274 2182 quis
1299 2084 1514 2180 peccaverit,

289 2199 371 2294 quis
387 2199 502 2273 orabit
519 2224 580 2298 pro
596 2206 664 2275 co?
682 2205 755 2275 Nos
771 2226 790 2276 e
807 2200 984 2276 contrario
1000 2199 1039 2271 in
1065 2199 1128 2272 Dei
1151 2198 1283 2271 iniuria
1310 2195 1457 2292 benigni
1476 2207 1513 2270 et

290 2310 534 2386 misericordes
551 2339 688 2400 snmus,
701 2324 737 2389 et
754 2314 818 2387 Dei
835 2313 1003 2387 offensam
1022 2309 1123 2407 quasi
1141 2309 1179 2380 in
1201 2318 1321 2382 nostra
1338 2317 1512 2405 potestate

289 2421 337 2496 sit
353 2421 431 2497 eins
447 2425 540 2499 uelle
559 2436 595 2500 et
611 2427 689 2499 eius
701 2425 806 2514 nolle,
819 2425 965 2521 impune
983 2432 1018 2497 et
1035 2423 1167 2518 absque
1184 2421 1397 2516 congruenti
1416 2422 1514 2517 peni·

288 2536 410 2611 tcntiae
427 2538 588 2613 vindicta
605 2540 787 2613 donamus.
806 2539 897 2614 cum
919 2548 1039 2612 tamen
1065 2536 1150 2634 quid
1175 2536 1212 2609 in
1230 2535 1330 2608 nobis
1348 2535 1514 2609 commis·

288 2673 368 2720 sum
386 2659 451 2737 est,
468 2674 535 2724 nec
552 2651 678 2725 saltem
697 2651 847 2726 verbum
865 2649 1160 2726 contumeliosum
1178 2649 1306 2723 leviter
1323 2648 1515 2745 prolatum,

287 2762 365 2836 sine
382 2763 542 2838 vindicta
563 2764 778 2861 pertransire
796 2764 983 2861 patiamur.
1009 2762 1241 2834 Dimittamus
1258 2783 1346 2854 ergo
1370 2769 1515 2856 propter

288 2876 414 2964 Deum,
432 2878 524 2974 quod
542 2876 579 2949 in
597 2877 697 2950 nobis
714 2886 955 2976 perpetratum
968 2884 1033 2961 est,
1046 2885 1081 2948 et
1097 2873 1190 2970 quod
1202 2873 1240 2945 in
1259 2874 1331 2946 Deo
1348 2873 1514 2946 commis-

287 3012 367 3061 sum
393 3000 447 3065 est
472 2991 556 3088 quia
581 2990 760 3064 dimittere
785 3013 854 3064 non
880 3011 1067 3093 possumus
1093 2987 1193 3059 iuxta
1219 2984 1513 3059 constitutionem

287 3112 493 3177 sanctorum
511 3113 652 3198 patrum
673 3103 906 3179 vindicemus.

786 3392 788 3397 ,
810 3301 986 3386 llbllllll.

657 3507 706 3557 Ex
724 3503 865 3568 epistola
881 3503 984 3566 Papae
1003 3499 1135 3553 Urbani.

383 3674 572 3748 Karissimi
592 3698 777 3750 monemus
794 3682 836 3747 ut
852 3668 1066 3764 intelligatis
1091 3677 1297 3765 potestatem
1324 3668 1513 3766 Episcopo·

289 3811 367 3859 rum
387 3795 599 3874 vestrorum,
616 3787 654 3858 in
672 3787 795 3881 cisque
808 3787 924 3859 Deum
942 3783 1175 3870 veneremini,
1192 3793 1228 3855 et
1244 3806 1302 3856 eos
1315 3792 1356 3855 ut
1368 3782 1512 3857 animas

287 3910 425 3973 vestras
439 3898 657 3993 diligatis,et
674 3898 803 3994 quibus
817 3920 887 3972 non
900 3899 1255 3985 communicantnon
1270 3897 1513 3970 communico-

287 4013 344 4100 tis,
365 4023 402 4086 ct
418 4035 505 4110 quos
525 4013 709 4087 eiecerunt
730 4034 799 4083 non
822 4009 1011 4109 recipiatis.
1032 4011 1146 4084 Valde
1165 4010 1260 4085 enim
1281 4009 1438 4084 timenda
1452 4020 1512 4084 est

286 4125 462 4199 sententia
472 4124 646 4221 Episcopi,
656 4123 740 4197 licet
754 4121 886 4195 iniuste
899 4123 1054 4219 aliquem
1065 4123 1166 4217 liget,
1176 4120 1267 4217 quod
1281 4135 1399 4195 tamen
1413 4144 1513 4192 sum-

286 4260 426 4331 mopcre
444 4237 715 4334 praecavendum
734 4246 797 4310 est.
814 4236 1004 4310 Fabianus.
1022 4238 1059 4308 Si
1077 4233 1171 4308 enim
1190 4235 1227 4306 in
1243 4233 1348 4307 rebus
1361 4232 1512 4306 saecula·

286 4348 384 4421 ribus
397 4374 502 4421 suum
518 4349 694 4446 cuiusque
702 4350 760 4421 ius
769 4359 805 4421 et
813 4349 986 4443 propitius
994 4348 1076 4421 ordo
1086 4346 1283 4421 servandus
1296 4355 1360 4433 est,
1373 4356 1511 4443 quanto

286 4462 403 4555 magis
418 4463 455 4534 in
474 4461 728 4537 ecclesiasticis
745 4460 1033 4557 dispositionibus
1051 4457 1149 4531 nulla
1168 4457 1271 4533 debet
1292 4456 1413 4530 induci
1426 4479 1512 4530 oon·
