3608 5498
952 371 1173 439 -20-¹

432 501 483 573 Ut
499 497 628 572 Clarus
645 506 681 571 et
697 495 859 571 Ecclesia
875 494 979 571 laicis
996 520 1067 571 nou
1084 493 1303 569 subiaceant.
1322 494 1406 591 Cap.
1424 496 1533 567 LIIII.

435 611 539 688 Utin
556 614 714 685 Romana
731 609 893 685 Ecclesia
918 609 1102 684 ordinatus
1127 608 1207 682 aliea
1231 609 1392 683 ecclesiae
1416 632 1488 681 nou
1514 606 1654 684 militet.

508 726 593 824 Cap.
611 727 751 801 CLVII.
769 725 807 798 in
824 724 883 799 lib.
901 727 943 799 Ι.ο

434 840 485 914 ΒΘ
502 839 560 912 his
577 839 639 937 qui
657 838 927 914 transferuntur
944 837 987 911 ab
1005 837 1157 913 ecelesia
1174 837 1213 910 in
1229 836 1338 910 aliam
1356 835 1556 912 eeclesiam.
1570 836 1654 935 Cap.

435 1068 487 1141 ΒΘ
503 1066 705 1141 forensibus
722 1065 873 1142 clericis.
891 1064 1067 1164 Capitula.
1083 1065 1225 1140 Eodem.

435 1181 486 1255 ΒΘ
503 1178 764 1255 oblocutoribus
781 1181 1014 1256 sacerdotum.
1031 1181 1115 1277 Cap.
1133 1180 1172 1254 C.
1189 1179 1227 1251 in
1249 1177 1309 1253 lib.
1322 1179 1390 1253 ΙΙΙο
1409 1202 1485 1276 cap.
1502 1181 1656 1253 XXXII.

508 1293 546 1368 in
564 1295 651 1369 IIII⁰
667 1320 743 1394 cap.
761 1295 883 1371 CLVI.

437 1407 601 1494 Qualiter
618 1408 814 1506 Episcopus
831 1409 979 1485 clericos
1004 1434 1085 1485 suos
1111 1409 1287 1508 corripere
1312 1409 1446 1485 debeat.
1472 1408 1556 1507 Cap.
1582 1413 1655 1484 XL.

509 1526 673 1597 LXVIII.
691 1524 837 1599 CVIIII.

438 1639 490 1712 De
504 1638 719 1737 Presbytero
733 1648 769 1713 et
781 1639 938 1716 Diacono
950 1649 1199 1716 contemnente
1212 1639 1426 1738 Episcopum
1444 1664 1560 1714 suum.
1573 1640 1658 1738 Cap.

489 1753 605 1826 VIIII.
622 1762 659 1827 et
675 1756 756 1827 XII.

438 1867 490 1940 De
514 1865 622 1940 tertia
647 1867 832 1942 vocatione
859 1867 1064 1967 Presbyteri
1091 1876 1175 1941 aute
1200 1865 1279 1940 eins
1309 1866 1548 1941 remotionem.
1573 1866 1658 1963 Cap.

509 1982 590 2054 XII.
608 1982 725 2054 XXII.
741 1984 905 2056 XLVIII.

436 2093 538 2180 Quod
554 2094 688 2191 absque
707 2095 960 2193 Episcoporum
977 2095 1140 2184 concilio,
1158 2093 1360 2169 Cardinalis
1373 2091 1480 2167 Urbis
1493 2096 1591 2167 Rom.
1605 2118 1658 2168 re-

509 2208 642 2283 moveri
660 2232 731 2282 non
748 2209 859 2284 debet.
878 2210 963 2307 Cap.
980 2210 1143 2284 XLVIII.
1160 2208 1361 2281 LXXXIII.
1379 2206 1528 2280 CXXV.

435 2323 489 2396 ΒΘ
505 2322 774 2397 accusatoribus
791 2331 827 2399 et
844 2323 1024 2399 accusatis
1046 2333 1082 2395 ct
1107 2318 1362 2407 defensoribus,
1387 2328 1423 2392 et
1447 2343 1596 2394 numero
1620 2329 1657 2393 et

507 2435 680 2533 qualitate
693 2436 850 2509 testium.
864 2437 948 2534 Cap.
961 2439 1115 2510 XXXII.
1128 2438 1293 2509 LXXXI.
1307 2433 1344 2506 in
1361 2433 1421 2507 lib.
1434 2435 1520 2508 ΙΙΙΙο
1534 2434 1656 2509 CLVI.

435 2551 488 2623 De
505 2548 684 2624 iudicibus
701 2558 737 2625 et
754 2551 926 2647 qualitate
944 2548 1080 2639 iudicii,
1098 2548 1136 2622 in
1154 2550 1187 2622 1⁰
1204 2546 1264 2622 lib.
1282 2572 1357 2645 cap.
1374 2550 1510 2621 XVIII.
1528 2546 1564 2621 in
1587 2550 1656 2621 ΙΙΙο

507 2666 708 2738 LXXXVI.

435 2778 486 2851 De
499 2778 707 2875 presbytero
719 2787 755 2852 et
763 2779 908 2857 diacono
921 2776 1124 2876 segregatis
1137 2776 1182 2850 ab
1191 2777 1363 2875 Episcopo
1372 2799 1446 2850 suo.
1456 2776 1540 2874 Cap.
1555 2779 1655 2851 VIII.

506 2900 542 2964 et
558 2892 621 2964 XI.
639 2899 675 2965 et
691 2893 809 2965 XXII.
826 2893 863 2964 in
882 2892 941 2966 lib.
958 2895 1044 2967 ΙΙΙΙο
1062 2918 1140 2990 cap.
1158 2896 1303 2968 XLVII.

433 3004 533 3091 Quod
549 3028 733 3079 successor
749 3005 945 3103 Episcopus
961 3033 982 3080 a
1000 3007 1181 3083 decessore
1199 3029 1262 3080 suo
1280 3015 1456 3080 remotum
1473 3013 1510 3080 et
1524 3006 1652 3104 recipit

456 3193 464 3204 ,
508 3126 544 3193 et
561 3117 735 3215 provehit.
753 3120 838 3217 Cap.
855 3123 918 3194 XI.
936 3120 1101 3194 CXXIII.

517 3396 752 3501 Expliciunt
771 3396 948 3501 capitula
966 3396 1064 3480 libri
1082 3398 1129 3480 II.
1288 3397 1493 3501 Incipiunt
1511 3398 1576 3480 III.

434 3692 528 3780 Quid
545 3692 618 3765 sint
636 3717 690 3766 res
707 3693 875 3766 ecclesiae.
894 3689 1061 3788 Capitula
1079 3694 1213 3768 XXXI.

435 3809 486 3881 ΒΘ
504 3805 561 3879 his
586 3805 648 3904 qui
673 3806 866 3881 oblationes
890 3805 1052 3881 ecclesiae
1076 3808 1262 3904 accipiunt
1286 3818 1414 3905 prater
1442 3799 1656 3907 Episcopum

508 3920 566 3996 vel
583 3947 666 3995 eum
684 3920 789 3997 cuins
808 3921 965 3996 interest.
983 3922 1069 4016 Cap.
1085 3921 1212 3996 XLIII.

435 4037 488 4110 De
505 4035 706 4133 raptoribus
723 4034 762 4107 in
779 4034 861 4108 aliis
878 4036 1038 4111 terrariis
1056 4035 1135 4135 (sic)
1153 4034 1385 4109 morantibus
1404 4033 1488 4131 Cap.
1505 4033 1578 4109 eod.

436 4148 486 4221 De
504 4145 562 4221 his
578 4147 640 4244 qui
657 4146 724 4220 sub
740 4147 924 4222 occasione
941 4172 1137 4248 pauperum
1155 4148 1339 4246 accipiunt
1349 4136 1496 4222 'easdem
1513 4143 1659 4220 oblatio·

508 4283 581 4333 nes.
599 4259 683 4354 Cap.
700 4259 830 4334 eodem.

435 4373 525 4445 Item
549 4372 592 4446 de
616 4372 824 4470 accipiente,
849 4374 967 4463 dante
992 4375 1204 4473 possidente,
1230 4372 1401 4471 rapiente.
1418 4370 1504 4468 Cap.
1521 4370 1594 4445 cod.
1620 4378 1656 4445 et

509 4487 680 4558 XXVIII.
696 4495 733 4559 et
748 4486 885 4560 XXXI.
901 4496 937 4561 et
954 4489 1107 4561 XXXII.
1125 4495 1161 4561 et
1176 4487 1349 4560 XXXIII.
