3608 5498
797 403 997 466 -484-

288 544 333 595 ex
349 522 501 596 caritate
520 521 580 594 sed
597 545 641 595 ex
655 520 798 618 praemio
816 522 911 596 faeta
928 521 1134 596 constititur
1152 523 1275 596 maiori
1293 526 1518 601 emendatio·

287 658 332 709 ne
351 634 574 732 plectendum
597 645 660 709 est.
678 637 894 709 LXXVIIII.
912 637 952 708 In
980 635 1086 709 rebus
1102 634 1286 730 ambiguis
1302 635 1515 712 absolutum

285 771 354 820 non
373 746 476 822 debet
492 773 569 823 esse
592 747 775 822 iudicium.
796 749 915 822 Grave
939 750 1026 822 satis
1039 758 1075 822 et
1092 748 1261 823 indecens
1273 761 1338 838 est,
1353 760 1393 824 ut
1410 751 1449 822 in
1472 777 1514 825 re

286 860 392 934 dubia
405 870 503 936 certa
520 861 661 936 dicatur
679 861 866 936 sententia.
880 862 1008 936 XCIII.
1022 861 1232 935 Sinodorum
1246 863 1442 937 sententias
1457 889 1515 938 se-

287 983 446 1070 quentes,
461 974 613 1048 minores
626 972 750 1070 culpas
764 998 842 1071 quae
855 983 1036 1070 negantur
1049 974 1175 1049 ulcisci
1195 999 1411 1050 recusamus
1425 979 1516 1051 Pre-

286 1085 409 1161 sbiteri
427 1087 488 1185 qui
506 1088 544 1160 in
561 1086 708 1163 obiectis
725 1088 791 1162 sibi
817 1086 986 1185 capitulis
1011 1089 1269 1163 contumaciter
1296 1089 1513 1186 respondere

287 1200 555 1296 temptaverint,
567 1199 735 1274 volumus
749 1211 790 1274 ut
802 1200 854 1274 eis
872 1211 949 1296 post
961 1205 995 1274 ΙΙ
1008 1212 1043 1276 et
1051 1205 1103 1276 III
1117 1202 1392 1277 admonitIonem
1406 1213 1513 1276 tuam

288 1312 527 1387 ministerium
541 1313 635 1388 sacri
648 1313 967 1389 interdicasofficii.
977 1314 1154 1390 CXCIIII.
1165 1315 1234 1402 Qui
1245 1315 1510 1411 prodeferenda

287 1425 518 1501 accusatione
535 1450 654 1501 sacros
671 1426 810 1502 ordines
826 1426 1015 1524 acceperit,
1032 1426 1164 1500 eisdem
1189 1426 1372 1500 ordinibus
1390 1427 1513 1523 priva·

288 1544 347 1610 tus
364 1562 441 1613 esse
458 1548 565 1636 atque
582 1539 633 1613 ita
645 1539 740 1614 sieut
756 1539 904 1637 depositi
922 1550 1007 1612 sunt
1025 1538 1191 1613 volumus
1209 1564 1426 1637 permanere,
1438 1564 1513 1614 nee

288 1674 447 1746 unquam
467 1651 534 1726 sub
547 1652 706 1749 qualibet
722 1652 964 1727 excusationis
977 1652 1093 1750 speeie
1110 1653 1147 1725 in
1161 1677 1279 1727 sacros
1296 1653 1437 1726 ordines
1454 1678 1514 1727 re·

289 1765 408 1837 vocari
432 1766 768 1842 decernimusNam
787 1766 894 1840 nimis
911 1764 1101 1859 indignum
1119 1775 1238 1850 estut
1255 1765 1384 1839 honere
1400 1789 1511 1862 quem

290 1899 359 1949 non
382 1902 426 1952 ex
442 1880 581 1954 meritis
597 1881 658 1955 sed
683 1905 745 1978 pre
769 1881 914 1955 sceleris
940 1902 1126 1974 percepere
1151 1878 1364 1973 fungantur,
1381 1878 1441 1951 sod
1470 1878 1512 1950 in

288 1988 411 2064 ordine
428 1988 573 2089 locoque
590 2017 655 2067 suo
668 1993 761 2067 unde
776 1993 820 2066 ad
833 2013 952 2067 sacros
969 1990 1110 2064 ordines
1128 1991 1276 2086 promoti
1294 1991 1438 2064 fuerant
1450 2015 1514 2063 vo-

288 2098 408 2176 lumus
421 2104 790 2181 revocariCommoda
804 2128 888 2180 vero
900 2130 965 2178 sua
983 2104 1178 2179 secuudum
1197 2106 1313 2179 locum
1333 2116 1368 2179 et
1385 2105 1513 2179 ordine

289 2211 325 2285 in
344 2238 413 2311 quo
430 2218 580 2316 quisque
598 2241 717 2293 eorum
738 2229 803 2305 est,
821 2217 915 2292 sieut
932 2228 1010 2292 erat
1026 2216 1152 2291 solitus
1165 2218 1336 2314 accipere,
1354 2217 1402 2290 ita
1416 2218 1514 2291 acci·

288 2324 415 2423 piebat.
432 2329 490 2402 Illi
508 2329 720 2405 confessioni
738 2329 953 2405 credendum
971 2339 1035 2417 est,
1052 2354 1158 2426 quam
1177 2329 1359 2403 subtilitas
1375 2330 1513 2402 exami-

287 2438 345 2512 nis
362 2440 449 2516 eicit
465 2467 508 2517 ex
521 2442 707 2518 heceultis.
724 2445 776 2516 Ea
794 2464 878 2517 vero
895 2467 1001 2540 quam
1020 2441 1213 2517 vehemens
1229 2441 1511 2533 afflietio'extor-

289 2561 384 2646 quet,
408 2555 487 2648 agit
511 2579 619 2651 super
644 2555 814 2652 equitate,
839 2566 880 2627 ut
906 2555 1050 2627 noxium
1081 2580 1118 2628 se
1147 2554 1301 2627 fateatur·
1330 2553 1510 2626 innoxius,

288 2663 349 2736 Illi
368 2666 482 2741 solent
500 2668 665 2741 manibus
686 2668 864 2755 excedere,
882 2668 943 2764 qui
962 2669 1000 2740 iu
1013 2691 1120 2741 sensu
1135 2678 1170 2740 et
1183 2666 1310 2761 lingua
1326 2667 1511 2739 deficiunt.

289 2779 407 2874 Turpe
423 2790 478 2853 est
495 2780 681 2854 defendere
699 2780 789 2877 quod
807 2782 907 2876 prius
932 2804 1001 2853 non
1028 2780 1234 2854 constititur
1258 2781 1392 2852 iustum
1420 2804 1510 2853 osse.

287 2890 397 2963 Nulla
416 2878 551 2968 ratione
576 2895 722 2993 patitur,
749 2904 789 2967 ut
815 2894 852 2965 in
877 2893 934 2966 his
959 2917 1038 2988 quae
1063 2916 1124 2989 pro
1149 2892 1306 2966 utilitate
1330 2889 1511 2986 generali·

289 3004 373 3078 tatis
391 3005 521 3103 aliquis
538 3008 725 3104 impendis,
746 3006 888 3104 aliquod
914 3007 1089 3079 sustineat
1110 3005 1243 3078 iniuste
1269 3004 1506 3101 dispendium.

288 3117 411 3192 CCIII.
438 3126 658 3196 decusatum
684 3121 931 3219 symoniacum
961 3142 1104 3192 necesse
1133 3118 1325 3191 habuimus
1355 3139 1512 3191 summo·

288 3255 370 3328 pere
395 3256 457 3329 per
474 3235 608 3330 scripta
621 3244 742 3308 nestra
768 3232 962 3330 probibere,
980 3255 1024 3304 ne
1050 3230 1237 3303 missarum
1256 3229 1441 3304 sollemnia
1454 3253 1512 3303 ce·

290 3343 427 3421 lebrare
447 3346 636 3432 debuisset,
661 3346 771 3419 donee
797 3345 889 3442 quod
912 3367 989 3418 esse
1010 3343 1132 3418 verius
1153 3343 1389 3440 potuissemus
1414 3340 1513 3413 addi·

289 3482 397 3532 scere.
420 3459 584 3533 Personis
610 3458 788 3553 religIosis
809 3458 839 3530 si
861 3457 951 3531 forte
971 3465 1012 3529 ut
1029 3455 1160 3530 assolet
1178 3455 1299 3552 aliqua
1324 3452 1512 3550 quomodo·

289 3570 377 3645 libet
393 3571 504 3645 fucrit
515 3580 599 3644 nata
618 3570 783 3667 suspicio
796 3580 831 3643 et
844 3569 1038 3643 electorum
1058 3567 1340 3642 desideraverint
1353 3566 1442 3639 forte
1457 3565 1512 3637 iu·

289 3681 436 3769 dicium,
456 3682 583 3755 subvia
599 3680 806 3755 executione
823 3681 980 3775 eligendi
998 3681 1052 3754 fas
1070 3679 1222 3754 habeant
1244 3679 1447 3775 cognitores
1465 3702 1511 3750 ne

289 3805 387 3868 actor
405 3795 499 3892 apud
524 3803 729 3891 suspectum
755 3793 930 3888 litigando
952 3793 1116 3867 videatur
1138 3792 1382 3890 praeiudicium
1401 3790 1511 3864 susti-

290 3930 384 3980 nere.
402 3906 662 3982 CCLXXXIII.
678 3908 733 3978 Ne
751 3928 820 4001 qua
839 3904 881 3978 de
897 3904 955 3978 his
971 3929 1051 4002 quae
1067 3905 1162 3979 dicta
1180 3905 1324 3978 fuerant
1345 3903 1383 3975 in
1401 3911 1435 3976 te
1452 3927 1513 3974 su·

289 4019 399 4116 spicio
420 4028 629 4105 remaneret,
645 4017 689 4090 ad
715 4016 958 4113 plenissimam
976 4024 1011 4089 te
1028 4013 1306 4090 satisfactionem
1328 4014 1372 4087 ad
1393 4036 1512 4086 sacra·

289 4133 470 4206 tissimum
499 4157 626 4232 eorpus
655 4130 748 4205 beati
774 4129 870 4203 Petri
900 4128 1071 4202 distracta
1100 4127 1253 4202 lecimus
1282 4135 1509 4200 sacramenta

291 4244 454 4341 praebere.
485 4245 554 4330 Qui
583 4267 653 4317 nou
683 4243 835 4337 corrIgit
865 4241 1055 4316 resecanda
1092 4239 1293 4315 committit.
1324 4237 1509 4312 CCCLIII.

292 4357 330 4429 si
355 4357 436 4452 quis
460 4367 585 4429 eontra
610 4355 804 4453 quemlibet
821 4352 994 4427 clericum
1021 4376 1166 4427 causam
1193 4350 1371 4435 habuerit,
1395 4350 1509 4446 ipsius

291 4469 491 4568 episcopum
514 4468 627 4554 adeat,
644 4479 686 4543 ut
709 4478 774 4540 aut
798 4468 872 4564 ipse
890 4474 1093 4559 cognoseat,
1109 4473 1173 4537 aut
1190 4473 1286 4538 certe
1303 4461 1440 4559 abipso
1457 4461 1512 4533 iu·
