3608 5498
806 414 1003 482 -2‘14-

297 532 494 631 unicuique
510 531 594 607 dare
620 533 850 632 prospexeris,
867 537 945 610 sine
970 534 1091 634 aliqua
1113 536 1269 635 praebere
1286 537 1391 613 debes
1407 539 1516 614 tardi-

297 656 381 722 tate.
406 647 504 723 Idem
527 646 729 722 Gaudentio
746 648 908 747 episcopo
924 649 1071 726 Nolano.
1089 652 1241 728 Clericis
1259 654 1438 751 Capuanae
1451 680 1517 730 aec·

296 759 415 835 clesiae
427 761 489 859 qui
503 760 540 834 in
553 760 788 857 Neapolitana
805 760 953 839 civitate
971 765 1184 854 consistunt,
1202 777 1367 865 quartam
1383 768 1422 840 in
1440 793 1517 866 pre·

294 873 496 971 sbyterium
514 884 568 949 est
585 873 627 949 de
645 873 712 949 hcc
729 875 821 972 quod
838 877 1026 953 antedictae
1043 879 1215 955 aecclesiae
1237 879 1394 976 singulis
1409 881 1515 955 annis

294 989 497 1078 accesserit,
506 988 606 1064 iuxta
615 989 801 1087 antiquam
814 991 1110 1067 consuetudinem
1124 993 1308 1083 distribue,
1317 995 1514 1069 secundum

296 1126 526 1200 personarum
544 1103 767 1201 qualitatem,
783 1114 825 1178 ut
842 1104 986 1203 aliquod
1002 1106 1256 1203 stipendiorum
1275 1105 1447 1182 habentes
1464 1131 1516 1182 so·

294 1217 426 1293 lacium
453 1216 693 1293 ministerium
719 1219 946 1318 officiumque
971 1245 1078 1294 suum
1103 1220 1202 1295 circa
1226 1222 1375 1296 eandem
1392 1218 1516 1296 aecclc·

296 1331 386 1406 siam
404 1331 567 1407 devotius
584 1332 801 1432 impendant.

831 1475 1022 1582 lxxxi,

390 1675 587 1772 Gregorius
616 1676 766 1752 Iohanni
792 1677 1044 1752 Panormitano
1075 1676 1245 1776 episcopo.
1271 1678 1514 1754 Possessiones

295 1788 411 1885 igitur
428 1790 458 1863 si
476 1814 556 1887 quae
580 1801 667 1866 sunt
691 1789 764 1863 alia
788 1790 1028 1867 ecclesiastico
1052 1792 1123 1865 iuri
1148 1793 1385 1890 competentia
1410 1802 1446 1869 et
1469 1793 1514 1867 ab

294 1904 474 1979 extraneis
492 1904 647 1979 indebite
671 1903 888 1994 detinentur,
904 1929 988 1978 cnm
1013 1903 1109 1978 omni
1131 1903 1248 1978 studio
1264 1917 1406 1978 servata
1423 1905 1513 1980 civi·

292 2016 405 2106 litate,
421 2018 459 2090 in
485 2017 542 2091 ius
559 2017 730 2093 acclesiae
751 2029 824 2093 tuae
841 2042 1006 2117 reparare
1032 2017 1175 2107 festina,
1192 2027 1234 2092 ut
1258 2016 1458 2114 neglegens
1475 2017 1513 2090 in

292 2131 412 2229 aliquo
427 2129 542 2206 videri
560 2155 630 2206 non
646 2130 778 2208 valeas.

822 2273 993 2357 LXXXII.

388 2474 586 2569 Gregorius
604 2474 764 2548 Castorio
781 2473 952 2570 episcopo.
967 2470 1141 2546 Abbatom
1163 2495 1248 2546 vero
1264 2472 1423 2547 eiusdem
1443 2495 1514 2545 mo-

291 2587 453 2676 nasterii,
468 2611 538 2662 non
555 2587 669 2660 alium
686 2588 747 2663 sed
768 2611 874 2685 quem
900 2585 1051 2681 dignum
1079 2584 1237 2658 moribus
1260 2596 1297 2659 et
1314 2594 1436 2660 actum
1462 2585 1515 2658 di-

290 2699 441 2798 scipline
465 2702 671 2776 monasticae
693 2701 873 2777 communi
896 2723 1072 2776 consensu
1100 2700 1334 2795 congregatio
1359 2709 1433 2773 tota
1457 2722 1515 2796 po-

292 2817 443 2912 poscerit
467 2815 624 2890 ordinari
649 2816 827 2890 volumus
867 2815 997 2888 Missas
1021 2823 1143 2888 autem
1169 2812 1244 2889 illic
1271 2811 1431 2912 publicas
1452 2837 1515 2911 per

290 2929 469 3026 episcopos
486 2930 562 3004 fieri
588 2931 684 3003 omni
715 2930 816 3004 modo
844 2927 1084 3027 prohibemus,
1110 2952 1154 3002 ne
1178 2927 1217 3000 in
1243 2952 1428 3002 servorum
1447 2927 1512 3001 nei

290 3041 489 3119 recessibus
517 3042 746 3142 popularibus
774 3041 916 3117 occasio
945 3039 1145 3141 praebeatur
1163 3039 1237 3114 nlla
1262 3039 1510 3129 conventibus,

293 3156 354 3232 vel
371 3157 563 3232 mulierum
581 3158 643 3231 fiat
659 3181 774 3232 novus
791 3157 971 3244 introitus,
984 3165 1021 3229 et
1040 3154 1275 3251 simpliciores
1292 3179 1336 3228 ex
1351 3152 1419 3228 hoc
1435 3153 1511 3225 ani-

292 3272 370 3342 mas
389 3268 600 3368 plerumque
617 3270 708 3368 quod
726 3268 821 3345 absit
836 3268 875 3342 in
893 3268 1101 3346 scandalum
1118 3267 1248 3345 trahat.

806 3494 996 3580 LXXXIII.

300 3769 302 3774 ·
386 3722 583 3817 Gregorius
597 3723 701 3795 Petro
713 3720 937 3802 subdiacono
946 3725 1044 3796 Inter
1056 3730 1195 3796 caetera.
1205 3721 1242 3794 Si
1258 3719 1513 3795 monasterium

287 3834 510 3934 prephatum
527 3835 643 3911 sancti
660 3834 830 3910 Theodori
848 3835 937 3909 fines
953 3833 995 3907 de
1012 3831 1143 3930 quibus
1168 3831 1328 3907 causatio
1345 3841 1440 3906 mota
1456 3841 1513 3907 est

288 3950 510 4026 inconcussis
527 3952 592 4024 XL
607 3949 713 4023 annis
728 3949 923 4046 possedisse
948 3944 1156 4042 reppereris,
1181 3944 1319 4018 nullam
1345 3944 1514 4042 deinceps

288 4063 398 4138 etiam
424 4063 454 4138 si
472 4063 557 4162 qnid
573 4071 709 4138 sanctae
726 4065 894 4136 Romanae
911 4057 1082 4134 aecclesie
1098 4068 1295 4157 competere
1312 4058 1438 4155 potuit,
1455 4081 1515 4155 pa·

287 4176 371 4250 tiari
380 4176 558 4251 sustinere
571 4175 801 4252 calumniam.
811 4175 847 4247 Si
859 4198 943 4249 vero
955 4183 1091 4249 actores
1104 4172 1275 4249 aecclesiae
1284 4197 1354 4248 non
1367 4196 1426 4247 eos
1435 4195 1512 4270 pos·

288 4287 432 4377 sedisse,
444 4291 509 4362 XL
521 4287 626 4362 annis
642 4288 854 4363 inconcusso
871 4285 949 4362 inre
966 4285 1257 4373 monstraverint,
1277 4286 1337 4361 sed
1354 4285 1512 4382 aliquam

287 4398 384 4474 intra
395 4409 555 4498 tempora
567 4399 645 4474 h'aec
657 4410 787 4475 motam
801 4399 913 4474 fuisso
925 4397 1116 4496 aliquando
1129 4397 1362 4494 questionem,
1375 4408 1514 4472 eornm·

286 4511 369 4587 dem'
389 4512 508 4586 linivit
524 4512 650 4588 electis
666 4511 817 4588 arbitris
828 4508 1025 4609 tranquille
1041 4519 1078 4586 et
1090 4507 1258 4604 legaliter
1270 4508 1439 4607 sopiatur.
