3608 5498
800 387 996 451 -168-

287 536 369 586 rum
399 508 676 585 sanctissimum
701 506 851 583 senioris
880 509 1000 582 Rornae
1031 511 1164 606 Papam
1191 509 1347 608 primum
1372 532 1450 585 esse
1474 532 1509 584 0-

288 623 425 699 mnium
443 621 687 712 Sacerdotum
703 619 950 697 beatissimum
964 632 1085 699 autern
1097 619 1403 724 archiepiscopum
1418 624 1510 702 Ocn-

287 737 561 838 stantinopoleos
579 760 681 812 novae
697 739 817 811 Romae
834 736 1033 820 secundum
1050 736 1182 813 habere
1194 736 1325 828 locum,
1339 747 1417 836 post
1429 763 1510 839 san·

285 863 383 929 ctam
398 851 627 950 apostolicam
645 850 761 927 sedem
776 848 926 926 senioris
943 852 1071 924 Rornae.
1090 848 1184 925 Aliis
1196 860 1317 926 autem
1342 851 1509 927 omnibus

286 964 430 1042 sedibus
448 973 683 1063 praeponatur.
700 966 769 1039 Per
793 972 935 1061 tempus
951 972 1072 1038 autem
1095 961 1341 1038 beatissimum
1366 963 1511 1062 Episco-

286 1103 372 1178 pum
390 1077 514 1177 primae
530 1076 741 1152 Iustinianae
757 1085 888 1151 nostrae
905 1077 1032 1173 patriae
1048 1077 1178 1153 habere
1199 1102 1339 1175 semper
1359 1078 1425 1154 sub
1444 1102 1510 1153 sua

288 1191 379 1268 iuris
391 1191 544 1267 dictione
562 1190 742 1288 episcopos
759 1190 1027 1287 provinciarum
1046 1192 1168 1267 Daciae
1184 1192 1453 1270 mediterraneae
1473 1201 1510 1268 et

288 1305 408 1380 Daciae
417 1304 579 1404 ripensis,
590 1302 761 1391 Perbalis‚
769 1312 806 1378 et
814 1304 1184 1395 Dardaniae‚atMisiae
1193 1307 1395 1406 superioris,
1403 1317 1511 1406 atqua

288 1417 482 1494 Pannonia
501 1427 537 1494 et
549 1417 594 1492 ab
610 1439 651 1492 eo
667 1416 732 1491 hos
748 1415 914 1493 ordinari.
931 1419 1053 1516 Ipsum
1071 1443 1155 1495 vero
1167 1445 1189 1493 a
1202 1420 1341 1519 proprio
1353 1420 1510 1495 ordinari

288 1530 451 1622 concilio,
460 1529 543 1607 etin
553 1528 724 1605 subiectis
736 1528 803 1603 sibi
816 1529 1012 1626 provinciis
1020 1531 1138 1608 locum
1152 1532 1312 1631 optinere
1321 1557 1402 1609 eum
1417 1532 1511 1609 sedis

288 1644 500 1744 Apostolicae
516 1647 683 1718 Romanae
700 1643 899 1719 secundum
916 1669 958 1720 ea
971 1669 1050 1744 quae
1062 1646 1215 1721 diffinita
1229 1657 1314 1722 sunt
1326 1673 1348 1721 a
1361 1646 1511 1722 sanctis·

288 1757 379 1833 simo
395 1760 490 1856 Papa
507 1756 608 1831 Iulio.
626 1754 751 1830 Simile
768 1778 907 1856 quoque
925 1760 1024 1835 modo
1041 1760 1098 1835 ius
1115 1761 1208 1859 quod
1220 1760 1391 1863 Episcopo
1403 1763 1510 1838 Iusti-

289 1872 406 1946 nianaa
423 1869 587 1946 Pontifici
605 1870 813 1966 cartaginis
830 1871 1013 1948 Africanae
1029 1872 1190 1948 civitatis
1216 1874 1390 1965 dedimus,
1407 1882 1443 1950 et
1463 1899 1511 1951 ex

289 2011 359 2086 quo
375 1988 472 2061 Deus
488 1984 583 2059 hanc
598 1983 699 2059 nobis
717 1983 886 2073 restituit,
908 2010 1051 2062 servare
1076 1986 1250 2062 iubemus.
1276 1989 1346 2063 Sed
1370 1997 1407 2063 et
1430 1987 1512 2064 aliae

288 2102 455 2180 civitates
470 2109 507 2177 et
523 2100 653 2174 harum
670 2099 854 2198 Episcopis
867 2099 999 2198 quibus
1015 2099 1053 2174 in
1071 2098 1225 2176 dirersis
1240 2101 1328 2178 locis
1341 2112 1512 2202 metropo

288 2216 365 2292 litis
378 2241 462 2292 cum
474 2216 533 2290 ius
542 2212 816 2313 praestitumlest
825 2213 1029 2289 huiusmodi
1043 2213 1236 2315 privilegio
1248 2215 1286 2289 in
1299 2226 1511 2316 perpetuum

290 2331 487 2430 potiuntur.
500 2328 597 2404 Idem
616 2327 653 2400 in
671 2327 802 2403 eodem.
816 2331 949 2402 Tannae
962 2326 1353 2425 Constantinopolitano
1369 2329 1513 2427 Episco

289 2469 342 2546 po.
358 2443 454 2519 Illud
470 2465 609 2541 quoque
634 2440 838 2530 sancimus.
848 2440 1020 2540 quatinus
1046 2441 1243 2518 secundum
1268 2441 1340 2514 iam
1365 2468 1386 2515 a
1412 2442 1514 2519 nobis

290 2557 463 2658 prolatam
490 2554 680 2652 legendam
707 2553 879 2629 amabiles
904 2555 1069 2654 Episcopi
1094 2554 1132 2629 iri
1158 2556 1235 2630 suis
1258 2555 1421 2632 ecclesiis
1441 2582 1515 2631 ma·

290 2679 410 2760 meant,
426 2678 463 2744 et
478 2690 550 2742 non
568 2666 774 2767 relinquant
788 2692 849 2743 aas
861 2676 1022 2767 tempore
1036 2668 1160 2760 multo,
1172 2678 1208 2745 et
1220 2679 1352 2767 cogant
1364 2694 1426 2768 per
1437 2694 1515 2769 pro

291 2782 495 2860 vinciarum
512 2780 743 2857 oechonomos
760 2805 933 2880 expensas
945 2780 1014 2858 sibi
1031 2782 1263 2873 trasmittere,
1281 2792 1317 2858 et
1333 2783 1516 2860 sanctissi-

291 2924 350 2973 ma
366 2895 519 2974 ecclesia
535 2895 710 3004 expendat
727 2896 883 2993 quidem,
900 2895 976 2993 ipse
989 2919 1075 2972 vero
1089 2921 1195 2971 suum
1209 2896 1268 2972 ius
1280 2897 1312 2972 ei
1326 2897 1514 2974 observare

283 3036 363 3088 wnon
380 3010 548 3110 patiatur.
565 3009 756 3085 Sancimus
773 3009 889 3107 igitur
905 3036 927 3085 a
943 3009 1044 3085 nobis
1061 3010 1134 3084 iam
1152 3009 1270 3107 legem
1298 3011 1449 3109 positam
1475 3012 1514 3086 in

291 3149 357 3203 sua
373 3126 508 3201 virtute
525 3133 739 3215 manentem,
756 3123 787 3199 si
804 3122 959 3200 defuerit
971 3126 1044 3200 Deo
1060 3123 1226 3199 amabilis
1243 3124 1442 3224 Episcopus
1459 3149 1514 3202 ec·

292 3240 411 3318 clesiae
431 3265 506 3315 suae
529 3237 685 3336 amplius
710 3247 852 3337 tempus
876 3236 1016 3312 nullam
1042 3237 1076 3312 ei
1101 3237 1235 3312 emittit
1255 3263 1446 3337 expensam
1471 3241 1515 3316 de

292 3352 488 3454 provincia,
505 3353 564 3427 sed
583 3351 681 3426 illam
699 3351 845 3450 quidem
862 3341 960 3429 circa
985 3360 1090 3427 actus
1117 3352 1192 3450 pios
1217 3353 1378 3451 expendi,
1395 3355 1513 3452 ipsum

292 3490 378 3545 vero
395 3476 575 3543 errantem
592 3487 663 3538 non
680 3465 845 3562 expensis
860 3464 1011 3541 ecelesia
1030 3489 1258 3566 pergratiam,
1275 3492 1358 3543 cum
1376 3476 1515 3542 certum

293 3584 352 3672 sit,
367 3580 451 3679 quia
475 3579 507 3654 si
524 3578 677 3678 plurimo
701 3588 856 3677 tempore
873 3579 1039 3668 deluerit,
1057 3605 1137 3679 quae
1153 3581 1225 3654 iam
1242 3607 1264 3655 a
1289 3581 1390 3657 nobis
1406 3605 1515 3680 super

293 3720 376 3773 cum
402 3694 539 3770 sancita
561 3702 648 3768 sunt
671 3691 853 3768 valebunt.
878 3696 925 3769 Et
949 3693 1054 3768 infra.
1080 3696 1184 3769 Hanc
1210 3693 1331 3792 itaque
1356 3703 1515 3769 nostram

292 3810 410 3906 legem
433 3817 470 3884 et
493 3806 677 3883 adsedem
702 3815 775 3881 tuae
798 3806 1044 3897 beatitudinis,
1067 3815 1104 3882 et
1127 3816 1262 3882 ceteros
1287 3808 1516 3883 Patriarchas

295 3923 451 4013 missam,
467 3921 536 4022 ipsi
553 3946 615 4020 per
631 3920 771 3996 litteras
795 3921 955 4022 proprias
979 3920 1046 3996 sub
1067 3921 1199 3997 vestris
1215 3920 1448 4020 metropolitis
1465 3923 1483 3997 f
1502 3967 1516 3980 -

294 4038 397 4114 cietis
415 4037 656 4126 manifestum,
669 4045 711 4110 ut
727 4035 781 4109 illi
794 4035 911 4135 palam
924 4034 1060 4110 faciant
1072 4035 1139 4110 sub
1156 4059 1193 4110 se
1210 4035 1416 4110 constitutis
1433 4035 1517 4136 Epi·

295 4151 420 4250 scopis,
438 4161 480 4226 ut
495 4149 637 4225 nullum
656 4148 782 4225 latebit
799 4173 915 4247 quaea
938 4148 1039 4224 nobis
1056 4150 1252 4225 constituta
1269 4157 1364 4224 sunt.
