3608 5498
677 433 716 450 -
743 400 809 466 ιιι
837 437 877 452 -

674 575 882 665 LXllllllll.

259 760 457 855 Gregorius
476 762 580 834 Petro
597 759 810 835 subdiacono
828 757 970 833 Siciliae.
989 758 1088 830 Inter
1105 764 1243 831 caetera.
1257 758 1389 832 Prata·

164 895 224 948 rea
240 871 408 947 volumus
427 883 466 948 ιιι
483 873 513 946 si
531 875 671 972 quando
689 899 747 950 eos
765 873 826 972 qui
844 881 930 945 sunt
954 871 992 945 in
1017 868 1185 968 obsequio
1207 869 1387 968 experien-

162 987 222 1062 tie
234 997 305 1062 tuas
319 988 355 1061 in
369 988 549 1086 aliquibus
562 991 682 1064 causis
699 1015 778 1088 quaa
791 995 877 1062 sunt
889 996 990 1061 extra
1004 983 1257 1082 patrimonium
1273 994 1388 1058 traus-

163 1101 288 1191 mittis,
307 1127 417 1200 parva
442 1102 584 1200 quidem
610 1129 656 1179 ex
678 1103 730 1178 eis
755 1099 938 1179 commoda
963 1097 1153 1196 accipiant.
1170 1098 1239 1175 Sed
1263 1109 1386 1176 tamen

163 1214 271 1289 itaut
289 1215 325 1289 in
344 1240 465 1291 eorum
484 1216 679 1293 utilitatem
706 1214 894 1315 proficiant
918 1213 1086 1313 quoniam
1111 1237 1176 1288 uos
1200 1213 1386 1289 sacculum

162 1326 333 1404 aecclesiae
348 1353 393 1404 ex
409 1330 525 1429 turpis
543 1330 704 1405 luoribus
721 1329 889 1404 nolumus
903 1328 1103 1426 inquinare.
1120 1331 1167 1402 Et
1179 1327 1285 1424 longe
1299 1328 1387 1404 infe

164 1441 250 1515 rius.
261 1442 330 1529 Qui
343 1442 512 1518 aecclesias
526 1442 711 1541 stipendiis
723 1443 896 1533 subsistit,
905 1443 950 1517 ad
963 1442 1065 1518 lucra
1078 1441 1217 1541 propria
1226 1466 1297 1517 uon
1306 1468 1387 1518 ane·

162 1555 222 1631 let.
240 1557 277 1630 Si
296 1558 381 1655 quid
405 1581 489 1632 vero
513 1559 590 1633 siue
616 1569 771 1657 peccato,
799 1559 875 1633 sine
901 1558 1062 1656 appetitu
1088 1558 1387 1655 concupiscentias

163 1694 226 1767 per
250 1694 308 1746 eos
333 1671 395 1770 qui
420 1696 548 1747 causas
564 1682 682 1768 agunt
697 1670 857 1748 ecclesia
878 1671 923 1745 ad
947 1670 1136 1746 ecclesiam
1161 1670 1312 1760 venerit,
1336 1671 1389 1746 di·

162 1807 277 1880 gnum
296 1793 350 1860 est
366 1795 408 1860 ut
426 1785 492 1883 ipsi
510 1785 615 1860 vacui
633 1811 677 1861 ex
693 1784 810 1861 labore
824 1809 887 1860 suo
899 1809 976 1860 esse
989 1809 1060 1860 non
1073 1784 1233 1860 debeant.
1246 1785 1316 1860 Sed
1329 1807 1389 1858 no

163 1907 237 1973 stro
253 1907 456 1975 reservetur
472 1899 604 1974 iudicio
619 1898 773 1997 qualiter
794 1897 1015 1975 remunerari
1036 1897 1196 1974 debeant.
1206 1892 1265 1971 'Ex
1283 1897 1386 1972 fami·

162 2010 212 2083 lia
229 2013 360 2087 verosi
378 2013 459 2110 quis
476 2013 619 2111 eulpam
638 2013 775 2100 lecerit,
791 2013 829 2086 in
843 2013 918 2111 ipso
931 2013 1073 2112 quidem
1095 2021 1137 2088 ut
1153 2010 1305 2109 dignum
1331 2022 1387 2088 est

162 2124 384 2215 iudicetur,a
402 2126 582 2202 commodo
599 2134 717 2200 autem
736 2125 768 2199 ei
787 2126 1021 2215 abstineatur,
1046 2125 1116 2200 nisi
1141 2125 1232 2201 forte
1258 2151 1386 2225 parum

160 2236 313 2336 aliquod,
325 2240 417 2337 quod
430 2240 468 2313 in
481 2266 588 2314 usum
598 2238 797 2315 executoris
810 2239 872 2338 qui
885 2239 928 2314 ad
942 2264 1024 2314 eum
1034 2239 1387 2316 transmisimusfue·

162 2353 210 2427 rit
223 2355 390 2451 proficere
409 2356 528 2453 possit.
546 2358 717 2430 Parentes
733 2363 854 2428 autem
873 2352 1103 2428 morientium
1120 2352 1234 2451 quiin
1251 2376 1386 2453 posses·

161 2466 257 2542 sione
276 2467 445 2544 aeclesiae
461 2468 609 2565 degunt,
626 2467 774 2543 heredes
787 2467 838 2542 eis
850 2466 1032 2542 accedant.
1049 2467 1146 2541 Idem
1163 2466 1385 2543 adeundam.

161 2584 239 2655 Tua
255 2582 472 2680 experientia
485 2592 618 2658 sanctae
631 2581 801 2658 aecelesiae
819 2581 1013 2656 utilitatem
1027 2579 1236 2679 conspiciat,
1250 2604 1385 2657 memor

161 2697 253 2793 quod
270 2708 353 2772 ante
370 2697 655 2773 sacratissimum
673 2695 767 2770 beati
785 2693 883 2769 Petri
902 2691 1061 2792 Apostoli
1080 2716 1208 2792 corpus
1233 2691 1402 2792 potesta?

161 2820 233 2885 tem
252 2810 456 2908 patrimonii
482 2810 562 2886 eius
586 2808 773 2908 acceperit,
790 2818 827 2883 et
851 2806 937 2882 licet
960 2807 1051 2904 quod
1068 2805 1155 2882 hinc
1176 2806 1310 2905 scripta
1326 2806 1384 2882 de·

162 2933 320 3013 current,
337 2924 428 3020 quod
453 2922 648 2999 utilitatem
666 2920 871 3021 patrimonii
888 2920 1068 3019 impediat,
1085 2919 1287 2996 nullomodo
1307 2946 1384 3019 per·

64 3061 70 3071 ·
163 3036 293 3126 mittat,
303 3037 388 3135 quia
405 3061 471 3112 nee
488 3060 551 3111 nos
569 3037 646 3112 sine
664 3036 799 3112 ratione
815 3033 950 3132 aliquid
967 3034 1104 3110 dedisse
1127 3033 1383 3125 reminiscitur,

161 3148 219 3223 rol
237 3149 321 3224 dare
337 3148 567 3247 disponimus.

690 3246 860 3331 LXXXV.

262 3377 460 3474 Gregorius
474 3376 580 3452 Leoni
598 3375 760 3476 episcopo
773 3378 968 3454 Catinensi.
984 3378 1038 3454 Ad
1051 3379 1116 3454 hoc
1130 3377 1285 3453 locorum
1300 3400 1382 3474 gra·

166 3492 234 3565 dus
252 3493 401 3566 rationis
417 3492 499 3566 ordo
523 3491 698 3580 distinxit,
715 3500 752 3567 et
776 3490 908 3566 iudicia
931 3517 1008 3567 esso
1034 3492 1232 3582 constituit,
1248 3502 1289 3567 ut
1314 3517 1381 3568 nec

165 3605 343 3704 praepositi
362 3607 398 3678 in
417 3605 663 3704 opprimendos
680 3631 717 3680 se
739 3605 874 3680 frustra
899 3604 1044 3681 valeant
1067 3631 1241 3705 occupare
1266 3606 1382 3682 subie-

165 3730 251 3810 ctos,
268 3745 335 3795 nec
361 3719 544 3816 subgestis
570 3719 700 3794 iterum
727 3727 850 3794 eontra
876 3740 959 3792 suos
984 3721 1187 3817 prepositos
1211 3720 1380 3795 effrenata

163 3835 211 3907 sit
233 3832 430 3908 resultandi
455 3831 611 3908 lieentia.
629 3831 808 3907 Volumus
832 3855 919 3929 ergo
943 3842 985 3907 ut
1012 3833 1181 3932 quicquid
1209 3831 1380 3910 ecclesie

162 3957 234 4022 tuoe
263 3971 307 4021 ex
333 3945 472 4022 redditu
498 3944 558 4020 vel
583 3944 740 4044 quolibet
764 3944 835 4020 alio
858 3945 965 4022 titulo
990 3947 1152 4023 fortassis
1176 3948 1379 4036 accesserit,

161 4069 325 4157 quartam
348 4058 473 4134 exinde
499 4081 562 4156 pro
586 4059 743 4157 portione
760 4061 837 4135 sine
862 4060 1097 4137 diminutione
1114 4060 1236 4160 aliqua
1252 4060 1380 4137 debeas

162 4196 367 4268 segregare,
391 4183 499 4270 atque
527 4196 606 4247 eam
636 4172 832 4247 secundum
863 4174 926 4248 Dei
953 4174 1117 4248 timorem
1145 4172 1378 4272 presbyteris,

161 4285 389 4373 diaconissa
413 4285 508 4360 clero
532 4295 574 4359 ut
593 4285 659 4361 tibi
676 4285 797 4360 visum
822 4286 932 4362 fuerit
955 4287 1109 4363 discrete
1133 4285 1303 4362 dividere.
1321 4290 1376 4361 Ita

160 4410 305 4474 sanent
323 4398 517 4499 unicuique
533 4400 563 4474 si
583 4400 750 4474 meritum
768 4398 899 4472 laboris
919 4401 1092 4497 exegerit,
1109 4399 1221 4474 libera
1245 4399 1310 4474 tibi
1329 4399 1378 4475 sit

161 4513 261 4588 iuxta
278 4513 370 4612 quod
388 4513 596 4612 previderis
612 4512 791 4610 largiendi
809 4511 965 4588 licentia.
