3608 5498
937 424 1134 488 -320-

424 544 561 621 diocres
574 548 643 620 IIII
657 546 813 654 minores
823 549 856 620 ll
871 547 955 622 licet
972 557 1093 622 autem
1108 547 1437 623 RomanoPontifici
1452 547 1482 621 si
1497 546 1577 621 vult
1590 546 1647 622 de

426 685 522 732 mum
543 660 601 734 vel
620 661 749 735 turrim
768 661 806 734 in
824 661 943 737 eodem
961 672 1078 737 castro
1095 663 1270 753 edificare,
1287 673 1322 739 et
1339 687 1401 761 pro
1418 662 1586 751 utilitate,
1610 672 1646 736 ot

424 775 571 850 servitio
589 778 624 849 S.
643 776 739 850 Petri
757 774 885 851 ibidem
906 775 1038 850 milites
1055 788 1234 874 ponentes,
1251 776 1381 874 quibus
1397 776 1560 874 oppidani
1587 776 1644 850 de

425 887 511 964 bont
528 914 589 988 pro
606 914 725 965 amore
742 890 837 965 beati
856 891 953 966 Petri
970 892 1185 965 adiutorium
1205 891 1243 964 in
1260 889 1424 965 omnibus
1446 889 1644 965 secundum

424 1030 529 1079 suum
556 1028 655 1103 posse
684 1005 849 1103 praebere,
868 1006 917 1079 ita
935 1013 976 1080 ut
1001 1004 1164 1103 quisquis
1181 1004 1436 1104 oppidanorum
1457 1001 1646 1092 obstiterit,

423 1142 569 1193 suorum
595 1119 785 1194 amissione
803 1118 989 1196 multetur.
1001 1122 1077 1195 Nec
1090 1119 1176 1194 licet
1196 1119 1365 1216 cuiquam
1384 1121 1539 1193 Romarm
1556 1120 1646 1191 Pon-

423 1233 511 1308 tifici
530 1259 550 1306 a
567 1232 646 1308 iure
662 1234 756 1308 beati
776 1235 872 1309 Petri
891 1234 1078 1331 praefatum
1097 1241 1254 1308 castrum
1269 1232 1421 1314 auferre,
1437 1255 1504 1305 nco
1522 1229 1613 1328 pref
1631 1272 1646 1286 ·

424 1356 501 1420 tum
520 1357 641 1423 tenore
658 1357 887 1423 commutare.
908 1347 1042 1427 Debent
1060 1369 1143 1422 vero
1156 1344 1295 1444 praelati
1308 1344 1473 1443 oppidani
1488 1347 1644 1419 Romano

424 1460 589 1536 Pontifici
612 1461 707 1536 omni
729 1471 885 1560 ternpore
903 1461 1020 1557 gratis
1037 1458 1307 1556 expeditionem,
1325 1456 1552 1554 conloquium
1571 1453 1645 1553 pla·

424 1575 537 1650 citum
556 1574 652 1650 sicut
670 1598 744 1650 mos
761 1586 816 1650 est
832 1575 990 1650 fidolium
1009 1574 1176 1648 militum.
1193 1574 1282 1647 Item
1297 1572 1334 1645 in
1349 1569 1510 1647 aecclesia
1527 1569 1644 1644 sancti

425 1690 523 1764 Petri
541 1689 610 1763 sita
626 1688 665 1762 in
683 1689 758 1764 loco
775 1689 836 1787 qui
853 1689 986 1764 dieitur
1004 1685 1195 1764 Casarchis
1212 1686 1249 1759 in
1266 1684 1437 1763 comitatu
1456 1683 1493 1757 in
1512 1685 1644 1781 episco

423 1810 508 1900 patu
526 1812 561 1877 ct
575 1801 667 1875 silva
680 1813 715 1877 et
728 1803 869 1878 forestis
881 1827 986 1877 secus
1000 1804 1179 1875 Duronem
1193 1798 1358 1887 fluvium,
1372 1797 1463 1871 iuris
1476 1799 1643 1870 Romanae

423 1914 594 1991 aecclesiae
610 1924 674 2004 est,
692 1915 774 1989 data
787 1915 1004 1990 Tarentasiae
1021 1939 1041 1986 a
1059 1914 1210 2013 quodam
1226 1913 1386 1987 Guidone
1403 1920 1439 1987 et
1456 1934 1545 1985 uxor
1562 1911 1640 1986 eius

424 2029 595 2105 Aelheida
614 2030 709 2104 sicut
726 2030 862 2123 legitur
879 2030 917 2102 in
934 2029 1005 2103 alio
1022 2027 1169 2103 carticio
1185 2037 1289 2102 tomo.
1304 2028 1396 2102 Item
1413 2026 1452 2099 in
1477 2025 1548 2099 alio
1567 2050 1644 2100 car-

422 2143 507 2218 ticio
524 2154 628 2233 torno,
646 2144 704 2218 cui
723 2143 953 2242 praescriptus
974 2151 1029 2218 est
1050 2165 1166 2217 nonus
1183 2144 1251 2217 Leo
1271 2144 1376 2240 Papa,
1394 2144 1442 2214 V*
1463 2165 1544 2238 pars
1571 2164 1644 2215 mo·

423 2257 572 2332 nasterii
590 2257 705 2332 sancti
724 2256 922 2346 Valeriani,
939 2255 1031 2355 quod
1049 2254 1158 2330 situm
1178 2266 1232 2332 est
1249 2257 1286 2330 in
1304 2257 1475 2332 comitatu
1495 2254 1657 2333 Olmcllo.

423 2371 461 2445 in
479 2372 682 2471 episcopatu
701 2372 736 2445 in
757 2370 871 2468 burgo
888 2372 949 2469 qui
968 2370 1100 2446 dicitur
1117 2371 1160 2446 de
1180 2372 1334 2460 rodubio,
1352 2381 1387 2446 et
1408 2381 1535 2469 quarta
1561 2394 1643 2467 pars

423 2483 466 2558 de
491 2483 655 2558 omnibus
677 2484 744 2558 sibi
767 2484 1033 2575 pertinentibus.
1050 2484 1163 2560 Debet
1180 2486 1366 2582 praefatum
1385 2483 1641 2559 monasterium

424 2598 604 2671 Domuum
635 2600 767 2694 Papam
797 2597 987 2696 suscipere,
1018 2622 1101 2673 cum
1130 2599 1240 2672 XXX
1269 2596 1444 2672 militibus
1472 2595 1642 2670 nuntium

428 2708 506 2784 eius
524 2734 607 2784 cum
625 2714 661 2784 X
677 2720 714 2785 et
730 2711 873 2785 totidem
893 2710 1052 2799 caballis,
1069 2719 1214 2809 praestat
1226 2709 1414 2783 annuatim
1440 2709 1476 2781 in
1496 2707 1644 2797 Pascha,

425 2824 459 2896 II
476 2823 556 2896 auri
579 2822 716 2898 solidos.
734 2826 823 2900 Item
842 2825 879 2898 in
897 2824 968 2897 alio
984 2834 1078 2898 tomo
1096 2823 1242 2898 carticio
1260 2823 1297 2896 in
1319 2846 1389 2920 quo
1413 2822 1643 2920 prascriptus

423 2944 479 3010 est
495 2938 676 3012 secundus
696 2937 896 3013 Alexander
913 2940 1009 3036 Papa
1023 2937 1218 3028 invonitur,
1239 2937 1329 3011 iuris
1344 2937 1554 3012 beatiPotri
1571 2960 1644 3010 mo·

423 3051 763 3129 nestoriummontis
776 3051 943 3147 Magallae
956 3076 1040 3128 cnm
1054 3051 1219 3125 omnibus
1233 3051 1299 3124 sibi
1315 3049 1539 3147 pertinentiis
1553 3047 1643 3123 idest

423 3165 679 3241 monasterium
692 3167 807 3243 sancti
822 3165 1016 3253 Pancratii,
1032 3173 1069 3239 et
1080 3164 1197 3239 saneti
1211 3162 1419 3251 Clementis,
1431 3171 1467 3238 et
1479 3161 1641 3237 aecclesia

423 3278 538 3354 sancti
556 3279 713 3370 Barbati,
730 3290 766 3356 ot
778 3280 924 3357 heremo
937 3278 1052 3355 sancti
1067 3278 1212 3375 Angeli,
1225 3288 1261 3354 et
1274 3278 1390 3354 sancti
1404 3275 1542 3352 Nicolai
1557 3302 1641 3352 cum

423 3394 524 3468 1111⁰¹
540 3393 698 3491 portione
714 3394 756 3468 de
774 3417 845 3469 uno
862 3403 965 3491 portu
978 3393 1015 3467 in
1029 3391 1182 3488 integro,
1195 3390 1257 3490 qui
1270 3390 1504 3490 appellatura
1517 3399 1642 3464 sancto

423 3506 519 3592 Vito,
536 3515 573 3580 et
589 3504 734 3582 heremo
746 3506 784 3579 in
802 3507 973 3582 comitatu
987 3506 1170 3596 Pinnensi,
1183 3515 1220 3582 ct
1232 3515 1348 3581 castro
1361 3504 1515 3595 Kelalia,
1528 3515 1563 3579 et
1576 3528 1642 3578 aec-

423 3615 533 3692 clesia
558 3618 673 3693 sancti
693 3617 851 3708 Martini,
867 3628 903 3694 ct
920 3619 1080 3695 aecclesia
1097 3629 1219 3696 sancte
1238 3624 1345 3695 Iustoe
1366 3645 1451 3697 oum
1475 3618 1641 3694 omnibus

422 3729 509 3820 suis,
527 3730 596 3805 sita
613 3730 651 3804 in
669 3731 883 3828 pertinentia
901 3733 1010 3807 castri
1033 3733 1250 3824 castilionis
1267 3744 1302 3811 et
1319 3734 1481 3829 aecclesia
1506 3742 1641 3809 sanotae

422 3842 609 3917 Cantiauae
626 3853 662 3919 et
679 3844 905 3919 medietatem
918 3845 1089 3922 aeclesia
1102 3847 1217 3923 sancti
1230 3848 1395 3946 Nycolai,
1406 3847 1474 3922 site
1488 3846 1525 3920 in
1539 3845 1642 3922 terri·

420 3954 510 4029 torio
525 3955 634 4033 castri
647 3959 748 4046 Fare,
762 3981 845 4031 cnm
858 3959 895 4030 X
907 3958 1035 4032 massis
1049 3958 1144 4035 intra
1157 3959 1293 4037 dictum
1307 3970 1478 4054 castrum,
1490 3984 1554 4035 seu
1569 3982 1641 4034 mo-

421 4066 631 4158 lendiniset
644 4068 947 4144 aecclesiasanctae
960 4079 1098 4165 *boum
1111 4072 1275 4148 omnibus
1284 4072 1369 4147 suis.
1378 4075 1467 4147 Item
1478 4070 1640 4148 aecclesia

421 4181 538 4256 sancti
556 4181 669 4254 Blasii
686 4191 722 4256 ot
739 4181 966 4257 medietatem
980 4184 1149 4259 aecclesiae
1161 4196 1295 4260 sanetae
1311 4183 1474 4281 Agatha,
1488 4194 1524 4260 et
1537 4208 1640 4260 rocca

420 4316 499 4392 quaa
512 4294 643 4368 dicitur
658 4297 791 4385 Panna,
803 4304 839 4370 et
852 4300 968 4370 castro
981 4297 1234 4387 fameclano,et
1246 4298 1333 4373 item
1348 4297 1509 4373 aeclesia
1522 4298 1640 4372 sancti

421 4406 567 4501 Angeli,
585 4417 621 4481 et
638 4407 754 4482 sancti
774 4407 871 4483 Petri
897 4432 980 4484 oum
1005 4409 1170 4485 omnibus
1195 4431 1315 4486 eorum
1342 4410 1579 4509 pertinentiis,
1603 4421 1641 4485 et

419 4519 537 4593 omnia
555 4519 701 4618 praefato
721 4520 932 4598 monasterio
953 4522 1118 4619 Magallae
1139 4523 1384 4599 concessave]
1404 4523 1638 4600 concedenda.
