3608 5498
798 422 995 487 -289-

858 676 930 763 ΟΠ.

384 902 555 1000 Pelagius
573 903 701 978 Melleo
718 903 931 980 subdiacono
949 906 1042 983 inter
1060 918 1189 985 cetera.
1205 911 1434 986 Notariorum
1462 936 1514 986 se-

289 1016 347 1091 dis
357 1028 488 1093 nostrae
501 1019 741 1094 insinuatione
754 1019 947 1095 didicimus
959 1021 1096 1097 nullius
1108 1023 1432 1124 iudicisatempor·e
1445 1048 1514 1123 quo

288 1133 353 1208 tibi
372 1133 529 1232 primum
548 1134 709 1210 ecclesiae
731 1135 984 1232 patrimonium
1010 1146 1149 1213 constat
1174 1163 1249 1215 esse
1274 1138 1515 1226 commissum,

294 1272 407 1347 usque
425 1259 576 1324 actenus
595 1248 781 1324 ratiocinia
799 1260 885 1324 sunt
901 1249 1033 1341 decisa,
1049 1261 1085 1326 et
1101 1277 1141 1327 ea
1159 1252 1233 1327 sint
1250 1254 1449 1328 necessario
1465 1252 1515 1326 di·

292 1363 520 1461 spungenda,
546 1374 586 1438 ut
612 1364 704 1462 quod
729 1363 984 1440 ecclesiasticis
1009 1364 1229 1441 utilitatibus
1252 1365 1433 1456 debeatur,
1455 1364 1516 1439 vel

289 1478 418 1575 quoda
436 1502 614 1577 quoquam
634 1490 848 1578 usurpatum
867 1481 925 1568 sit,
943 1479 1037 1554 fideli
1055 1480 1274 1579 inspectione
1300 1504 1514 1577 cognoscere

290 1591 490 1683 valeamus
507 1603 543 1668 et
559 1603 599 1668 tu
617 1593 675 1670 vel
693 1593 840 1670 heredes
858 1593 912 1669 tui
930 1594 967 1668 in
992 1595 1115 1669 lutuno
1139 1605 1294 1695 tempore
1321 1596 1514 1670 securitate

288 1706 447 1805 plenaria
465 1707 687 1801 communiti,
705 1709 824 1785 nullas
841 1707 983 1810 possitis
999 1708 1269 1809 inquietudines
1285 1709 1473 1786 sustinere.

851 1936 942 2023 (llll.

383 2159 556 2257 Pelagius
574 2164 699 2236 Mauro
716 2162 878 2261 episcopo
896 2159 1105 2234 Prenestino
1122 2159 1217 2234 inter
1234 2167 1363 2234 cetera.
1380 2158 1514 2233 Didici-

291 2279 371 2347 mus
388 2275 429 2349 de
447 2275 659 2372 patrimonio
674 2274 876 2362 Hildinade,
892 2285 976 2349 ante
993 2274 1135 2373 quidem
1155 2274 1198 2349 de
1215 2273 1342 2371 prima,
1360 2281 1396 2348 et
1412 2275 1457 2360 II,
1477 2283 1514 2347 et

290 2389 341 2461 lll
364 2388 619 2464 indictionibus
644 2388 813 2487 ampliato
838 2388 1014 2486 quondam
1041 2386 1249 2486 presbytero
1274 2397 1310 2463 et
1335 2385 1515 2485 Stephano

290 2502 436 2577 diacono
449 2504 547 2578 vices
560 2503 745 2579 Pontificis
762 2504 798 2578 in
814 2503 900 2578 urbe
912 2506 1025 2578 Roma
1039 2500 1243 2598 agentibus,
1256 2500 1349 2600 quod
1361 2499 1514 2597 exegisti

292 2616 359 2691 fide
378 2616 493 2691 media
512 2617 735 2718 persoluisse.
753 2621 804 2693 De
825 2626 953 2717 quarta
977 2639 1063 2691 vero
1088 2614 1292 2706 indictione,
1317 2615 1514 2690 secundum

290 2730 545 2807 ordinationem
565 2732 630 2806 filii
649 2732 761 2807 uestri
779 2729 1027 2827 virireligiosi
1044 2733 1159 2805 Narse
1180 2728 1273 2804 sacri
1292 2727 1414 2829 palatii
1431 2727 1516 2802 filiis

290 2848 422 2923 uostris
441 2849 607 2937 Dulcitio,
620 2849 731 2925 Felici
753 2860 861 2947 atque
878 2845 1048 2921 lobannis
1074 2844 1301 2944 Presbyteris
1318 2843 1410 2943 quod
1434 2868 1515 2919 exa-

289 2969 366 3034 tum
384 2960 501 3037 fuerat
519 2961 693 3038 intulisse.
711 2960 1054 3059 Supervenientibus
1076 2983 1160 3035 vero
1184 2957 1285 3034 nobis
1301 2973 1338 3034 et
1362 2983 1424 3058 per
1448 2957 1513 3033 Dei

289 3075 447 3168 gratiam
465 3076 637 3151 ordinatis
655 3073 811 3158 intulisti
829 3074 871 3149 de
889 3074 1012 3150 cadem
1030 3076 1100 3148 llll
1118 3071 1323 3149 indictione.
1340 3075 1387 3147 Et
1410 3071 1514 3147 infra.

291 3191 440 3288 Ideoque
457 3191 681 3289 supplicante
699 3188 887 3265 dilectione
903 3199 976 3274 tua,
995 3214 1040 3264 ex
1063 3187 1226 3262 omnibus
1250 3186 1515 3285 suprascriptis,

292 3306 491 3404 praeteritis,
511 3309 578 3381 VII
603 3304 808 3393 indictione,
833 3303 1097 3378 fraternitatem
1116 3311 1215 3376 tuam
1234 3300 1301 3375 hac
1317 3299 1512 3376 securitate

290 3404 507 3495 credidimus
525 3419 769 3507 muniendam,
782 3427 823 3492 ut
839 3417 940 3492 nulla
957 3415 1100 3498 caritati
1125 3424 1197 3490 tuae
1223 3414 1260 3488 iu
1286 3423 1467 3513 posterum
1491 3440 1514 3490 a

290 3532 446 3631 quolibet
462 3531 668 3632 calumpnia
686 3543 879 3611 moveatur.

809 3683 812 3689 ⁵
845 3744 954 3830 uun.

387 3968 560 4065 Pelagius
576 3969 692 4042 Narse
709 3965 860 4067 patricio
879 3963 1136 4060 anagnostico,
1154 3962 1249 4038 inter
1266 3969 1405 4037 caetera.
1416 3965 1512 4036 Bene

291 4083 433 4156 noverit
452 4080 665 4157 excellentia
684 4091 805 4155 vestra
822 4102 887 4153 nos
911 4075 1125 4151 habentibus
1150 4077 1336 4149 dumtaxat
1365 4073 1515 4148 bomini·

292 4195 370 4284 bus,
386 4204 423 4271 et
440 4194 578 4269 nullam
605 4195 854 4270 necessitatem
881 4189 1100 4290 patientibus
1118 4214 1175 4262 res
1203 4188 1288 4263 dure
1316 4212 1513 4287 pauperum

294 4309 394 4382 nulla
414 4310 550 4384 ratione
568 4332 794 4406 praesumere.
811 4307 905 4395 Quia
922 4328 1037 4402 neque
1055 4303 1122 4378 hoc
1139 4302 1239 4378 vobis
1257 4303 1397 4402 placere
1415 4304 1512 4378 novi·

296 4446 386 4509 mus,
403 4444 520 4520 neque
535 4420 605 4495 hoc
623 4428 742 4494 nostro
758 4443 836 4495 esse
852 4418 968 4494 officio
983 4417 1201 4493 conveniens
1218 4416 1430 4492 iudicamus.

1296 4652 1330 4707 le
