<?xml version="1.0" encoding="UTF-8"?>
<!DOCTYPE html PUBLIC "-//W3C//DTD XHTML 1.0 Transitional//EN"
    "http://www.w3.org/TR/xhtml1/DTD/xhtml1-transitional.dtd">
<html xmlns="http://www.w3.org/1999/xhtml" xml:lang="en" lang="en">
 <head>
  <title>
</title>
<meta http-equiv="Content-Type" content="text/html;charset=utf-8" />
  <meta name='ocr-system' content='tesseract 3.04.00' />
  <meta name='ocr-capabilities' content='ocr_page ocr_carea ocr_par ocr_line ocrx_word'/>
</head>
<body>
  <div class='ocr_page' id='page_1' title='image "./collectiocanonu00deusgoog_0295.png"; bbox 0 0 3608 5498; ppageno 0'>
   <div class='ocr_carea' id='block_1_1' title="bbox 797 390 992 649">
    <p class='ocr_par' dir='ltr' id='par_1_1' title="bbox 797 390 992 649">
     <span class='ocr_line' id='line_1_1' title="bbox 797 390 992 456; baseline -0.01 0"><span class='ocrx_word' id='word_1_1' title='bbox 797 423 838 440; x_wconf 93' lang='lat'>-</span> <span class='ocrx_word' id='word_1_2' title='bbox 861 390 929 456; x_wconf 76' lang='lat' dir='ltr'><strong>ace</strong></span> <span class='ocrx_word' id='word_1_3' title='bbox 953 423 992 438; x_wconf 89' lang='lat'>-</span> 
     </span>
     <span class='ocr_line' id='line_1_2' title="bbox 832 562 958 649; baseline -0.008 -2"><span class='ocrx_word' id='word_1_4' title='bbox 832 562 958 649; x_wconf 82' lang='lat' dir='ltr'><strong>LVIII.</strong></span> 
     </span>
    </p>
   </div>
   <div class='ocr_carea' id='block_1_2' title="bbox 310 722 1477 897">
    <p class='ocr_par' dir='ltr' id='par_1_2' title="bbox 310 722 1477 897">
     <span class='ocr_line' id='line_1_3' title="bbox 310 722 1477 810; baseline 0 -13"><span class='ocrx_word' id='word_1_5' title='bbox 310 744 392 798; x_wconf 79' lang='lat' dir='ltr'><strong>Item</strong></span> <span class='ocrx_word' id='word_1_6' title='bbox 405 757 447 798; x_wconf 83' lang='lat' dir='ltr'><strong>ex</strong></span> <span class='ocrx_word' id='word_1_7' title='bbox 460 742 602 798; x_wconf 77' lang='lat' dir='ltr'><strong>coneilio</strong></span> <span class='ocrx_word' id='word_1_8' title='bbox 615 722 748 809; x_wconf 69' lang='lat' dir='ltr'><strong>reicolay</strong></span> <span class='ocrx_word' id='word_1_9' title='bbox 762 743 895 796; x_wconf 80' lang='lat' dir='ltr'><strong>iunioris</strong></span> <span class='ocrx_word' id='word_1_10' title='bbox 911 753 984 794; x_wconf 84' lang='lat' dir='ltr'><strong>cnm</strong></span> <span class='ocrx_word' id='word_1_11' title='bbox 1002 742 1174 808; x_wconf 80' lang='lat' dir='ltr'><strong>nptseoprs</strong></span> <span class='ocrx_word' id='word_1_12' title='bbox 1189 742 1290 795; x_wconf 83' lang='lat' dir='ltr'><strong>cxl11</strong></span> <span class='ocrx_word' id='word_1_13' title='bbox 1304 755 1375 810; x_wconf 78' lang='lat' dir='ltr'><strong>cap.</strong></span> <span class='ocrx_word' id='word_1_14' title='bbox 1390 745 1429 809; x_wconf 85' lang='lat' dir='ltr'><strong>V,</strong></span> <span class='ocrx_word' id='word_1_15' title='bbox 1442 746 1477 797; x_wconf 88' lang='lat' dir='ltr'><strong>et</strong></span> 
     </span>
     <span class='ocr_line' id='line_1_4' title="bbox 584 831 1209 897; baseline 0.005 -13"><span class='ocrx_word' id='word_1_16' title='bbox 584 831 719 885; x_wconf 78' lang='lat' dir='ltr'><strong>concilio</strong></span> <span class='ocrx_word' id='word_1_17' title='bbox 731 833 820 889; x_wconf 81' lang='lat' dir='ltr'>L1111</span> <span class='ocrx_word' id='word_1_18' title='bbox 833 832 1070 897; x_wconf 78' lang='lat' dir='ltr'><strong>npneopomm</strong></span> <span class='ocrx_word' id='word_1_19' title='bbox 1082 834 1209 887; x_wconf 80' lang='lat' dir='ltr'><strong>LXVII.</strong></span> 
     </span>
    </p>
   </div>
   <div class='ocr_carea' id='block_1_3' title="bbox 286 967 1511 1970">
    <p class='ocr_par' dir='ltr' id='par_1_3' title="bbox 286 967 1511 1970">
     <span class='ocr_line' id='line_1_5' title="bbox 382 967 1509 1068; baseline 0.001 -22"><span class='ocrx_word' id='word_1_20' title='bbox 382 972 432 1046; x_wconf 92' lang='lat' dir='ltr'><strong>Ut</strong></span> <span class='ocrx_word' id='word_1_21' title='bbox 456 968 604 1044; x_wconf 84' lang='lat' dir='ltr'><strong>decimae</strong></span> <span class='ocrx_word' id='word_1_22' title='bbox 620 967 840 1068; x_wconf 78' lang='lat' dir='ltr'><strong>etprimitias</strong></span> <span class='ocrx_word' id='word_1_23' title='bbox 858 991 921 1042; x_wconf 89' lang='lat' dir='ltr'><strong>seu</strong></span> <span class='ocrx_word' id='word_1_24' title='bbox 939 992 1174 1067; x_wconf 82' lang='lat' dir='ltr'><strong>quaecumque</strong></span> <span class='ocrx_word' id='word_1_25' title='bbox 1191 968 1386 1046; x_wconf 91' lang='lat' dir='ltr'><strong>oblationes</strong></span> <span class='ocrx_word' id='word_1_26' title='bbox 1408 971 1509 1047; x_wconf 90' lang='lat' dir='ltr'><strong>vivo-</strong></span> 
     </span>
     <span class='ocr_line' id='line_1_6' title="bbox 286 1081 1509 1174; baseline 0.004 -17"><span class='ocrx_word' id='word_1_27' title='bbox 286 1108 367 1159; x_wconf 86' lang='lat' dir='ltr'><strong>rum</strong></span> <span class='ocrx_word' id='word_1_28' title='bbox 380 1092 416 1159; x_wconf 88' lang='lat' dir='ltr'><strong>ct</strong></span> <span class='ocrx_word' id='word_1_29' title='bbox 429 1089 649 1157; x_wconf 92' lang='lat' dir='ltr'><strong>mortuorum</strong></span> <span class='ocrx_word' id='word_1_30' title='bbox 666 1082 839 1157; x_wconf 61' lang='lat' dir='ltr'><strong>aecclesiis</strong></span> <span class='ocrx_word' id='word_1_31' title='bbox 848 1082 914 1156; x_wconf 92' lang='lat' dir='ltr'><strong>Dei</strong></span> <span class='ocrx_word' id='word_1_32' title='bbox 927 1081 1080 1158; x_wconf 88' lang='lat' dir='ltr'><strong>fideliter</strong></span> <span class='ocrx_word' id='word_1_33' title='bbox 1098 1083 1292 1158; x_wconf 89' lang='lat' dir='ltr'><strong>reddantur</strong></span> <span class='ocrx_word' id='word_1_34' title='bbox 1308 1083 1457 1174; x_wconf 86' lang='lat' dir='ltr'><strong>alaicis,</strong></span> <span class='ocrx_word' id='word_1_35' title='bbox 1470 1095 1509 1162; x_wconf 92' lang='lat' dir='ltr'><strong>ct</strong></span> 
     </span>
     <span class='ocr_line' id='line_1_7' title="bbox 287 1194 1511 1296; baseline 0.002 -26"><span class='ocrx_word' id='word_1_36' title='bbox 287 1196 380 1271; x_wconf 91' lang='lat' dir='ltr'><strong>utin</strong></span> <span class='ocrx_word' id='word_1_37' title='bbox 398 1194 625 1296; x_wconf 83' lang='lat' dir='ltr'><strong>dispositione</strong></span> <span class='ocrx_word' id='word_1_38' title='bbox 638 1195 883 1293; x_wconf 88' lang='lat' dir='ltr'><strong>episcoporum</strong></span> <span class='ocrx_word' id='word_1_39' title='bbox 897 1195 971 1270; x_wconf 92' lang='lat' dir='ltr'><strong>sint</strong></span> <span class='ocrx_word' id='word_1_40' title='bbox 996 1195 1194 1271; x_wconf 90' lang='lat' dir='ltr'><strong>secundum</strong></span> <span class='ocrx_word' id='word_1_41' title='bbox 1221 1219 1376 1272; x_wconf 86' lang='lat' dir='ltr'><strong>canones</strong></span> <span class='ocrx_word' id='word_1_42' title='bbox 1391 1197 1511 1273; x_wconf 87' lang='lat' dir='ltr'><strong>distri-</strong></span> 
     </span>
     <span class='ocr_line' id='line_1_8' title="bbox 287 1307 1507 1407; baseline 0.003 -23"><span class='ocrx_word' id='word_1_43' title='bbox 287 1308 426 1385; x_wconf 85' lang='lat' dir='ltr'><strong>buendo</strong></span> <span class='ocrx_word' id='word_1_44' title='bbox 448 1333 539 1407; x_wconf 91' lang='lat' dir='ltr'><strong>quas</strong></span> <span class='ocrx_word' id='word_1_45' title='bbox 555 1307 616 1407; x_wconf 92' lang='lat' dir='ltr'><strong>qui</strong></span> <span class='ocrx_word' id='word_1_46' title='bbox 636 1307 862 1398; x_wconf 83' lang='lat' dir='ltr'><strong>retinuerint,</strong></span> <span class='ocrx_word' id='word_1_47' title='bbox 877 1333 900 1382; x_wconf 88' lang='lat' dir='ltr'><strong>a</strong></span> <span class='ocrx_word' id='word_1_48' title='bbox 917 1319 1051 1385; x_wconf 84' lang='lat' dir='ltr'><strong>sanctae</strong></span> <span class='ocrx_word' id='word_1_49' title='bbox 1068 1309 1241 1386; x_wconf 67' lang='lat' dir='ltr'><strong>{ecclesiae</strong></span> <span class='ocrx_word' id='word_1_50' title='bbox 1258 1310 1507 1388; x_wconf 85' lang='lat' dir='ltr'><strong>communione</strong></span> 
     </span>
     <span class='ocr_line' id='line_1_9' title="bbox 289 1422 1509 1524; baseline 0.002 -27"><span class='ocrx_word' id='word_1_51' title='bbox 289 1431 510 1523; x_wconf 87' lang='lat' dir='ltr'><strong>separentur.</strong></span> <span class='ocrx_word' id='word_1_52' title='bbox 523 1425 614 1498; x_wconf 89' lang='lat' dir='ltr'><strong>Item</strong></span> <span class='ocrx_word' id='word_1_53' title='bbox 632 1424 788 1498; x_wconf 66' lang='lat' dir='ltr'><strong>Leo&#39;IllI</strong></span> <span class='ocrx_word' id='word_1_54' title='bbox 806 1422 844 1496; x_wconf 91' lang='lat' dir='ltr'><strong>in</strong></span> <span class='ocrx_word' id='word_1_55' title='bbox 863 1423 1018 1520; x_wconf 89' lang='lat' dir='ltr'><strong>registro</strong></span> <span class='ocrx_word' id='word_1_56' title='bbox 1034 1447 1098 1500; x_wconf 91' lang='lat' dir='ltr'><strong>suo</strong></span> <span class='ocrx_word' id='word_1_57' title='bbox 1116 1424 1289 1524; x_wconf 87' lang='lat' dir='ltr'><strong>episcopis</strong></span> <span class='ocrx_word' id='word_1_58' title='bbox 1301 1424 1509 1500; x_wconf 78' lang='lat' dir='ltr'><strong>Britanniae.</strong></span> 
     </span>
     <span class='ocr_line' id='line_1_10' title="bbox 289 1536 1510 1640; baseline 0 -27"><span class='ocrx_word' id='word_1_59' title='bbox 289 1541 343 1615; x_wconf 91' lang='lat' dir='ltr'><strong>De</strong></span> <span class='ocrx_word' id='word_1_60' title='bbox 365 1538 515 1640; x_wconf 84' lang='lat' dir='ltr'><strong>decimis</strong></span> <span class='ocrx_word' id='word_1_61' title='bbox 540 1562 623 1615; x_wconf 85' lang='lat' dir='ltr'><strong>vcro</strong></span> <span class='ocrx_word' id='word_1_62' title='bbox 639 1543 711 1613; x_wconf 90' lang='lat' dir='ltr'><strong>non</strong></span> <span class='ocrx_word' id='word_1_63' title='bbox 728 1547 871 1613; x_wconf 87' lang='lat' dir='ltr'><strong>tontum</strong></span> <span class='ocrx_word' id='word_1_64' title='bbox 890 1536 992 1612; x_wconf 90' lang='lat' dir='ltr'><strong>nobis</strong></span> <span class='ocrx_word' id='word_1_65' title='bbox 1009 1536 1070 1612; x_wconf 88' lang='lat' dir='ltr'><strong>sed</strong></span> <span class='ocrx_word' id='word_1_66' title='bbox 1089 1547 1125 1613; x_wconf 90' lang='lat' dir='ltr'><strong>et</strong></span> <span class='ocrx_word' id='word_1_67' title='bbox 1144 1538 1321 1638; x_wconf 85' lang='lat' dir='ltr'><strong>prioribus</strong></span> <span class='ocrx_word' id='word_1_68' title='bbox 1345 1539 1510 1636; x_wconf 81' lang='lat' dir='ltr'><strong>patribus</strong></span> 
     </span>
     <span class='ocr_line' id='line_1_11' title="bbox 291 1650 1510 1752; baseline 0.003 -27"><span class='ocrx_word' id='word_1_69' title='bbox 291 1651 441 1751; x_wconf 79' lang='lat' dir='ltr'><strong>placuit,</strong></span> <span class='ocrx_word' id='word_1_70' title='bbox 465 1651 628 1752; x_wconf 90' lang='lat' dir='ltr'><strong>plebibus</strong></span> <span class='ocrx_word' id='word_1_71' title='bbox 645 1661 787 1728; x_wconf 88' lang='lat' dir='ltr'><strong>tantum</strong></span> <span class='ocrx_word' id='word_1_72' title='bbox 812 1652 900 1742; x_wconf 87' lang='lat' dir='ltr'><strong>dari,</strong></span> <span class='ocrx_word' id='word_1_73' title='bbox 919 1650 1105 1749; x_wconf 92' lang='lat' dir='ltr'><strong>inquibus</strong></span> <span class='ocrx_word' id='word_1_74' title='bbox 1129 1662 1357 1728; x_wconf 86' lang='lat' dir='ltr'><strong>sacrosancta</strong></span> <span class='ocrx_word' id='word_1_75' title='bbox 1377 1653 1510 1729; x_wconf 86' lang='lat' dir='ltr'><strong>dautur</strong></span> 
     </span>
     <span class='ocr_line' id='line_1_12' title="bbox 287 1764 1509 1864; baseline 0.002 -24"><span class='ocrx_word' id='word_1_76' title='bbox 287 1765 513 1863; x_wconf 88' lang='lat' dir='ltr'><strong>baptismata.</strong></span> <span class='ocrx_word' id='word_1_77' title='bbox 534 1765 735 1841; x_wconf 82' lang='lat' dir='ltr'><strong>Alexander</strong></span> <span class='ocrx_word' id='word_1_78' title='bbox 761 1767 795 1840; x_wconf 88' lang='lat' dir='ltr'><strong>ll</strong></span> <span class='ocrx_word' id='word_1_79' title='bbox 813 1764 1002 1861; x_wconf 83' lang='lat' dir='ltr'><strong>Sigilredo,</strong></span> <span class='ocrx_word' id='word_1_80' title='bbox 1019 1765 1080 1840; x_wconf 84' lang='lat' dir='ltr'><strong>nit.</strong></span> <span class='ocrx_word' id='word_1_81' title='bbox 1097 1765 1324 1864; x_wconf 85' lang='lat' dir='ltr'><strong>Quicumque</strong></span> <span class='ocrx_word' id='word_1_82' title='bbox 1349 1766 1509 1843; x_wconf 86' lang='lat' dir='ltr'><strong>decimas</strong></span> 
     </span>
     <span class='ocr_line' id='line_1_13' title="bbox 294 1878 1486 1970; baseline 0.003 -18"><span class='ocrx_word' id='word_1_83' title='bbox 294 1903 379 1953; x_wconf 92' lang='lat' dir='ltr'><strong>suas</strong></span> <span class='ocrx_word' id='word_1_84' title='bbox 396 1879 587 1955; x_wconf 88' lang='lat' dir='ltr'><strong>aunuatim</strong></span> <span class='ocrx_word' id='word_1_85' title='bbox 605 1878 848 1955; x_wconf 87' lang='lat' dir='ltr'><strong>sacerdotibus</strong></span> <span class='ocrx_word' id='word_1_86' title='bbox 864 1901 935 1952; x_wconf 93' lang='lat' dir='ltr'><strong>non</strong></span> <span class='ocrx_word' id='word_1_87' title='bbox 953 1879 1078 1970; x_wconf 86' lang='lat' dir='ltr'><strong>reddit,</strong></span> <span class='ocrx_word' id='word_1_88' title='bbox 1095 1878 1317 1955; x_wconf 87' lang='lat' dir='ltr'><strong>christianus</strong></span> <span class='ocrx_word' id='word_1_89' title='bbox 1333 1904 1403 1956; x_wconf 90' lang='lat' dir='ltr'><strong>uon</strong></span> <span class='ocrx_word' id='word_1_90' title='bbox 1421 1891 1486 1956; x_wconf 87' lang='lat' dir='ltr'><strong>est.</strong></span> 
     </span>
    </p>
   </div>
   <div class='ocr_carea' id='block_1_4' title="bbox 829 2080 972 2166">
    <p class='ocr_par' dir='ltr' id='par_1_4' title="bbox 829 2080 972 2166">
     <span class='ocr_line' id='line_1_14' title="bbox 829 2080 972 2166; baseline 0.014 -2"><span class='ocrx_word' id='word_1_91' title='bbox 829 2080 972 2166; x_wconf 77' lang='lat' dir='ltr'><strong>tvfln.</strong></span> 
     </span>
    </p>
   </div>
   <div class='ocr_carea' id='block_1_5' title="bbox 639 2287 1168 2355">
    <p class='ocr_par' dir='ltr' id='par_1_5' title="bbox 639 2287 1168 2355">
     <span class='ocr_line' id='line_1_15' title="bbox 639 2287 1168 2355; baseline -0.006 -13"><span class='ocrx_word' id='word_1_92' title='bbox 639 2288 753 2342; x_wconf 79' lang='lat' dir='ltr'><strong>Leonis</strong></span> <span class='ocrx_word' id='word_1_93' title='bbox 765 2290 867 2355; x_wconf 82' lang='lat' dir='ltr'><strong>Papae</strong></span> <span class='ocrx_word' id='word_1_94' title='bbox 880 2288 973 2341; x_wconf 82' lang='lat' dir='ltr'><strong>vnn</strong></span> <span class='ocrx_word' id='word_1_95' title='bbox 986 2287 1168 2342; x_wconf 81' lang='lat' dir='ltr'><strong>Decretum.</strong></span> 
     </span>
    </p>
   </div>
   <div class='ocr_carea' id='block_1_6' title="bbox 292 2436 1517 4616">
    <p class='ocr_par' dir='ltr' id='par_1_6' title="bbox 292 2436 1517 4616">
     <span class='ocr_line' id='line_1_16' title="bbox 386 2436 1514 2550; baseline 0.002 -23"><span class='ocrx_word' id='word_1_96' title='bbox 386 2454 456 2527; x_wconf 95' lang='lat' dir='ltr'><strong>Leo</strong></span> <span class='ocrx_word' id='word_1_97' title='bbox 469 2450 656 2550; x_wconf 82' lang='lat' dir='ltr'><strong>episcopus</strong></span> <span class='ocrx_word' id='word_1_98' title='bbox 668 2436 795 2527; x_wconf 77' lang='lat' dir='ltr'><strong>seruus</strong></span> <span class='ocrx_word' id='word_1_99' title='bbox 813 2474 998 2528; x_wconf 84' lang='lat' dir='ltr'><strong>servorum</strong></span> <span class='ocrx_word' id='word_1_100' title='bbox 1016 2451 1092 2542; x_wconf 88' lang='lat' dir='ltr'><strong>Dei,</strong></span> <span class='ocrx_word' id='word_1_101' title='bbox 1109 2451 1274 2528; x_wconf 92' lang='lat' dir='ltr'><strong>omnibus</strong></span> <span class='ocrx_word' id='word_1_102' title='bbox 1291 2452 1456 2529; x_wconf 85' lang='lat' dir='ltr'><strong>fidelibus</strong></span> <span class='ocrx_word' id='word_1_103' title='bbox 1473 2454 1514 2529; x_wconf 92' lang='lat' dir='ltr'><strong>in</strong></span> 
     </span>
     <span class='ocr_line' id='line_1_17' title="bbox 293 2556 1512 2664; baseline 0.001 -21"><span class='ocrx_word' id='word_1_104' title='bbox 293 2564 438 2643; x_wconf 84' lang='lat' dir='ltr'><strong>Christo</strong></span> <span class='ocrx_word' id='word_1_105' title='bbox 454 2588 516 2664; x_wconf 88' lang='lat' dir='ltr'><strong>per</strong></span> <span class='ocrx_word' id='word_1_106' title='bbox 540 2573 651 2639; x_wconf 87' lang='lat' dir='ltr'><strong>totam</strong></span> <span class='ocrx_word' id='word_1_107' title='bbox 668 2562 821 2638; x_wconf 88' lang='lat' dir='ltr'><strong>Italiam.</strong></span> <span class='ocrx_word' id='word_1_108' title='bbox 838 2563 1004 2641; x_wconf 82' lang='lat' dir='ltr'><strong>Relatum</strong></span> <span class='ocrx_word' id='word_1_109' title='bbox 1029 2576 1084 2643; x_wconf 91' lang='lat' dir='ltr'><strong>est</strong></span> <span class='ocrx_word' id='word_1_110' title='bbox 1100 2556 1249 2642; x_wconf 84' lang='lat' dir='ltr'><strong>auribus</strong></span> <span class='ocrx_word' id='word_1_111' title='bbox 1277 2569 1409 2643; x_wconf 89' lang='lat' dir='ltr'><strong>nostris</strong></span> <span class='ocrx_word' id='word_1_112' title='bbox 1433 2593 1512 2645; x_wconf 89' lang='lat' dir='ltr'><strong>esso</strong></span> 
     </span>
     <span class='ocr_line' id='line_1_18' title="bbox 292 2678 1513 2780; baseline 0.004 -26"><span class='ocrx_word' id='word_1_113' title='bbox 292 2678 462 2779; x_wconf 86' lang='lat' dir='ltr'><strong>quosdam</strong></span> <span class='ocrx_word' id='word_1_114' title='bbox 479 2702 647 2779; x_wconf 86' lang='lat' dir='ltr'><strong>perverse</strong></span> <span class='ocrx_word' id='word_1_115' title='bbox 664 2687 829 2775; x_wconf 83' lang='lat' dir='ltr'><strong>agentes,</strong></span> <span class='ocrx_word' id='word_1_116' title='bbox 846 2679 908 2776; x_wconf 86' lang='lat' dir='ltr'><strong>qui</strong></span> <span class='ocrx_word' id='word_1_117' title='bbox 927 2681 1133 2758; x_wconf 85' lang='lat' dir='ltr'><strong>subvertere</strong></span> <span class='ocrx_word' id='word_1_118' title='bbox 1148 2693 1256 2780; x_wconf 89' lang='lat' dir='ltr'><strong>atque</strong></span> <span class='ocrx_word' id='word_1_119' title='bbox 1272 2682 1432 2759; x_wconf 90' lang='lat' dir='ltr'><strong>dividere</strong></span> <span class='ocrx_word' id='word_1_120' title='bbox 1457 2708 1513 2759; x_wconf 91' lang='lat' dir='ltr'><strong>co·</strong></span> 
     </span>
     <span class='ocr_line' id='line_1_19' title="bbox 296 2791 1514 2896; baseline 0.004 -28"><span class='ocrx_word' id='word_1_121' title='bbox 296 2791 1514 2896; x_wconf 79' lang='lat' dir='ltr'><strong>nanturaeoolesiaeunitatem.VidelicetAbbatesetMonachiquinon</strong></span> 
     </span>
     <span class='ocr_line' id='line_1_20' title="bbox 293 2906 1515 3010; baseline 0.001 -24"><span class='ocrx_word' id='word_1_122' title='bbox 293 2907 413 2986; x_wconf 89' lang='lat' dir='ltr'><strong>studio</strong></span> <span class='ocrx_word' id='word_1_123' title='bbox 431 2906 594 2983; x_wconf 89' lang='lat' dir='ltr'><strong>caritatis</strong></span> <span class='ocrx_word' id='word_1_124' title='bbox 608 2907 666 2982; x_wconf 88' lang='lat' dir='ltr'><strong>sed</strong></span> <span class='ocrx_word' id='word_1_125' title='bbox 682 2907 757 2984; x_wconf 86' lang='lat' dir='ltr'><strong>zelo</strong></span> <span class='ocrx_word' id='word_1_126' title='bbox 770 2909 979 3007; x_wconf 88' lang='lat' dir='ltr'><strong>rapacitatis</strong></span> <span class='ocrx_word' id='word_1_127' title='bbox 991 2909 1200 3007; x_wconf 78' lang='lat' dir='ltr'><strong>inuigilant,</strong></span> <span class='ocrx_word' id='word_1_128' title='bbox 1212 2921 1248 2987; x_wconf 93' lang='lat' dir='ltr'><strong>et</strong></span> <span class='ocrx_word' id='word_1_129' title='bbox 1264 2912 1391 2987; x_wconf 89' lang='lat' dir='ltr'><strong>docent</strong></span> <span class='ocrx_word' id='word_1_130' title='bbox 1407 2921 1515 3010; x_wconf 81' lang='lat' dir='ltr'><strong>atquc</strong></span> 
     </span>
     <span class='ocr_line' id='line_1_21' title="bbox 294 3021 1514 3123; baseline 0 -23"><span class='ocrx_word' id='word_1_131' title='bbox 294 3023 464 3100; x_wconf 88' lang='lat' dir='ltr'><strong>seducere</strong></span> <span class='ocrx_word' id='word_1_132' title='bbox 481 3045 551 3097; x_wconf 92' lang='lat' dir='ltr'><strong>uon</strong></span> <span class='ocrx_word' id='word_1_133' title='bbox 574 3030 717 3097; x_wconf 88' lang='lat' dir='ltr'><strong>cessant</strong></span> <span class='ocrx_word' id='word_1_134' title='bbox 741 3021 923 3097; x_wconf 87' lang='lat' dir='ltr'><strong>seculares</strong></span> <span class='ocrx_word' id='word_1_135' title='bbox 946 3023 1107 3099; x_wconf 88' lang='lat' dir='ltr'><strong>homines</strong></span> <span class='ocrx_word' id='word_1_136' title='bbox 1133 3049 1220 3122; x_wconf 90' lang='lat' dir='ltr'><strong>quos</strong></span> <span class='ocrx_word' id='word_1_137' title='bbox 1245 3024 1309 3098; x_wconf 86' lang='lat' dir='ltr'><strong>illa</strong></span> <span class='ocrx_word' id='word_1_138' title='bbox 1334 3049 1414 3123; x_wconf 83' lang='lat' dir='ltr'><strong>quae</strong></span> <span class='ocrx_word' id='word_1_139' title='bbox 1430 3026 1514 3101; x_wconf 87' lang='lat' dir='ltr'><strong>dare</strong></span> 
     </span>
     <span class='ocr_line' id='line_1_22' title="bbox 298 3137 1515 3240; baseline 0.001 -27"><span class='ocrx_word' id='word_1_140' title='bbox 298 3149 457 3240; x_wconf 88' lang='lat' dir='ltr'><strong>possunt,</strong></span> <span class='ocrx_word' id='word_1_141' title='bbox 476 3146 516 3212; x_wconf 89' lang='lat' dir='ltr'><strong>ut</strong></span> <span class='ocrx_word' id='word_1_142' title='bbox 533 3162 591 3213; x_wconf 86' lang='lat' dir='ltr'><strong>res</strong></span> <span class='ocrx_word' id='word_1_143' title='bbox 613 3162 697 3211; x_wconf 87' lang='lat' dir='ltr'><strong>suas</strong></span> <span class='ocrx_word' id='word_1_144' title='bbox 722 3145 830 3235; x_wconf 89' lang='lat' dir='ltr'><strong>atque</strong></span> <span class='ocrx_word' id='word_1_145' title='bbox 855 3137 1103 3237; x_wconf 71' lang='lat' dir='ltr'><strong>possessiones</strong></span> <span class='ocrx_word' id='word_1_146' title='bbox 1120 3139 1196 3214; x_wconf 87' lang='lat' dir='ltr'><strong>sive</strong></span> <span class='ocrx_word' id='word_1_147' title='bbox 1222 3138 1260 3211; x_wconf 93' lang='lat' dir='ltr'><strong>in</strong></span> <span class='ocrx_word' id='word_1_148' title='bbox 1277 3140 1364 3229; x_wconf 86' lang='lat' dir='ltr'><strong>vita,</strong></span> <span class='ocrx_word' id='word_1_149' title='bbox 1381 3139 1515 3215; x_wconf 84' lang='lat' dir='ltr'><strong>sivein</strong></span> 
     </span>
     <span class='ocr_line' id='line_1_23' title="bbox 296 3250 1516 3351; baseline 0 -23"><span class='ocrx_word' id='word_1_150' title='bbox 296 3264 409 3330; x_wconf 87' lang='lat' dir='ltr'><strong>morte</strong></span> <span class='ocrx_word' id='word_1_151' title='bbox 427 3253 464 3329; x_wconf 92' lang='lat' dir='ltr'><strong>in</strong></span> <span class='ocrx_word' id='word_1_152' title='bbox 483 3253 708 3329; x_wconf 83' lang='lat' dir='ltr'><strong>monasteriis</strong></span> <span class='ocrx_word' id='word_1_153' title='bbox 725 3252 869 3327; x_wconf 91' lang='lat' dir='ltr'><strong>illorum</strong></span> <span class='ocrx_word' id='word_1_154' title='bbox 895 3250 1051 3340; x_wconf 89' lang='lat' dir='ltr'><strong>tradant,</strong></span> <span class='ocrx_word' id='word_1_155' title='bbox 1069 3260 1105 3326; x_wconf 89' lang='lat' dir='ltr'><strong>et</strong></span> <span class='ocrx_word' id='word_1_156' title='bbox 1129 3251 1292 3327; x_wconf 86' lang='lat' dir='ltr'><strong>ecclesiis</strong></span> <span class='ocrx_word' id='word_1_157' title='bbox 1310 3252 1440 3351; x_wconf 90' lang='lat' dir='ltr'><strong>quibus</strong></span> <span class='ocrx_word' id='word_1_158' title='bbox 1457 3280 1516 3328; x_wconf 90' lang='lat' dir='ltr'><strong>su·</strong></span> 
     </span>
     <span class='ocr_line' id='line_1_24' title="bbox 294 3365 1516 3467; baseline -0.002 -23"><span class='ocrx_word' id='word_1_159' title='bbox 294 3369 403 3445; x_wconf 90' lang='lat' dir='ltr'><strong>biecti</strong></span> <span class='ocrx_word' id='word_1_160' title='bbox 421 3393 498 3444; x_wconf 88' lang='lat' dir='ltr'><strong>esse</strong></span> <span class='ocrx_word' id='word_1_161' title='bbox 516 3366 696 3456; x_wconf 85' lang='lat' dir='ltr'><strong>videntur,</strong></span> <span class='ocrx_word' id='word_1_162' title='bbox 709 3376 746 3442; x_wconf 89' lang='lat' dir='ltr'><strong>et</strong></span> <span class='ocrx_word' id='word_1_163' title='bbox 761 3392 782 3441; x_wconf 85' lang='lat' dir='ltr'>a</span> <span class='ocrx_word' id='word_1_164' title='bbox 800 3366 930 3467; x_wconf 89' lang='lat' dir='ltr'><strong>quibus</strong></span> <span class='ocrx_word' id='word_1_165' title='bbox 948 3365 1177 3466; x_wconf 84' lang='lat' dir='ltr'><strong>baptismum,</strong></span> <span class='ocrx_word' id='word_1_166' title='bbox 1191 3367 1516 3464; x_wconf 82' lang='lat' dir='ltr'><strong>paenitontiam,eu·</strong></span> 
     </span>
     <span class='ocr_line' id='line_1_25' title="bbox 295 3480 1515 3582; baseline -0.002 -23"><span class='ocrx_word' id='word_1_167' title='bbox 295 3481 517 3572; x_wconf 89' lang='lat' dir='ltr'><strong>charistiam,</strong></span> <span class='ocrx_word' id='word_1_168' title='bbox 526 3505 664 3557; x_wconf 88' lang='lat' dir='ltr'><strong>necnon</strong></span> <span class='ocrx_word' id='word_1_169' title='bbox 677 3480 848 3581; x_wconf 90' lang='lat' dir='ltr'><strong>pabulum</strong></span> <span class='ocrx_word' id='word_1_170' title='bbox 857 3481 943 3555; x_wconf 82' lang='lat' dir='ltr'><strong>vitae</strong></span> <span class='ocrx_word' id='word_1_171' title='bbox 952 3506 1034 3556; x_wconf 91' lang='lat' dir='ltr'><strong>cum</strong></span> <span class='ocrx_word' id='word_1_172' title='bbox 1049 3481 1141 3557; x_wconf 87' lang='lat' dir='ltr'><strong>lacte</strong></span> <span class='ocrx_word' id='word_1_173' title='bbox 1154 3482 1275 3558; x_wconf 88' lang='lat' dir='ltr'><strong>carnis</strong></span> <span class='ocrx_word' id='word_1_174' title='bbox 1286 3492 1515 3582; x_wconf 83' lang='lat' dir='ltr'><strong>acceperunt,</strong></span> 
     </span>
     <span class='ocr_line' id='line_1_26' title="bbox 300 3594 1516 3696; baseline 0.003 -26"><span class='ocrx_word' id='word_1_175' title='bbox 300 3597 360 3673; x_wconf 85' lang='lat' dir='ltr'><strong>vel</strong></span> <span class='ocrx_word' id='word_1_176' title='bbox 380 3596 575 3696; x_wconf 86' lang='lat' dir='ltr'><strong>accipiunt,</strong></span> <span class='ocrx_word' id='word_1_177' title='bbox 592 3594 708 3670; x_wconf 90' lang='lat' dir='ltr'><strong>nichil</strong></span> <span class='ocrx_word' id='word_1_178' title='bbox 732 3594 892 3671; x_wconf 87' lang='lat' dir='ltr'><strong>debonis</strong></span> <span class='ocrx_word' id='word_1_179' title='bbox 909 3596 986 3671; x_wconf 90' lang='lat' dir='ltr'><strong>suis</strong></span> <span class='ocrx_word' id='word_1_180' title='bbox 1011 3596 1227 3696; x_wconf 85' lang='lat' dir='ltr'><strong>relinquant,</strong></span> <span class='ocrx_word' id='word_1_181' title='bbox 1244 3596 1338 3673; x_wconf 87' lang='lat' dir='ltr'><strong>hanc</strong></span> <span class='ocrx_word' id='word_1_182' title='bbox 1361 3598 1516 3696; x_wconf 85' lang='lat' dir='ltr'><strong>danique</strong></span> 
     </span>
     <span class='ocr_line' id='line_1_27' title="bbox 297 3710 1515 3801; baseline -0.002 -13"><span class='ocrx_word' id='word_1_183' title='bbox 297 3713 430 3788; x_wconf 87' lang='lat' dir='ltr'><strong>famam</strong></span> <span class='ocrx_word' id='word_1_184' title='bbox 448 3710 632 3787; x_wconf 82' lang='lat' dir='ltr'><strong>discordiae</strong></span> <span class='ocrx_word' id='word_1_185' title='bbox 657 3734 721 3785; x_wconf 88' lang='lat' dir='ltr'><strong>uos</strong></span> <span class='ocrx_word' id='word_1_186' title='bbox 746 3710 1086 3801; x_wconf 72' lang='lat' dir='ltr'><strong>animadvertentes</strong></span> <span class='ocrx_word' id='word_1_187' title='bbox 1103 3712 1267 3786; x_wconf 90' lang='lat' dir='ltr'><strong>omnibus</strong></span> <span class='ocrx_word' id='word_1_188' title='bbox 1293 3711 1406 3786; x_wconf 87' lang='lat' dir='ltr'><strong>modis</strong></span> <span class='ocrx_word' id='word_1_189' title='bbox 1422 3711 1515 3786; x_wconf 91' lang='lat' dir='ltr'><strong>inhi-</strong></span> 
     </span>
     <span class='ocr_line' id='line_1_28' title="bbox 295 3824 1517 3924; baseline -0.002 -21"><span class='ocrx_word' id='word_1_190' title='bbox 295 3828 380 3904; x_wconf 88' lang='lat' dir='ltr'><strong>bere</strong></span> <span class='ocrx_word' id='word_1_191' title='bbox 397 3825 622 3916; x_wconf 84' lang='lat' dir='ltr'><strong>volumus,et</strong></span> <span class='ocrx_word' id='word_1_192' title='bbox 638 3849 683 3900; x_wconf 95' lang='lat' dir='ltr'><strong>ne</strong></span> <span class='ocrx_word' id='word_1_193' title='bbox 701 3824 857 3924; x_wconf 88' lang='lat' dir='ltr'><strong>amplius</strong></span> <span class='ocrx_word' id='word_1_194' title='bbox 874 3824 937 3898; x_wconf 86' lang='lat' dir='ltr'><strong>fiat</strong></span> <span class='ocrx_word' id='word_1_195' title='bbox 954 3825 1097 3898; x_wconf 89' lang='lat' dir='ltr'><strong>omnino</strong></span> <span class='ocrx_word' id='word_1_196' title='bbox 1113 3824 1517 3922; x_wconf 82' lang='lat' dir='ltr'><strong>prohibemnsOonver-</strong></span> 
     </span>
     <span class='ocr_line' id='line_1_29' title="bbox 297 3937 1516 4038; baseline -0.001 -21"><span class='ocrx_word' id='word_1_197' title='bbox 297 3950 416 4017; x_wconf 89' lang='lat' dir='ltr'><strong>tentes</strong></span> <span class='ocrx_word' id='word_1_198' title='bbox 432 3962 504 4013; x_wconf 91' lang='lat' dir='ltr'><strong>non</strong></span> <span class='ocrx_word' id='word_1_199' title='bbox 520 3963 596 4014; x_wconf 88' lang='lat' dir='ltr'><strong>esse</strong></span> <span class='ocrx_word' id='word_1_200' title='bbox 621 3938 765 4028; x_wconf 84' lang='lat' dir='ltr'><strong>bonurn,</strong></span> <span class='ocrx_word' id='word_1_201' title='bbox 790 3949 832 4014; x_wconf 90' lang='lat' dir='ltr'><strong>ut</strong></span> <span class='ocrx_word' id='word_1_202' title='bbox 855 3937 910 4012; x_wconf 93' lang='lat' dir='ltr'><strong>illi</strong></span> <span class='ocrx_word' id='word_1_203' title='bbox 927 3938 990 4037; x_wconf 91' lang='lat' dir='ltr'><strong>qui</strong></span> <span class='ocrx_word' id='word_1_204' title='bbox 1014 3937 1099 4012; x_wconf 91' lang='lat' dir='ltr'><strong>olim</strong></span> <span class='ocrx_word' id='word_1_205' title='bbox 1116 3938 1265 4014; x_wconf 88' lang='lat' dir='ltr'><strong>fuerunt</strong></span> <span class='ocrx_word' id='word_1_206' title='bbox 1282 3940 1368 4015; x_wconf 93' lang='lat' dir='ltr'><strong>socii</strong></span> <span class='ocrx_word' id='word_1_207' title='bbox 1386 3941 1516 4038; x_wconf 80' lang='lat' dir='ltr'><strong>passio</strong></span> 
     </span>
     <span class='ocr_line' id='line_1_30' title="bbox 298 4051 1516 4151; baseline 0.001 -22"><span class='ocrx_word' id='word_1_208' title='bbox 298 4079 387 4129; x_wconf 88' lang='lat' dir='ltr'><strong>num</strong></span> <span class='ocrx_word' id='word_1_209' title='bbox 411 4052 609 4129; x_wconf 90' lang='lat' dir='ltr'><strong>secundum</strong></span> <span class='ocrx_word' id='word_1_210' title='bbox 628 4051 848 4151; x_wconf 82' lang='lat' dir='ltr'><strong>Apostolum,</strong></span> <span class='ocrx_word' id='word_1_211' title='bbox 865 4051 939 4128; x_wconf 89' lang='lat' dir='ltr'><strong>sint</strong></span> <span class='ocrx_word' id='word_1_212' title='bbox 963 4053 1143 4128; x_wconf 90' lang='lat' dir='ltr'><strong>immunes</strong></span> <span class='ocrx_word' id='word_1_213' title='bbox 1168 4078 1189 4126; x_wconf 84' lang='lat' dir='ltr'><strong>a</strong></span> <span class='ocrx_word' id='word_1_214' title='bbox 1209 4055 1378 4130; x_wconf 86' lang='lat' dir='ltr'><strong>societate</strong></span> <span class='ocrx_word' id='word_1_215' title='bbox 1396 4078 1516 4131; x_wconf 84' lang='lat' dir='ltr'><strong>conso</strong></span> 
     </span>
     <span class='ocr_line' id='line_1_31' title="bbox 299 4165 1516 4268; baseline -0.001 -24"><span class='ocrx_word' id='word_1_216' title='bbox 299 4169 484 4245; x_wconf 88' lang='lat' dir='ltr'><strong>lationum.</strong></span> <span class='ocrx_word' id='word_1_217' title='bbox 500 4171 547 4244; x_wconf 90' lang='lat' dir='ltr'><strong>Et</strong></span> <span class='ocrx_word' id='word_1_218' title='bbox 568 4168 653 4268; x_wconf 90' lang='lat' dir='ltr'><strong>quia</strong></span> <span class='ocrx_word' id='word_1_219' title='bbox 670 4169 804 4265; x_wconf 88' lang='lat' dir='ltr'><strong>dignus</strong></span> <span class='ocrx_word' id='word_1_220' title='bbox 820 4179 876 4243; x_wconf 89' lang='lat' dir='ltr'><strong>est</strong></span> <span class='ocrx_word' id='word_1_221' title='bbox 891 4165 1074 4267; x_wconf 89' lang='lat' dir='ltr'><strong>operarius</strong></span> <span class='ocrx_word' id='word_1_222' title='bbox 1091 4167 1251 4242; x_wconf 88' lang='lat' dir='ltr'><strong>mercede</strong></span> <span class='ocrx_word' id='word_1_223' title='bbox 1268 4191 1344 4241; x_wconf 89' lang='lat' dir='ltr'><strong>sua.</strong></span> <span class='ocrx_word' id='word_1_224' title='bbox 1365 4168 1516 4266; x_wconf 92' lang='lat' dir='ltr'><strong>Ideoque</strong></span> 
     </span>
     <span class='ocr_line' id='line_1_32' title="bbox 300 4281 1516 4382; baseline 0.001 -26"><span class='ocrx_word' id='word_1_225' title='bbox 300 4283 529 4382; x_wconf 71' lang='lat' dir='ltr'><strong>precipimus</strong></span> <span class='ocrx_word' id='word_1_226' title='bbox 545 4293 653 4382; x_wconf 87' lang='lat' dir='ltr'><strong>atquc</strong></span> <span class='ocrx_word' id='word_1_227' title='bbox 665 4283 893 4374; x_wconf 89' lang='lat' dir='ltr'><strong>iubemus,ut</strong></span> <span class='ocrx_word' id='word_1_228' title='bbox 905 4282 1122 4381; x_wconf 90' lang='lat' dir='ltr'><strong>quicumque</strong></span> <span class='ocrx_word' id='word_1_229' title='bbox 1139 4281 1263 4356; x_wconf 91' lang='lat' dir='ltr'><strong>amodo</strong></span> <span class='ocrx_word' id='word_1_230' title='bbox 1279 4281 1324 4356; x_wconf 82' lang='lat' dir='ltr'><strong>ad</strong></span> <span class='ocrx_word' id='word_1_231' title='bbox 1342 4291 1516 4358; x_wconf 89' lang='lat' dir='ltr'><strong>monaste-</strong></span> 
     </span>
     <span class='ocr_line' id='line_1_33' title="bbox 301 4395 1513 4489; baseline 0.002 -19"><span class='ocrx_word' id='word_1_232' title='bbox 301 4396 397 4471; x_wconf 87' lang='lat' dir='ltr'><strong>rium</strong></span> <span class='ocrx_word' id='word_1_233' title='bbox 414 4397 576 4472; x_wconf 89' lang='lat' dir='ltr'><strong>converti</strong></span> <span class='ocrx_word' id='word_1_234' title='bbox 594 4397 759 4489; x_wconf 88' lang='lat' dir='ltr'><strong>volucrit,</strong></span> <span class='ocrx_word' id='word_1_235' title='bbox 771 4397 848 4474; x_wconf 85' lang='lat' dir='ltr'><strong>sive</strong></span> <span class='ocrx_word' id='word_1_236' title='bbox 864 4400 904 4472; x_wconf 93' lang='lat' dir='ltr'><strong>in</strong></span> <span class='ocrx_word' id='word_1_237' title='bbox 919 4397 996 4470; x_wconf 83' lang='lat' dir='ltr'><strong>uita</strong></span> <span class='ocrx_word' id='word_1_238' title='bbox 1013 4395 1090 4470; x_wconf 88' lang='lat' dir='ltr'><strong>sive</strong></span> <span class='ocrx_word' id='word_1_239' title='bbox 1107 4395 1146 4470; x_wconf 91' lang='lat' dir='ltr'><strong>in</strong></span> <span class='ocrx_word' id='word_1_240' title='bbox 1165 4404 1278 4471; x_wconf 86' lang='lat' dir='ltr'><strong>morte</strong></span> <span class='ocrx_word' id='word_1_241' title='bbox 1296 4405 1337 4469; x_wconf 91' lang='lat' dir='ltr'><strong>nt</strong></span> <span class='ocrx_word' id='word_1_242' title='bbox 1353 4396 1513 4472; x_wconf 92' lang='lat' dir='ltr'><strong>omnium</strong></span> 
     </span>
     <span class='ocr_line' id='line_1_34' title="bbox 301 4510 1514 4616; baseline 0.002 -28"><span class='ocrx_word' id='word_1_243' title='bbox 301 4535 419 4590; x_wconf 86' lang='lat' dir='ltr'><strong>rorum</strong></span> <span class='ocrx_word' id='word_1_244' title='bbox 437 4520 474 4590; x_wconf 87' lang='lat' dir='ltr'><strong>ct</strong></span> <span class='ocrx_word' id='word_1_245' title='bbox 490 4512 750 4613; x_wconf 84' lang='lat' dir='ltr'><strong>possessionum</strong></span> <span class='ocrx_word' id='word_1_246' title='bbox 776 4537 867 4612; x_wconf 90' lang='lat' dir='ltr'><strong>quas</strong></span> <span class='ocrx_word' id='word_1_247' title='bbox 892 4536 954 4616; x_wconf 91' lang='lat' dir='ltr'><strong>pro</strong></span> <span class='ocrx_word' id='word_1_248' title='bbox 978 4510 1095 4589; x_wconf 87' lang='lat' dir='ltr'><strong>saluto</strong></span> <span class='ocrx_word' id='word_1_249' title='bbox 1120 4512 1251 4588; x_wconf 79' lang='lat' dir='ltr'><strong>animae</strong></span> <span class='ocrx_word' id='word_1_250' title='bbox 1275 4538 1350 4589; x_wconf 86' lang='lat' dir='ltr'><strong>suae</strong></span> <span class='ocrx_word' id='word_1_251' title='bbox 1375 4512 1514 4614; x_wconf 87' lang='lat' dir='ltr'><strong>disponi</strong></span> 
     </span>
    </p>
   </div>
   <div class='ocr_carea' id='block_1_7' title="bbox 0 0 1830 5498">
    <p class='ocr_par' dir='ltr' id='par_1_7' title="bbox 0 0 1830 5498">
     <span class='ocr_line' id='line_1_35' title="bbox 0 0 1830 5498; baseline 0 0"><span class='ocrx_word' id='word_1_252' title='bbox 0 0 1830 5498; x_wconf 95' lang='lat' dir='ltr'><strong> </strong></span> 
     </span>
    </p>
   </div>
  </div>
 </body>
</html>
