3608 5498
805 392 999 456 -107-

288 527 331 590 ut
346 513 498 610 dignum
516 521 604 602 erat,
621 520 657 588 et
673 512 871 588 desiderata
890 537 946 587 res
965 513 1140 610 poscebat,
1157 511 1293 589 sineret
1315 515 1514 606 imminere,

288 638 325 704 et
348 653 414 704 nos
430 627 469 702 in
486 626 610 702 multis
627 626 819 725 implicitos
836 626 1089 703 ecclesiasticae
1107 627 1257 702 rationis
1278 630 1514 705 consideratio

289 767 422 820 novum
440 743 505 817 hoc
522 743 725 817 inconsulto
741 752 777 817 et
794 741 911 816 subito
927 766 998 817 non
1013 742 1234 841 permitteret
1248 743 1449 840 indulgere,
1463 744 1512 820 ic·

288 857 385 933 circo
398 856 583 954 postulatae
598 857 648 931 rei
662 856 895 954 prolongatus
916 867 971 932 est
983 857 1142 933 effectus.
1159 863 1235 934 Nec
1252 882 1336 935 vero
1349 858 1512 935 caritatis

288 981 361 1047 tuae
378 972 468 1047 bona
485 981 694 1047 revocantes
718 972 763 1046 ad
780 971 953 1059 animum,
970 970 1080 1046 huius
1097 973 1323 1048 auctoritatis
1341 973 1513 1071 rescripto

289 1096 326 1163 te
349 1088 395 1162 ad
418 1086 706 1162 archidiaconem
732 1096 835 1160 tuum
862 1085 1137 1160 dalmaticarum
1165 1114 1271 1162 usum
1296 1088 1512 1164 decorandos

290 1227 367 1278 esse
382 1201 637 1290 concessimus,
654 1202 867 1299 easdemque
886 1200 1097 1276 dalmaticas
1113 1202 1345 1280 dilectissimo
1361 1203 1434 1279 filio
1451 1226 1512 1277 no-

290 1324 364 1391 stro
381 1315 522 1391 ciriaco
539 1315 677 1404 Abbate
694 1315 874 1390 deferente
891 1315 1168 1391 transmisimus.

679 1507 682 1511 ’
819 1541 1002 1627 exarui.

384 1771 582 1868 Gregorius
611 1770 783 1869 Episcopo
813 1769 1037 1845 Siracusano.
1063 1776 1161 1848 Inter
1186 1783 1317 1849 cetera.
1342 1777 1514 1851 Pervenit

288 1884 408 1984 itaque
437 1886 481 1961 ad
505 1908 569 1959 nos
594 1883 687 1982 quod
713 1884 884 1958 diaconus
911 1884 1081 1960 Ecclesiae
1106 1886 1312 1963 Catinensis
1337 1888 1514 1964 calciatus

289 2001 475 2098 campagis
500 1999 686 2096 procedere
713 1997 1006 2096 presumpsisset.
1025 2000 1124 2086 Quod
1150 2001 1234 2098 quia
1252 2010 1401 2077 actenus
1420 2002 1512 2076 nulli

289 2137 351 2211 per
375 2123 485 2188 totam
503 2112 664 2190 Siciliam
694 2110 810 2200 licuit,
834 2110 904 2184 nisi
928 2113 1012 2187 solis
1036 2115 1281 2189 tantummodo
1305 2116 1513 2191 diaconibus

288 2226 449 2304 ecclesis
473 2226 708 2314 Mesenensis
732 2223 863 2324 quibus
887 2224 972 2299 olim
997 2251 1019 2297 a
1044 2227 1361 2323 praedecessoribus
1378 2229 1511 2303 nostris

289 2364 360 2416 nou
383 2341 569 2416 dubitatur
585 2365 663 2416 esse
680 2363 889 2416 concessum
907 2337 995 2413 bene
1015 2340 1180 2415 recolitis.
1199 2341 1290 2428 Quia
1308 2365 1396 2438 ergo
1412 2351 1512 2419 tante

291 2454 502 2531 temeritatis
526 2480 637 2529 ausus
664 2462 805 2529 nonest
829 2451 960 2528 leviter
976 2455 1215 2530 attendendus
1231 2481 1315 2531 cum
1333 2456 1429 2531 omni
1447 2456 1513 2532 huc

289 2567 494 2642 fraternitas
527 2578 648 2643 vestra
680 2566 878 2642 subtilitate
910 2566 1106 2664 perquirat,
1137 2577 1259 2643 utrum
1295 2593 1419 2667 perse
1456 2567 1539 2658 vel¹

288 2681 445 2757 alicuius
470 2683 536 2758 hoc
559 2681 774 2758 anctoritate
794 2683 1062 2779 praesumpserit
1087 2683 1186 2758 nobis
1210 2683 1392 2760 subtiliter
1417 2684 1516 2760 inno

292 2804 415 2871 tescat.
440 2800 532 2870 Nam
558 2797 589 2870 si
615 2794 852 2892 neglegenter
869 2824 911 2873 ea
936 2819 1016 2892 quae
1042 2798 1135 2872 male
1167 2808 1388 2896 usurpantur
1412 2798 1515 2872 omit-

290 2909 412 2998 timus,
437 2910 640 2987 excessibus
666 2910 763 2984 viam
788 2911 870 2986 aliis
895 2912 1086 3010 aperimus.

805 3139 1007 3226 Olllrllllll.

385 3365 583 3463 Gregorius
600 3367 776 3441 Mauricio
799 3368 1017 3465 Imperatori.
1042 3371 1141 3444 Inter
1166 3378 1296 3444 cetera.
1322 3370 1429 3446 Certe
1454 3395 1517 3468 pro

292 3477 384 3554 beati
403 3480 499 3555 Petri
527 3480 686 3578 Apostoli
705 3479 835 3556 honore
853 3506 916 3579 per
933 3485 1172 3558 venerandam
1192 3483 1516 3559 Chalcedonensem

291 3593 453 3668 sinodum
479 3594 696 3669 universalis
727 3618 853 3670 nomon
880 3599 1037 3672 Romano
1070 3599 1234 3674 Pontifici
1269 3600 1426 3674 oblatum
1452 3607 1517 3688 est,

292 3709 353 3783 sed
377 3708 503 3782 nullus
527 3732 649 3783 eorum
684 3733 869 3806 nunquam
897 3708 965 3785 hoc
998 3711 1267 3809 singularitatis
1293 3712 1436 3788 nomine
1463 3712 1514 3786 ut'

290 3823 478 3898 consensit.
503 3823 604 3911 Quod
621 3832 676 3898 est
692 3846 780 3918 ergo
797 3823 888 3920 quod
908 3849 971 3901 nos
989 3827 1100 3902 huius
1118 3827 1282 3902 vocabuli
1301 3827 1455 3924 gloriam
1481 3839 1518 3902 et

290 3943 442 4019 oblatam
467 3968 539 4019 nou
563 3944 749 4044 querimus
766 3955 802 4020 et
818 3944 910 4020 alter
932 3941 1000 4017 sibi
1017 3941 1111 4017 hanc
1136 3940 1292 4039 arripere
1310 3940 1418 4016 etiam
1445 3962 1516 4013 non

291 4057 444 4133 oblatam
478 4060 672 4156 praesumit.
706 4059 803 4133 Idem
837 4058 991 4154 Eulogio
1026 4055 1267 4130 Alexandrino
1298 4053 1516 4128 Patriarchae

291 4173 386 4248 inter
402 4183 531 4248 cetera.
544 4175 591 4246 Et
602 4173 694 4271 quod
712 4182 768 4247 cst
784 4172 822 4245 in
841 4181 968 4248 sancta
983 4168 1238 4244 Calcedonensi
1257 4166 1393 4265 synodo
1409 4175 1517 4263 atque

292 4296 369 4384 post
393 4310 414 4358 a
439 4286 739 4384 subsequentibus
765 4285 928 4384 patribus
951 4282 1018 4358 hoc
1043 4281 1288 4357 decessoribus
1313 4279 1403 4355 meis
1425 4279 1519 4354 obla·

291 4411 370 4475 tum
396 4411 516 4475 vestra
548 4400 720 4476 aucuns
753 4400 865 4487 novit,
890 4398 952 4472 scd
981 4405 1101 4472 tamen
1135 4395 1260 4470 nullus
1293 4418 1416 4469 eorum
1452 4392 1518 4470 hoc

294 4537 452 4612 unquam
486 4514 539 4589 uti
566 4514 690 4591 voluit.
715 4517 810 4590 ldem
842 4512 948 4590 Narsi
975 4511 1117 4587 Comiti.
1149 4510 1364 4609 Ephesiuam
1394 4518 1518 4584 autem
