3608 5498
796 380 994 445 -370-

288 525 440 600 quorum
458 501 575 606 potius
592 498 749 576 utilitati
755 501 1011 580 consulendum
1026 512 1081 578 est
1092 527 1200 602 quam
1213 502 1402 579 voluntati.
1413 504 1508 576 Nam

287 614 326 687 in
341 615 560 715 corripiendo
573 615 646 690 filio
658 615 855 714 quamlibet
867 639 1001 713 aspere,
1014 639 1200 713 nunquam
1213 626 1440 692 tamenamor
1448 638 1510 712 pa·

286 736 412 801 ternus
431 728 622 802 amittitur.
639 729 698 801 Fit
710 737 830 802 tamen
844 727 936 826 quod
948 728 1045 803 nolet
1057 738 1099 802 ut
1111 728 1238 816 doleat,
1251 729 1312 826 qui
1329 729 1437 803 etiam
1455 728 1510 801 in-

289 838 388 912 vitus
406 841 548 916 videtur
565 840 683 916 dolere
700 842 891 915 sanandus.
908 840 1080 938 Pelagius
1097 843 1135 916 in
1161 850 1310 938 regesto.
1330 844 1411 916 Non
1432 865 1510 939 per·

288 952 462 1049 sequitur,
474 953 545 1027 nisi
558 954 622 1051 qui
634 953 679 1028 ad
692 952 828 1028 malum
841 953 949 1051 cogit.
962 955 1032 1043 Qui
1046 978 1131 1032 vero
1143 955 1278 1029 malum
1295 955 1354 1030 vel
1370 955 1509 1031 fuctum

287 1065 359 1138 iam
378 1068 492 1164 punit,
509 1066 567 1142 vel
585 1066 746 1166 prohibet
762 1093 807 1142 ne
824 1069 898 1158 fiat,
914 1091 985 1143 non
1002 1068 1228 1167 persequitur
1250 1069 1328 1155 iste,
1352 1069 1414 1144 sed
1429 1067 1511 1142 dili·

287 1177 354 1271 git.
371 1180 464 1252 Nam
488 1178 518 1253 si
535 1189 578 1254 ut
594 1179 738 1278 quidam
756 1188 895 1278 putant,
912 1204 1015 1256 nemo
1032 1204 1097 1255 nec
1112 1179 1357 1277 reprimendus
1369 1205 1390 1252 a
1404 1179 1509 1269 malo,

288 1315 356 1367 nec
375 1293 609 1368 retrahendus
632 1293 676 1367 ad
701 1293 833 1369 bonum
858 1302 923 1382 est,
947 1292 1125 1369 humanas
1148 1291 1218 1368 hac
1242 1294 1385 1368 divinas
1408 1294 1511 1390 leges

287 1429 433 1481 necesse
453 1416 508 1481 est
524 1407 704 1495 evacuari,
722 1431 800 1503 quae
812 1416 848 1482 et
862 1406 967 1480 malis
980 1431 1117 1505 paenam
1131 1406 1280 1482 ethonis
1293 1407 1438 1504 praemia
1455 1407 1511 1481 iu·

287 1519 387 1593 stitia
404 1520 577 1594 suadente
597 1520 831 1595 constituunt.
845 1520 981 1596 Malum
996 1546 1080 1597 vero
1093 1546 1237 1619 scysma
1254 1529 1309 1595 est
1320 1520 1429 1595 ctiam
1447 1545 1511 1619 per

287 1641 477 1707 extraneas
498 1639 688 1731 potestates
705 1632 983 1730 opprimendum.
1000 1634 1188 1708 Fabianus.
1206 1632 1275 1720 Qui
1292 1633 1511 1729 omnipoten-

290 1753 362 1819 tem
382 1747 497 1820 Deum
515 1746 654 1834 metuit,
670 1770 738 1820 nec
755 1757 877 1820 contra
900 1746 1154 1842 Evangelium‚
1180 1770 1246 1820 nec
1271 1755 1396 1820 contra
1420 1752 1513 1842 Apo

289 1858 409 1948 stolos,
425 1884 494 1935 nec
516 1871 640 1935 contre
657 1858 850 1958 Prophetas
866 1859 925 1935 vel
942 1870 1146 1935 sanctorum
1172 1862 1320 1932 Patrum
1341 1857 1512 1932 instituta

289 1995 398 2066 agere
415 1973 551 2070 aliquid
568 1973 743 2048 ullomodo
760 1974 946 2049 consentit.
956 1973 1132 2050 Clemens.
1142 1972 1392 2049 (lentissimum
1412 1996 1511 2044 nam-

288 2109 357 2182 que
375 2088 537 2184 estquod
554 2111 670 2185 neque
686 2087 857 2176 amicitia,
873 2113 989 2187 neque
1010 2088 1254 2187 propinquitas
1278 2086 1434 2183 generis,
1450 2109 1513 2159 ne·
1531 2141 1534 2145 »

272 2186 358 2294 'que
373 2199 477 2294 regni
492 2199 695 2275 sublimitas
704 2200 838 2275 homini
852 2202 1035 2298 pretiosior
1048 2200 1152 2277 debet
1163 2225 1240 2276 csse
1253 2199 1511 2295 veritate‚q11ia

288 2309 405 2384 nichil
422 2312 611 2408 pretiosius
628 2323 683 2388 est
699 2313 829 2387 anima.
845 2317 923 2389 Leo.
936 2314 1006 2401 Qui
1024 2314 1113 2389 alios
1128 2313 1174 2388 ab
1190 2337 1307 2388 errore
1324 2336 1395 2387 non
1412 2334 1514 2386 revo-

289 2432 359 2511 cat,
376 2428 534 2522 seipsum
552 2450 671 2502 errare
696 2427 925 2502 demonstrat.
941 2429 1038 2503 Idem
1058 2426 1248 2502 Anatholio
1265 2426 1446 2524 Episcopo.
1463 2425 1514 2499 Il-

288 2534 350 2609 lud
368 2561 453 2610 sane
471 2535 666 2632 plurimum
683 2538 796 2613 nichil
812 2538 998 2637 displicere
1015 2539 1191 2637 significo,
1208 2539 1299 2637 quod
1317 2538 1411 2612 inter
1426 2536 1515 2611 dile-

288 2648 417 2722 ctionis
435 2660 507 2725 tuae
523 2651 671 2726 clericos
687 2653 830 2750 quidam
852 2677 929 2728 esse
946 2653 1127 2742 dicuntur,
1144 2653 1206 2751 qui
1222 2652 1510 2727 adversariorum

288 2764 504 2839 conveniant
526 2764 707 2864 pravitati,
724 2776 759 2840 et
783 2765 939 2839 vesaniae
955 2766 1052 2838 vasis
1069 2765 1319 2840 misericordiae
1336 2765 1513 2838 miscean-

288 2883 359 2951 tur.
368 2876 506 2964 Quibus
520 2878 783 2973 investigandis
795 2886 833 2951 et
849 2878 1040 2953 severitate
1056 2902 1217 2973 congrua
1230 2876 1443 2964 coercendis,
1452 2875 1513 2951 de·

287 2986 348 3062 bet
364 2990 554 3085 diligentia
571 3000 634 3065 tua
654 2990 853 3086 vigilanter
877 2989 1054 3075 insistere,
1071 2991 1121 3065 ita
1146 3001 1188 3065 ut
1212 2990 1269 3064 his
1286 2988 1416 3087 quibus
1432 3011 1513 3087 pro·

289 3099 389 3176 desse
401 3126 472 3177 non
486 3105 642 3202 potuerit
658 3102 841 3189 correctio,
853 3124 923 3175 non
941 3112 1064 3200 parcat
1080 3102 1239 3178 abscisio.
1248 3105 1395 3199 Oportet
1411 3102 1510 3176 enim

288 3238 352 3288 nos
369 3216 573 3312 evangelici
594 3215 798 3290 meminisse
816 3213 985 3304 mandati,
994 3215 1085 3313 quod
1098 3215 1143 3289 ab
1160 3216 1236 3313 ipsa
1253 3215 1406 3290 veritate
1422 3236 1513 3310 prrs-

289 3327 432 3424 cipitur,
450 3338 491 3403 ut
516 3329 546 3402 si
572 3352 636 3403 nos
652 3327 789 3417 oculus,
806 3337 870 3402 eut
886 3351 957 3426 pes,
974 3336 1038 3401 aut
1062 3326 1185 3400 dextra
1210 3323 1512 3400 scandalizaverit

289 3465 458 3514 manusa
481 3464 653 3541 compage
678 3440 875 3529 auferatur,
890 3439 975 3539 quia
1000 3437 1129 3513 melius
1153 3437 1201 3511 sit
1224 3436 1281 3509 his
1302 3437 1340 3509 in
1356 3434 1511 3510 ecclesia

288 3577 412 3628 carere
437 3553 687 3643 membrorum,
704 3578 810 3652 quam
838 3578 922 3628 cum
943 3553 1031 3650 ipsis
1048 3552 1086 3625 in
1104 3561 1236 3625 aeterna
1253 3549 1305 3624 ire
1323 3549 1511 3647 supplicia.

290 3668 383 3740 Nam
400 3665 578 3764 superfluo
594 3676 694 3741 extra
711 3664 898 3742 ecclesiam
912 3666 1035 3762 positis
1047 3664 1258 3750 resistimus,
1270 3662 1300 3734 si
1313 3660 1359 3736 ab
1371 3660 1428 3734 his
1444 3661 1511 3758 qui

289 3778 389 3852 intus
406 3789 492 3854 sunt
509 3780 548 3852 in
565 3779 617 3855 eis
634 3801 722 3876 quos
738 3777 923 3877 decipiunt
939 3776 1184 3852 vulneramur.
1201 3774 1396 3849 Abicienda
1412 3796 1511 3870 pror-

289 3917 351 3965 sus
368 3892 537 3989 pestifera
552 3891 629 3966 haec
646 3915 668 3962 a
685 3889 895 3965 sacerdotali
914 3891 1039 3986 vigore
1057 3887 1228 3988 patientia
1244 3897 1309 3975 est,
1327 3911 1405 3985 quae
1422 3885 1510 3960 sibi-

289 4014 363 4079 met
380 4006 535 4104 peccatis
551 4005 703 4078 aliorum
720 4003 895 4100 parcendo
911 4027 982 4078 non
995 4002 1120 4101 percit,
1130 4000 1225 4075 sicut
1234 3998 1315 4073 Heli
1330 3998 1511 4097 quondam

289 4119 488 4194 sacerdotes
505 4118 659 4192 filiorum
678 4141 824 4192 suorum
837 4117 967 4192 dericta
984 4114 1165 4188 tolerando
1181 4137 1264 4188 cum
1282 4112 1369 4212 ipsis
1386 4110 1512 4186 divine

290 4232 427 4306 iustitie
453 4231 667 4306 sententiam
692 4231 824 4305 meruit
849 4229 1012 4327 experiri,
1036 4225 1121 4324 quia
1149 4226 1253 4322 segni
1279 4223 1512 4320 indulgentia

290 4343 534 4417 dissimulavit
554 4343 709 4441 plectere
733 4352 944 4443 peccatores
961 4345 1144 4429 Quantum
1169 4339 1289 4437 itaque
1306 4337 1512 4439 opportuni·

289 4467 345 4528 tas
369 4457 502 4530 invitat
524 4456 642 4542 officii,
660 4455 869 4551 religiosum
894 4452 1089 4552 principem
1114 4450 1257 4525 dilectio
1280 4462 1343 4524 tua
1364 4449 1512 4525 studeat
