3608 5498
814 433 853 449 ..
879 399 918 462 91
945 432 986 444 ..

833 571 976 656 oxllss.

385 778 560 853 Iohannes
585 778 782 876 Episcopus
800 773 982 852 universis
999 773 1184 872 Episcopis
1200 798 1263 872 per
1280 773 1512 848 Germaniam

290 904 327 968 et
344 892 499 968 Galliam
513 893 730 967 constitutis.
742 895 872 968 Petrus
885 893 1057 987 Princeps
1071 887 1320 986 Apostolorum
1333 887 1513 963 adiutores

290 1006 356 1080 sibi
377 1006 509 1082 ascivit
530 1006 659 1080 Linum
674 1016 710 1081 et
723 1005 877 1094 Cletum,
890 1029 960 1081 uon
974 1015 1095 1079 tamen
1110 1012 1318 1100 potestatem
1336 1000 1512 1089 Pontifici,

289 1130 353 1194 aut
370 1119 507 1216 ligandi
530 1119 590 1195 vel
616 1119 776 1194 solvendi
793 1142 954 1194 normam
973 1117 1025 1193 cis
1045 1114 1204 1204 tradidit,
1229 1115 1289 1189 sed
1315 1115 1512 1190 successori

292 1256 355 1307 suo
373 1232 564 1317 Clementi,
583 1233 644 1330 qui
663 1233 779 1308 sedem
800 1232 1038 1331 Apostolicam
1057 1240 1134 1328 post
1152 1254 1235 1304 eum
1253 1239 1289 1303 et
1302 1239 1512 1327 potestatem

291 1345 529 1443 pontificalem
547 1346 709 1420 tradente
728 1345 794 1420 sibi
808 1347 910 1420 beato
921 1349 1027 1420 Petro
1043 1354 1165 1418 tenere
1178 1343 1382 1440 promeruit.
1400 1342 1512 1417 Linus

293 1483 377 1534 vcro
393 1470 429 1534 et
447 1459 572 1535 Cletus
597 1459 849 1534 ministrabant
875 1457 1060 1534 exteriora.
1079 1456 1250 1554 Princeps
1274 1466 1395 1530 autem
1422 1461 1513 1553 Apo

292 1572 462 1647 stolorum
480 1576 609 1647 Petrus
627 1573 734 1648 verbo
750 1585 786 1648 et
803 1573 952 1648 orationi
971 1570 1170 1656 insistebat,
1196 1593 1275 1667 quae
1297 1592 1368 1643 non
1393 1569 1513 1644 incon·

290 1688 381 1782 grue
399 1713 420 1761 a
438 1687 628 1762 traditione
642 1687 798 1786 Spiritus
812 1686 927 1763 sancti
941 1709 1004 1784 pcr
1016 1710 1145 1758 manus
1163 1684 1422 1782 impositionem
1437 1707 1513 1782 pcr-

291 1799 419 1874 tinent.
436 1803 482 1874 Et
499 1801 603 1874 infra.
621 1801 750 1875 Linum
768 1825 923 1899 namque
942 1813 977 1878 et
999 1802 1141 1878 Cletum
1167 1799 1261 1874 nihil
1288 1799 1423 1894 legitur
1448 1825 1513 1874 un·

291 1937 399 2010 quam
414 1912 532 2010 egisse
545 1939 589 1989 ex
602 1914 797 2012 pontificali
812 1915 1012 1991 ministerio
1024 1906 1247 2012 potestative,
1262 1913 1322 1988 sed
1336 1922 1511 2010 quantum

290 2025 378 2099 cisa
396 2025 498 2101 beato
515 2029 617 2102 Petro
636 2029 917 2126 praecipiebatur,
934 2039 1077 2103 tantum
1096 2027 1314 2103 solummodo
1330 2025 1497 2122 agebant.

850 2258 952 2341 CXV.

385 2485 565 2556 Paooorvs
582 2483 826 2559 dilectissimis
850 2482 1022 2558 iratribus
1045 2482 1227 2557 universis
1244 2481 1431 2580 Episcopis
1448 2480 1510 2579 qui

293 2593 421 2671 illicita
434 2596 618 2672 vocatione
632 2596 801 2672 Iohannis
815 2596 1197 2694 Constantinopolitaui
1206 2595 1382 2694 Episcopi,
1390 2595 1435 2670 ad
1444 2597 1512 2694 sy-

291 2709 423 2784 nodum
434 2710 868 2809 Constantinopolitanum
878 2721 1132 2786 convenerunt.
1142 2709 1416 2785 Exauctoritatc
1426 2711 1512 2782 San·

290 2824 339 2898 cti
359 2825 454 2900 Petri
473 2824 722 2922 Apostolorum
741 2824 920 2924 Principis
936 2834 973 2899 et
985 2824 1128 2898 Domini
1142 2846 1227 2898 voce
1240 2823 1437 2897 Salvatoris
1450 2821 1511 2920 qui

289 2940 390 3013 beato
407 2942 513 3014 Petro
529 2948 740 3037 potestatem
758 2938 896 3035 ligandi
911 2950 947 3014 et
964 2937 1123 3013 solvendi
1136 2937 1211 3035 ipse
1226 2936 1390 3011 Salvator
1404 2935 1510 3023 dedit,

290 3076 368 3150 quae
385 3051 494 3127 etiam
512 3063 667 3151 potestas
690 3052 726 3125 in
754 3053 1020 3129 successoribus
1045 3053 1123 3126 eius
1148 3050 1392 3125 indubitanter
1416 3059 1513 3122 tran·

288 3166 385 3254 sivit,
402 3167 567 3266 precipio
583 3168 703 3241 omnia
716 3192 795 3266 quae
809 3168 857 3241 ibi
871 3167 1016 3242 statutis
1029 3167 1130 3240 varia
1148 3175 1183 3240 et
1200 3175 1340 3240 cassata
1354 3187 1443 3252 esse,
1456 3163 1507 3237 ita

290 3291 331 3354 ut
347 3281 512 3378 deinceps
530 3307 716 3380 nunquam
736 3291 938 3381 appareant.
954 3280 1015 3354 Ait
1031 3278 1128 3354 euim
1143 3279 1217 3375 ipsc
1232 3276 1397 3351 Salvator
1408 3277 1511 3351 beato

291 3395 395 3467 Petro
413 3393 590 3491 Apostolo.
605 3397 847 3493 eroecumque
860 3393 1034 3490 ligaveris
1047 3417 1153 3490 supcr
1169 3402 1302 3466 terram
1316 3402 1352 3465 et
1366 3390 1511 3488 reliqua.

290 3504 416 3579 Multis
432 3507 527 3580 enim
548 3506 762 3605 Apostoliois
779 3518 886 3606 atque
912 3506 1094 3582 canonicis
1119 3516 1155 3580 et
1176 3504 1432 3580 ecclesiasticis
1457 3504 1509 3576 iu-

289 3619 464 3694 struimur
482 3620 620 3718 regulis
636 3645 707 3696 non
725 3621 850 3697 debere
868 3622 1000 3719 absque
1017 3620 1193 3697 sententia
1216 3620 1365 3693 Romani
1391 3618 1511 3694 Ponti·

290 3733 367 3809 ficis
391 3735 544 3811 concilia
557 3736 743 3825 celebrari,
760 3747 796 3811 et
814 3746 890 3834 post
913 3759 1035 3833 pauca.
1055 3734 1336 3808 praedecessores
1353 3755 1438 3807 vero
1462 3735 1514 3807 Io

288 3847 429 3939 hannis,
445 3860 482 3924 et
499 3849 566 3924 iste
587 3851 680 3925 idem
706 3850 893 3938 Iohannes,
910 3871 979 3922 non
1005 3847 1126 3936 semel,
1145 3847 1205 3922 sed
1231 3847 1417 3944 sepissime
1439 3846 1512 3944 epi·

291 3959 401 4035 stolas
417 3971 524 4060 atque
541 3961 680 4037 libellos
695 3964 835 4062 propria
848 3989 957 4038 mauu
972 3962 1191 4061 supscriptos
1205 3962 1341 4039 sanctis
1353 3973 1513 4037 anteces-

290 4074 429 4149 soribus
445 4077 578 4150 uostris
598 4078 736 4153 miserit
754 4078 884 4176 quibus
902 4099 1021 4154 coram
1041 4080 1114 4152 Deo
1140 4076 1324 4175 protestati
1350 4086 1436 4150 sunt
1459 4075 1513 4149 ni·

290 4187 363 4263 chil
390 4213 549 4287 uuquam
569 4202 732 4288 proterve
757 4204 878 4267 contra
899 4190 1138 4289 Apostolicam
1157 4190 1284 4265 Sedem
1309 4213 1428 4286 agere,
1445 4213 1513 4264 nec

290 4301 333 4375 de
350 4301 450 4375 illius
467 4313 531 4376 aut
548 4302 691 4378 illorum
710 4304 914 4404 privilegiis
940 4329 1113 4402 usurpare
1139 4304 1343 4402 quicquam.
1361 4307 1449 4390 Qum
1474 4302 1511 4374 in

290 4414 462 4492 harchivo
488 4428 622 4493 sanctoe
646 4423 813 4494 Romame
831 4418 1002 4495 Ecclesiae
1020 4417 1086 4493 sub
1111 4418 1245 4515 sigillis
1270 4440 1392 4493 eorum
1419 4417 1514 4492 robo-

293 4530 359 4603 rati
378 4531 554 4607 habentur
570 4544 607 4608 ot
632 4534 783 4631 integre.
809 4538 850 4608 lu
877 4534 964 4632 ipsis
989 4535 1086 4610 enim
1113 4534 1273 4633 epistolis
1298 4532 1354 4608 vel
1381 4531 1512 4607 libellis
