<?xml version="1.0" encoding="UTF-8"?>
<!DOCTYPE html PUBLIC "-//W3C//DTD XHTML 1.0 Transitional//EN"
    "http://www.w3.org/TR/xhtml1/DTD/xhtml1-transitional.dtd">
<html xmlns="http://www.w3.org/1999/xhtml" xml:lang="en" lang="en">
 <head>
  <title>
</title>
<meta http-equiv="Content-Type" content="text/html;charset=utf-8" />
  <meta name='ocr-system' content='tesseract 3.04.00' />
  <meta name='ocr-capabilities' content='ocr_page ocr_carea ocr_par ocr_line ocrx_word'/>
</head>
<body>
  <div class='ocr_page' id='page_1' title='image "./collectiocanonu00deusgoog_0064.png"; bbox 0 0 3608 5498; ppageno 0'>
   <div class='ocr_carea' id='block_1_1' title="bbox 717 532 1051 659">
    <p class='ocr_par' dir='ltr' id='par_1_1' title="bbox 717 532 1051 659">
     <span class='ocr_line' id='line_1_1' title="bbox 717 532 1051 659; baseline 0.003 -3"><span class='ocrx_word' id='word_1_1' title='bbox 717 536 719 541; x_wconf 74' lang='grc'>’</span> <span class='ocrx_word' id='word_1_2' title='bbox 751 532 1051 659; x_wconf 79' lang='grc' dir='ltr'><strong>Η111111111111</strong></span> 
     </span>
    </p>
   </div>
   <div class='ocr_carea' id='block_1_2' title="bbox 573 800 1235 888">
    <p class='ocr_par' dir='ltr' id='par_1_2' title="bbox 573 800 1235 888">
     <span class='ocr_line' id='line_1_2' title="bbox 573 800 1235 888; baseline 0.014 -9"><span class='ocrx_word' id='word_1_3' title='bbox 573 800 619 880; x_wconf 88' lang='lat' dir='ltr'>IN</span> <span class='ocrx_word' id='word_1_4' title='bbox 654 800 969 885; x_wconf 80' lang='lat' dir='ltr'><strong>PRAEFATIONE</strong></span> <span class='ocrx_word' id='word_1_5' title='bbox 997 803 1235 888; x_wconf 79' lang='lat' dir='ltr'><strong>CANONUII.</strong></span> 
     </span>
    </p>
   </div>
   <div class='ocr_carea' id='block_1_3' title="bbox 823 1031 983 1064">
    <p class='ocr_par' dir='ltr' id='par_1_3' title="bbox 823 1031 983 1064">
     <span class='ocr_line' id='line_1_3' title="bbox 823 1031 983 1064; baseline 0.006 -1"><span class='ocrx_word' id='word_1_6' title='bbox 823 1031 983 1064; x_wconf 59' lang='grc' dir='ltr'><strong>-οωαοο-</strong></span> 
     </span>
    </p>
   </div>
   <div class='ocr_carea' id='block_1_4' title="bbox 293 1597 1518 2778">
    <p class='ocr_par' dir='ltr' id='par_1_4' title="bbox 293 1597 1518 2778">
     <span class='ocr_line' id='line_1_4' title="bbox 393 1597 1514 1765; baseline 0.012 -36"><span class='ocrx_word' id='word_1_7' title='bbox 393 1597 506 1731; x_wconf 77' lang='lat' dir='ltr'>Scrsr</span> <span class='ocrx_word' id='word_1_8' title='bbox 523 1684 642 1731; x_wconf 81' lang='grc'><strong>111111</strong></span> <span class='ocrx_word' id='word_1_9' title='bbox 660 1682 723 1734; x_wconf 90' lang='lat' dir='ltr'>vos</span> <span class='ocrx_word' id='word_1_10' title='bbox 740 1663 877 1735; x_wconf 85' lang='lat' dir='ltr'>LXXX</span> <span class='ocrx_word' id='word_1_11' title='bbox 902 1662 1090 1762; x_wconf 87' lang='lat' dir='ltr'>Episcopos</span> <span class='ocrx_word' id='word_1_12' title='bbox 1107 1665 1169 1763; x_wconf 92' lang='lat' dir='ltr'>qui</span> <span class='ocrx_word' id='word_1_13' title='bbox 1191 1665 1256 1741; x_wconf 92' lang='lat' dir='ltr'>hoc</span> <span class='ocrx_word' id='word_1_14' title='bbox 1276 1690 1365 1765; x_wconf 90' lang='lat' dir='ltr'>opus</span> <span class='ocrx_word' id='word_1_15' title='bbox 1388 1692 1443 1743; x_wconf 93' lang='lat' dir='ltr'>me</span> <span class='ocrx_word' id='word_1_16' title='bbox 1461 1669 1514 1742; x_wconf 91' lang='lat' dir='ltr'>in-</span> 
     </span>
     <span class='ocr_line' id='line_1_5' title="bbox 295 1770 1516 1878; baseline 0.009 -34"><span class='ocrx_word' id='word_1_17' title='bbox 295 1770 413 1866; x_wconf 92' lang='lat' dir='ltr'>cipere</span> <span class='ocrx_word' id='word_1_18' title='bbox 437 1780 473 1846; x_wconf 91' lang='lat' dir='ltr'>et</span> <span class='ocrx_word' id='word_1_19' title='bbox 497 1771 674 1868; x_wconf 88' lang='lat' dir='ltr'>perlicere</span> <span class='ocrx_word' id='word_1_20' title='bbox 691 1773 870 1868; x_wconf 83' lang='lat' dir='ltr'>coegistis,</span> <span class='ocrx_word' id='word_1_21' title='bbox 894 1784 929 1847; x_wconf 90' lang='lat' dir='ltr'>et</span> <span class='ocrx_word' id='word_1_22' title='bbox 954 1785 1103 1851; x_wconf 87' lang='lat' dir='ltr'>cunctos</span> <span class='ocrx_word' id='word_1_23' title='bbox 1126 1776 1281 1875; x_wconf 90' lang='lat' dir='ltr'>reliquos</span> <span class='ocrx_word' id='word_1_24' title='bbox 1303 1780 1444 1878; x_wconf 83' lang='lat' dir='ltr'>Domini</span> <span class='ocrx_word' id='word_1_25' title='bbox 1461 1806 1516 1855; x_wconf 89' lang='lat' dir='ltr'>sa·</span> 
     </span>
     <span class='ocr_line' id='line_1_6' title="bbox 295 1885 1516 1990; baseline 0.007 -32"><span class='ocrx_word' id='word_1_26' title='bbox 295 1885 453 1960; x_wconf 88' lang='lat' dir='ltr'>cerdotes</span> <span class='ocrx_word' id='word_1_27' title='bbox 477 1895 623 1982; x_wconf 83' lang='lat' dir='ltr'>oportet,</span> <span class='ocrx_word' id='word_1_28' title='bbox 641 1888 732 1984; x_wconf 90' lang='lat' dir='ltr'>quod</span> <span class='ocrx_word' id='word_1_29' title='bbox 757 1886 861 1985; x_wconf 90' lang='lat' dir='ltr'>plura</span> <span class='ocrx_word' id='word_1_30' title='bbox 885 1912 994 1987; x_wconf 89' lang='lat' dir='ltr'>quam</span> <span class='ocrx_word' id='word_1_31' title='bbox 1018 1889 1081 1963; x_wconf 91' lang='lat' dir='ltr'>illa</span> <span class='ocrx_word' id='word_1_32' title='bbox 1107 1893 1180 1965; x_wconf 94' lang='lat' dir='ltr'>XX</span> <span class='ocrx_word' id='word_1_33' title='bbox 1204 1915 1280 1987; x_wconf 89' lang='lat' dir='ltr'>cap.</span> <span class='ocrx_word' id='word_1_34' title='bbox 1305 1915 1397 1990; x_wconf 90' lang='lat' dir='ltr'>quae</span> <span class='ocrx_word' id='word_1_35' title='bbox 1421 1895 1516 1990; x_wconf 88' lang='lat' dir='ltr'>apud</span> 
     </span>
     <span class='ocr_line' id='line_1_7' title="bbox 295 1998 1515 2099; baseline 0.007 -28"><span class='ocrx_word' id='word_1_36' title='bbox 295 2009 359 2072; x_wconf 89' lang='lat' dir='ltr'>nos</span> <span class='ocrx_word' id='word_1_37' title='bbox 370 1998 549 2074; x_wconf 87' lang='lat' dir='ltr'>hahentur</span> <span class='ocrx_word' id='word_1_38' title='bbox 561 2001 708 2075; x_wconf 81' lang='lat' dir='ltr'>Nicenae</span> <span class='ocrx_word' id='word_1_39' title='bbox 720 2001 841 2076; x_wconf 88' lang='lat' dir='ltr'>sinodo</span> <span class='ocrx_word' id='word_1_40' title='bbox 854 2001 1052 2099; x_wconf 92' lang='lat' dir='ltr'>reperimus</span> <span class='ocrx_word' id='word_1_41' title='bbox 1065 2012 1101 2077; x_wconf 93' lang='lat' dir='ltr'>et</span> <span class='ocrx_word' id='word_1_42' title='bbox 1118 2003 1156 2075; x_wconf 92' lang='lat' dir='ltr'>in</span> <span class='ocrx_word' id='word_1_43' title='bbox 1172 2003 1326 2079; x_wconf 92' lang='lat' dir='ltr'>decretis</span> <span class='ocrx_word' id='word_1_44' title='bbox 1343 2003 1427 2079; x_wconf 93' lang='lat' dir='ltr'>Iulii</span> <span class='ocrx_word' id='word_1_45' title='bbox 1446 2009 1515 2080; x_wconf 91' lang='grc' dir='ltr'>ΡΡ.</span> 
     </span>
     <span class='ocr_line' id='line_1_8' title="bbox 295 2113 1517 2213; baseline 0.001 -26"><span class='ocrx_word' id='word_1_46' title='bbox 295 2113 403 2210; x_wconf 85' lang='lat' dir='ltr'>LXX</span> <span class='ocrx_word' id='word_1_47' title='bbox 420 2137 496 2210; x_wconf 91' lang='lat' dir='ltr'>cap.</span> <span class='ocrx_word' id='word_1_48' title='bbox 519 2113 678 2188; x_wconf 91' lang='lat' dir='ltr'>eiusdem</span> <span class='ocrx_word' id='word_1_49' title='bbox 705 2115 841 2212; x_wconf 88' lang='lat' dir='ltr'>Synodi</span> <span class='ocrx_word' id='word_1_50' title='bbox 866 2138 942 2190; x_wconf 87' lang='lat' dir='ltr'>esse</span> <span class='ocrx_word' id='word_1_51' title='bbox 966 2114 1093 2189; x_wconf 88' lang='lat' dir='ltr'>dehere</span> <span class='ocrx_word' id='word_1_52' title='bbox 1118 2114 1286 2211; x_wconf 86' lang='lat' dir='ltr'>legimus.</span> <span class='ocrx_word' id='word_1_53' title='bbox 1303 2119 1417 2203; x_wconf 88' lang='lat' dir='ltr'>Quam</span> <span class='ocrx_word' id='word_1_54' title='bbox 1445 2118 1517 2213; x_wconf 91' lang='lat' dir='ltr'>epi-</span> 
     </span>
     <span class='ocr_line' id='line_1_9' title="bbox 295 2225 1516 2328; baseline 0.005 -30"><span class='ocrx_word' id='word_1_55' title='bbox 295 2225 420 2300; x_wconf 86' lang='lat' dir='ltr'>stolam</span> <span class='ocrx_word' id='word_1_56' title='bbox 451 2228 488 2299; x_wconf 92' lang='lat' dir='ltr'>in</span> <span class='ocrx_word' id='word_1_57' title='bbox 513 2249 577 2301; x_wconf 90' lang='lat' dir='ltr'>suo</span> <span class='ocrx_word' id='word_1_58' title='bbox 602 2227 677 2302; x_wconf 95' lang='lat' dir='ltr'>loco</span> <span class='ocrx_word' id='word_1_59' title='bbox 700 2253 785 2302; x_wconf 92' lang='lat' dir='ltr'>cum</span> <span class='ocrx_word' id='word_1_60' title='bbox 810 2227 940 2303; x_wconf 87' lang='lat' dir='ltr'>ceteris</span> <span class='ocrx_word' id='word_1_61' title='bbox 965 2251 1146 2325; x_wconf 86' lang='lat' dir='ltr'>ponemus.</span> <span class='ocrx_word' id='word_1_62' title='bbox 1170 2232 1264 2302; x_wconf 85' lang='lat' dir='ltr'>Nam</span> <span class='ocrx_word' id='word_1_63' title='bbox 1293 2230 1386 2328; x_wconf 90' lang='lat' dir='ltr'>quod</span> <span class='ocrx_word' id='word_1_64' title='bbox 1411 2230 1516 2327; x_wconf 86' lang='lat' dir='ltr'>plura</span> 
     </span>
     <span class='ocr_line' id='line_1_10' title="bbox 295 2340 1517 2437; baseline 0.005 -26"><span class='ocrx_word' id='word_1_65' title='bbox 295 2361 402 2434; x_wconf 89' lang='lat' dir='ltr'>quam</span> <span class='ocrx_word' id='word_1_66' title='bbox 420 2342 492 2414; x_wconf 92' lang='lat' dir='ltr'>XX</span> <span class='ocrx_word' id='word_1_67' title='bbox 508 2340 626 2437; x_wconf 88' lang='lat' dir='ltr'>capita</span> <span class='ocrx_word' id='word_1_68' title='bbox 643 2341 717 2415; x_wconf 92' lang='lat' dir='ltr'>sint</span> <span class='ocrx_word' id='word_1_69' title='bbox 732 2341 862 2417; x_wconf 88' lang='lat' dir='ltr'>Niceni</span> <span class='ocrx_word' id='word_1_70' title='bbox 880 2342 1044 2430; x_wconf 82' lang='lat' dir='ltr'>Concilii,</span> <span class='ocrx_word' id='word_1_71' title='bbox 1068 2342 1107 2415; x_wconf 93' lang='lat' dir='ltr'>in</span> <span class='ocrx_word' id='word_1_72' title='bbox 1126 2341 1252 2417; x_wconf 88' lang='lat' dir='ltr'>multis</span> <span class='ocrx_word' id='word_1_73' title='bbox 1275 2342 1517 2418; x_wconf 85' lang='lat' dir='ltr'>inveniuntur</span> 
     </span>
     <span class='ocr_line' id='line_1_11' title="bbox 295 2452 1516 2552; baseline 0.005 -27"><span class='ocrx_word' id='word_1_74' title='bbox 295 2452 391 2527; x_wconf 90' lang='lat' dir='ltr'>locis.</span> <span class='ocrx_word' id='word_1_75' title='bbox 408 2453 579 2549; x_wconf 80' lang='lat' dir='ltr'>legimus</span> <span class='ocrx_word' id='word_1_76' title='bbox 596 2454 692 2528; x_wconf 92' lang='lat' dir='ltr'>enim</span> <span class='ocrx_word' id='word_1_77' title='bbox 714 2454 753 2526; x_wconf 96' lang='lat' dir='ltr'>in</span> <span class='ocrx_word' id='word_1_78' title='bbox 770 2454 1163 2552; x_wconf 81' lang='lat' dir='ltr'>Constantinopolitano</span> <span class='ocrx_word' id='word_1_79' title='bbox 1184 2454 1345 2530; x_wconf 84' lang='lat' dir='ltr'>Concilio</span> <span class='ocrx_word' id='word_1_80' title='bbox 1362 2456 1423 2531; x_wconf 88' lang='lat' dir='ltr'>ita.</span> <span class='ocrx_word' id='word_1_81' title='bbox 1440 2459 1516 2531; x_wconf 88' lang='lat' dir='ltr'>Ma·</span> 
     </span>
     <span class='ocr_line' id='line_1_12' title="bbox 294 2566 1518 2668; baseline 0.005 -30"><span class='ocrx_word' id='word_1_82' title='bbox 294 2566 464 2640; x_wconf 83' lang='lat' dir='ltr'>nilestum</span> <span class='ocrx_word' id='word_1_83' title='bbox 482 2567 646 2665; x_wconf 90' lang='lat' dir='ltr'>estquod</span> <span class='ocrx_word' id='word_1_84' title='bbox 667 2567 730 2641; x_wconf 89' lang='lat' dir='ltr'>illa</span> <span class='ocrx_word' id='word_1_85' title='bbox 754 2591 834 2666; x_wconf 83' lang='lat' dir='ltr'>quae</span> <span class='ocrx_word' id='word_1_86' title='bbox 855 2578 942 2642; x_wconf 87' lang='lat' dir='ltr'>sunt</span> <span class='ocrx_word' id='word_1_87' title='bbox 961 2592 1025 2665; x_wconf 94' lang='lat' dir='ltr'>per</span> <span class='ocrx_word' id='word_1_88' title='bbox 1050 2592 1161 2642; x_wconf 88' lang='lat' dir='ltr'>unam</span> <span class='ocrx_word' id='word_1_89' title='bbox 1177 2591 1356 2668; x_wconf 88' lang='lat' dir='ltr'>quamquo</span> <span class='ocrx_word' id='word_1_90' title='bbox 1373 2569 1518 2668; x_wconf 83' lang='lat' dir='ltr'>provin·</span> 
     </span>
     <span class='ocr_line' id='line_1_13' title="bbox 293 2681 1518 2778; baseline 0.003 -24"><span class='ocrx_word' id='word_1_91' title='bbox 293 2681 386 2754; x_wconf 89' lang='lat' dir='ltr'>ciam</span> <span class='ocrx_word' id='word_1_92' title='bbox 405 2681 518 2777; x_wconf 87' lang='lat' dir='ltr'>ipsius</span> <span class='ocrx_word' id='word_1_93' title='bbox 535 2681 728 2778; x_wconf 84' lang='lat' dir='ltr'>provinciae</span> <span class='ocrx_word' id='word_1_94' title='bbox 744 2681 890 2756; x_wconf 86' lang='lat' dir='ltr'>sinodus</span> <span class='ocrx_word' id='word_1_95' title='bbox 903 2681 1093 2778; x_wconf 90' lang='lat' dir='ltr'>dispenset,</span> <span class='ocrx_word' id='word_1_96' title='bbox 1110 2681 1206 2756; x_wconf 87' lang='lat' dir='ltr'>siout</span> <span class='ocrx_word' id='word_1_97' title='bbox 1222 2685 1256 2755; x_wconf 95' lang='lat' dir='ltr'>N</span> <span class='ocrx_word' id='word_1_98' title='bbox 1259 2681 1360 2759; x_wconf 88' lang='lat' dir='ltr'>iceno</span> <span class='ocrx_word' id='word_1_99' title='bbox 1377 2693 1518 2759; x_wconf 85' lang='lat' dir='ltr'>constat</span> 
     </span>
    </p>
   </div>
   <div class='ocr_carea' id='block_1_5' title="bbox 295 2793 1519 3007">
    <p class='ocr_par' dir='ltr' id='par_1_5' title="bbox 295 2793 1519 3007">
     <span class='ocr_line' id='line_1_14' title="bbox 295 2793 1517 2896; baseline 0.006 -30"><span class='ocrx_word' id='word_1_100' title='bbox 295 2793 478 2868; x_wconf 88' lang='lat' dir='ltr'>decretum</span> <span class='ocrx_word' id='word_1_101' title='bbox 504 2818 580 2868; x_wconf 90' lang='lat' dir='ltr'>esse</span> <span class='ocrx_word' id='word_1_102' title='bbox 598 2793 759 2869; x_wconf 89' lang='lat' dir='ltr'>concilio.</span> <span class='ocrx_word' id='word_1_103' title='bbox 784 2796 934 2891; x_wconf 80' lang='lat' dir='ltr'>Legitur</span> <span class='ocrx_word' id='word_1_104' title='bbox 959 2796 997 2869; x_wconf 92' lang='grc'>11</span> <span class='ocrx_word' id='word_1_105' title='bbox 1022 2796 1172 2893; x_wconf 90' lang='lat' dir='ltr'>epistola</span> <span class='ocrx_word' id='word_1_106' title='bbox 1188 2798 1390 2875; x_wconf 89' lang='lat' dir='ltr'>Innocentii</span> <span class='ocrx_word' id='word_1_107' title='bbox 1411 2801 1517 2896; x_wconf 76' lang='lat' dir='ltr'>Papae</span> 
     </span>
     <span class='ocr_line' id='line_1_15' title="bbox 296 2908 1519 3007; baseline 0.007 -29"><span class='ocrx_word' id='word_1_108' title='bbox 296 2908 471 2983; x_wconf 89' lang='lat' dir='ltr'>Victrioio</span> <span class='ocrx_word' id='word_1_109' title='bbox 488 2909 659 3006; x_wconf 85' lang='lat' dir='ltr'>Episcopo</span> <span class='ocrx_word' id='word_1_110' title='bbox 676 2909 812 2984; x_wconf 88' lang='lat' dir='ltr'>directa</span> <span class='ocrx_word' id='word_1_111' title='bbox 832 2910 893 2984; x_wconf 88' lang='lat' dir='ltr'>ita.</span> <span class='ocrx_word' id='word_1_112' title='bbox 907 2910 945 2982; x_wconf 89' lang='lat' dir='ltr'>Si</span> <span class='ocrx_word' id='word_1_113' title='bbox 964 2934 1043 3007; x_wconf 80' lang='lat' dir='ltr'>quae</span> <span class='ocrx_word' id='word_1_114' title='bbox 1060 2935 1180 2985; x_wconf 72' lang='lat' dir='ltr'>causae</span> <span class='ocrx_word' id='word_1_115' title='bbox 1196 2912 1256 2987; x_wconf 88' lang='lat' dir='ltr'>vel</span> <span class='ocrx_word' id='word_1_116' title='bbox 1272 2912 1519 2988; x_wconf 80' lang='lat' dir='ltr'>contentiones</span> 
     </span>
    </p>
   </div>
   <div class='ocr_carea' id='block_1_6' title="bbox 288 3022 1520 4483">
    <p class='ocr_par' dir='ltr' id='par_1_6' title="bbox 293 3022 1518 3463">
     <span class='ocr_line' id='line_1_16' title="bbox 294 3022 1516 3111; baseline 0.003 -17"><span class='ocrx_word' id='word_1_117' title='bbox 294 3022 388 3097; x_wconf 89' lang='lat' dir='ltr'>inter</span> <span class='ocrx_word' id='word_1_118' title='bbox 405 3022 563 3098; x_wconf 92' lang='lat' dir='ltr'>Clericos</span> <span class='ocrx_word' id='word_1_119' title='bbox 580 3033 616 3098; x_wconf 91' lang='lat' dir='ltr'>et</span> <span class='ocrx_word' id='word_1_120' title='bbox 632 3022 753 3111; x_wconf 87' lang='lat' dir='ltr'>laicos,</span> <span class='ocrx_word' id='word_1_121' title='bbox 769 3022 828 3097; x_wconf 90' lang='lat' dir='ltr'>vel</span> <span class='ocrx_word' id='word_1_122' title='bbox 845 3022 940 3097; x_wconf 88' lang='lat' dir='ltr'>inter</span> <span class='ocrx_word' id='word_1_123' title='bbox 957 3023 1115 3099; x_wconf 92' lang='lat' dir='ltr'>Clericos</span> <span class='ocrx_word' id='word_1_124' title='bbox 1128 3032 1201 3097; x_wconf 87' lang='lat' dir='ltr'>tam</span> <span class='ocrx_word' id='word_1_125' title='bbox 1223 3025 1369 3099; x_wconf 91' lang='lat' dir='ltr'>maioris</span> <span class='ocrx_word' id='word_1_126' title='bbox 1381 3026 1516 3100; x_wconf 85' lang='lat' dir='ltr'>ordinis</span> 
     </span>
     <span class='ocr_line' id='line_1_17' title="bbox 294 3135 1516 3237; baseline 0.004 -29"><span class='ocrx_word' id='word_1_127' title='bbox 294 3159 402 3232; x_wconf 88' lang='lat' dir='ltr'>qnam</span> <span class='ocrx_word' id='word_1_128' title='bbox 427 3136 536 3210; x_wconf 87' lang='lat' dir='ltr'>etiam</span> <span class='ocrx_word' id='word_1_129' title='bbox 561 3135 740 3211; x_wconf 86' lang='lat' dir='ltr'>inferioris</span> <span class='ocrx_word' id='word_1_130' title='bbox 764 3136 900 3211; x_wconf 81' lang='lat' dir='ltr'>fuerint</span> <span class='ocrx_word' id='word_1_131' title='bbox 924 3148 1065 3229; x_wconf 71' lang='lat' dir='ltr'>exortae,</span> <span class='ocrx_word' id='word_1_132' title='bbox 1081 3139 1228 3237; x_wconf 87' lang='lat' dir='ltr'>placuit,</span> <span class='ocrx_word' id='word_1_133' title='bbox 1254 3151 1295 3215; x_wconf 90' lang='lat' dir='ltr'>ut</span> <span class='ocrx_word' id='word_1_134' title='bbox 1318 3140 1516 3216; x_wconf 91' lang='lat' dir='ltr'>seeundum</span> 
     </span>
     <span class='ocr_line' id='line_1_18' title="bbox 293 3250 1518 3351; baseline 0.003 -27"><span class='ocrx_word' id='word_1_135' title='bbox 293 3250 469 3326; x_wconf 90' lang='lat' dir='ltr'>Nicenam</span> <span class='ocrx_word' id='word_1_136' title='bbox 498 3251 662 3325; x_wconf 90' lang='lat' dir='ltr'>sinodum</span> <span class='ocrx_word' id='word_1_137' title='bbox 692 3250 924 3346; x_wconf 83' lang='lat' dir='ltr'>congregatis</span> <span class='ocrx_word' id='word_1_138' title='bbox 948 3253 1114 3328; x_wconf 87' lang='lat' dir='ltr'>omnibus</span> <span class='ocrx_word' id='word_1_139' title='bbox 1146 3253 1306 3329; x_wconf 88' lang='lat' dir='ltr'>eiusdem</span> <span class='ocrx_word' id='word_1_140' title='bbox 1335 3253 1518 3351; x_wconf 88' lang='lat' dir='ltr'>provincie</span> 
     </span>
     <span class='ocr_line' id='line_1_19' title="bbox 294 3363 915 3463; baseline 0.005 -26"><span class='ocrx_word' id='word_1_141' title='bbox 294 3364 476 3463; x_wconf 89' lang='lat' dir='ltr'>Episcopis</span> <span class='ocrx_word' id='word_1_142' title='bbox 494 3363 669 3439; x_wconf 90' lang='lat' dir='ltr'>iudicium</span> <span class='ocrx_word' id='word_1_143' title='bbox 687 3364 915 3440; x_wconf 88' lang='lat' dir='ltr'>terminetur.</span> 
     </span>
    </p>

    <p class='ocr_par' dir='ltr' id='par_1_7' title="bbox 288 3475 1520 4483">
     <span class='ocr_line' id='line_1_20' title="bbox 388 3475 1517 3577; baseline 0.004 -28"><span class='ocrx_word' id='word_1_144' title='bbox 388 3479 530 3550; x_wconf 73' lang='lat' dir='ltr'>Sancte</span> <span class='ocrx_word' id='word_1_145' title='bbox 546 3478 656 3551; x_wconf 91' lang='lat' dir='ltr'>etiam</span> <span class='ocrx_word' id='word_1_146' title='bbox 670 3475 848 3551; x_wconf 75' lang='lat' dir='ltr'>memorie</span> <span class='ocrx_word' id='word_1_147' title='bbox 861 3477 1078 3575; x_wconf 90' lang='lat' dir='ltr'>Theophilus</span> <span class='ocrx_word' id='word_1_148' title='bbox 1094 3478 1360 3554; x_wconf 83' lang='lat' dir='ltr'>Alexandrinus</span> <span class='ocrx_word' id='word_1_149' title='bbox 1375 3479 1517 3577; x_wconf 83' lang='lat' dir='ltr'>Episco-</span> 
     </span>
     <span class='ocr_line' id='line_1_21' title="bbox 293 3589 1517 3687; baseline 0.005 -25"><span class='ocrx_word' id='word_1_150' title='bbox 293 3613 361 3686; x_wconf 88' lang='lat' dir='ltr'>pus</span> <span class='ocrx_word' id='word_1_151' title='bbox 377 3592 416 3663; x_wconf 95' lang='lat' dir='ltr'>in</span> <span class='ocrx_word' id='word_1_152' title='bbox 433 3591 509 3663; x_wconf 91' lang='lat' dir='ltr'>suis</span> <span class='ocrx_word' id='word_1_153' title='bbox 525 3589 684 3687; x_wconf 84' lang='lat' dir='ltr'>epistolis</span> <span class='ocrx_word' id='word_1_154' title='bbox 697 3591 862 3666; x_wconf 91' lang='lat' dir='ltr'>meminit</span> <span class='ocrx_word' id='word_1_155' title='bbox 874 3591 913 3664; x_wconf 92' lang='lat' dir='ltr'>in</span> <span class='ocrx_word' id='word_1_156' title='bbox 927 3591 1088 3667; x_wconf 81' lang='lat' dir='ltr'>Concilio</span> <span class='ocrx_word' id='word_1_157' title='bbox 1100 3593 1237 3668; x_wconf 90' lang='lat' dir='ltr'>Niceno</span> <span class='ocrx_word' id='word_1_158' title='bbox 1250 3601 1427 3667; x_wconf 88' lang='lat' dir='ltr'>statutum</span> <span class='ocrx_word' id='word_1_159' title='bbox 1439 3616 1517 3668; x_wconf 87' lang='lat' dir='ltr'>esse</span> 
     </span>
     <span class='ocr_line' id='line_1_22' title="bbox 293 3703 1518 3803; baseline 0.001 -26"><span class='ocrx_word' id='word_1_160' title='bbox 293 3713 334 3778; x_wconf 93' lang='lat' dir='ltr'>ut</span> <span class='ocrx_word' id='word_1_161' title='bbox 345 3703 390 3778; x_wconf 87' lang='lat' dir='ltr'>ab</span> <span class='ocrx_word' id='word_1_162' title='bbox 403 3707 502 3778; x_wconf 88' lang='lat' dir='ltr'><strong>VIII.</strong></span> <span class='ocrx_word' id='word_1_163' title='bbox 518 3704 564 3778; x_wconf 86' lang='lat' dir='ltr'>id.</span> <span class='ocrx_word' id='word_1_164' title='bbox 582 3704 704 3778; x_wconf 87' lang='lat' dir='ltr'>Martii</span> <span class='ocrx_word' id='word_1_165' title='bbox 721 3705 889 3802; x_wconf 88' lang='lat' dir='ltr'>usquein</span> <span class='ocrx_word' id='word_1_166' title='bbox 907 3704 1003 3778; x_wconf 90' lang='lat' dir='ltr'>diem</span> <span class='ocrx_word' id='word_1_167' title='bbox 1020 3728 1101 3779; x_wconf 86' lang='lat' dir='ltr'>non.</span> <span class='ocrx_word' id='word_1_168' title='bbox 1118 3704 1267 3803; x_wconf 82' lang='lat' dir='ltr'>Aprilis,</span> <span class='ocrx_word' id='word_1_169' title='bbox 1279 3704 1405 3781; x_wconf 87' lang='lat' dir='ltr'>diebus</span> <span class='ocrx_word' id='word_1_170' title='bbox 1422 3705 1518 3781; x_wconf 86' lang='lat' dir='ltr'>scili·</span> 
     </span>
     <span class='ocr_line' id='line_1_23' title="bbox 292 3817 1518 3915; baseline 0.001 -23"><span class='ocrx_word' id='word_1_171' title='bbox 292 3827 349 3892; x_wconf 91' lang='lat' dir='ltr'>cet</span> <span class='ocrx_word' id='word_1_172' title='bbox 364 3819 536 3892; x_wconf 88' lang='lat' dir='ltr'>XXVIII.</span> <span class='ocrx_word' id='word_1_173' title='bbox 552 3817 824 3915; x_wconf 88' lang='lat' dir='ltr'>qualiscumque</span> <span class='ocrx_word' id='word_1_174' title='bbox 841 3817 929 3891; x_wconf 86' lang='lat' dir='ltr'>luna</span> <span class='ocrx_word' id='word_1_175' title='bbox 945 3826 1031 3891; x_wconf 86' lang='lat' dir='ltr'>nata</span> <span class='ocrx_word' id='word_1_176' title='bbox 1048 3817 1215 3892; x_wconf 86' lang='lat' dir='ltr'>fueritin</span> <span class='ocrx_word' id='word_1_177' title='bbox 1231 3817 1390 3915; x_wconf 91' lang='lat' dir='ltr'>quolibet</span> <span class='ocrx_word' id='word_1_178' title='bbox 1403 3819 1518 3893; x_wconf 90' lang='lat' dir='ltr'>medio</span> 
     </span>
     <span class='ocr_line' id='line_1_24' title="bbox 292 3929 1519 4028; baseline 0.002 -26"><span class='ocrx_word' id='word_1_179' title='bbox 292 3930 405 4028; x_wconf 87' lang='lat' dir='ltr'>spatIo</span> <span class='ocrx_word' id='word_1_180' title='bbox 421 3929 584 4026; x_wconf 88' lang='lat' dir='ltr'>prohibet</span> <span class='ocrx_word' id='word_1_181' title='bbox 600 3930 719 4005; x_wconf 85' lang='lat' dir='ltr'>Iacere</span> <span class='ocrx_word' id='word_1_182' title='bbox 736 3930 882 4004; x_wconf 89' lang='lat' dir='ltr'>initium</span> <span class='ocrx_word' id='word_1_183' title='bbox 899 3929 1006 4027; x_wconf 93' lang='lat' dir='ltr'>primi</span> <span class='ocrx_word' id='word_1_184' title='bbox 1025 3929 1168 4004; x_wconf 88' lang='lat' dir='ltr'>mensis.</span> <span class='ocrx_word' id='word_1_185' title='bbox 1185 3932 1302 4004; x_wconf 86' lang='lat' dir='ltr'><strong>XIIII.</strong></span> <span class='ocrx_word' id='word_1_186' title='bbox 1318 3953 1404 4005; x_wconf 85' lang='lat' dir='ltr'>vero</span> <span class='ocrx_word' id='word_1_187' title='bbox 1420 3931 1519 4021; x_wconf 88' lang='lat' dir='ltr'>luna,</span> 
     </span>
     <span class='ocr_line' id='line_1_25' title="bbox 290 4041 1520 4140; baseline 0.002 -24"><span class='ocrx_word' id='word_1_188' title='bbox 290 4046 417 4118; x_wconf 87' lang='lat' dir='ltr'>aXll.</span> <span class='ocrx_word' id='word_1_189' title='bbox 434 4041 508 4116; x_wconf 86' lang='lat' dir='ltr'>kal.</span> <span class='ocrx_word' id='word_1_190' title='bbox 538 4042 674 4140; x_wconf 88' lang='lat' dir='ltr'>Aprilis</span> <span class='ocrx_word' id='word_1_191' title='bbox 704 4067 817 4140; x_wconf 84' lang='lat' dir='ltr'>usque</span> <span class='ocrx_word' id='word_1_192' title='bbox 847 4043 887 4115; x_wconf 93' lang='lat' dir='ltr'>in</span> <span class='ocrx_word' id='word_1_193' title='bbox 911 4046 1028 4117; x_wconf 91' lang='lat' dir='ltr'><strong>XIIII.</strong></span> <span class='ocrx_word' id='word_1_194' title='bbox 1045 4043 1117 4118; x_wconf 84' lang='lat' dir='ltr'>kal.</span> <span class='ocrx_word' id='word_1_195' title='bbox 1142 4043 1254 4133; x_wconf 90' lang='lat' dir='ltr'>Maii,</span> <span class='ocrx_word' id='word_1_196' title='bbox 1279 4043 1442 4120; x_wconf 86' lang='lat' dir='ltr'>sollerter</span> <span class='ocrx_word' id='word_1_197' title='bbox 1465 4045 1520 4119; x_wconf 89' lang='lat' dir='ltr'>in·</span> 
     </span>
     <span class='ocr_line' id='line_1_26' title="bbox 290 4154 1520 4255; baseline 0.004 -26"><span class='ocrx_word' id='word_1_198' title='bbox 290 4154 396 4252; x_wconf 91' lang='lat' dir='ltr'>quiri,</span> <span class='ocrx_word' id='word_1_199' title='bbox 420 4155 527 4229; x_wconf 88' lang='lat' dir='ltr'>etiarn</span> <span class='ocrx_word' id='word_1_200' title='bbox 554 4155 584 4228; x_wconf 88' lang='lat' dir='ltr'>si</span> <span class='ocrx_word' id='word_1_201' title='bbox 602 4155 659 4230; x_wconf 90' lang='lat' dir='ltr'>die</span> <span class='ocrx_word' id='word_1_202' title='bbox 676 4156 900 4230; x_wconf 82' lang='lat' dir='ltr'>sabbatorum</span> <span class='ocrx_word' id='word_1_203' title='bbox 918 4156 1098 4245; x_wconf 88' lang='lat' dir='ltr'>inciderit,</span> <span class='ocrx_word' id='word_1_204' title='bbox 1122 4158 1356 4255; x_wconf 89' lang='lat' dir='ltr'>consequenti</span> <span class='ocrx_word' id='word_1_205' title='bbox 1381 4158 1438 4234; x_wconf 91' lang='lat' dir='ltr'>die</span> <span class='ocrx_word' id='word_1_206' title='bbox 1462 4159 1520 4233; x_wconf 90' lang='lat' dir='ltr'>do·</span> 
     </span>
     <span class='ocr_line' id='line_1_27' title="bbox 291 4268 1518 4368; baseline 0.003 -26"><span class='ocrx_word' id='word_1_207' title='bbox 291 4269 433 4357; x_wconf 88' lang='lat' dir='ltr'>minico,</span> <span class='ocrx_word' id='word_1_208' title='bbox 448 4269 540 4344; x_wconf 87' lang='lat' dir='ltr'>idest</span> <span class='ocrx_word' id='word_1_209' title='bbox 557 4268 643 4342; x_wconf 87' lang='lat' dir='ltr'>luna</span> <span class='ocrx_word' id='word_1_210' title='bbox 660 4272 741 4344; x_wconf 93' lang='lat' dir='ltr'>XV.</span> <span class='ocrx_word' id='word_1_211' title='bbox 759 4269 898 4345; x_wconf 82' lang='lat' dir='ltr'>Pascha</span> <span class='ocrx_word' id='word_1_212' title='bbox 923 4269 1100 4346; x_wconf 87' lang='lat' dir='ltr'>celebrari</span> <span class='ocrx_word' id='word_1_213' title='bbox 1121 4270 1346 4368; x_wconf 87' lang='lat' dir='ltr'>conscripsit.</span> <span class='ocrx_word' id='word_1_214' title='bbox 1357 4274 1405 4346; x_wconf 85' lang='lat' dir='ltr'>Et</span> <span class='ocrx_word' id='word_1_215' title='bbox 1417 4271 1447 4345; x_wconf 90' lang='lat' dir='ltr'>si</span> <span class='ocrx_word' id='word_1_216' title='bbox 1461 4272 1518 4347; x_wconf 89' lang='lat' dir='ltr'>die</span> 
     </span>
     <span class='ocr_line' id='line_1_28' title="bbox 288 4381 1519 4483; baseline 0.005 -30"><span class='ocrx_word' id='word_1_217' title='bbox 288 4381 474 4457; x_wconf 85' lang='lat' dir='ltr'>Dominico</span> <span class='ocrx_word' id='word_1_218' title='bbox 498 4381 586 4455; x_wconf 89' lang='lat' dir='ltr'>luna</span> <span class='ocrx_word' id='word_1_219' title='bbox 606 4383 723 4456; x_wconf 93' lang='lat' dir='ltr'>XIllI.</span> <span class='ocrx_word' id='word_1_220' title='bbox 747 4381 906 4457; x_wconf 87' lang='lat' dir='ltr'>eiusdem</span> <span class='ocrx_word' id='word_1_221' title='bbox 934 4383 1077 4474; x_wconf 90' lang='lat' dir='ltr'>mensis,</span> <span class='ocrx_word' id='word_1_222' title='bbox 1098 4384 1192 4459; x_wconf 93' lang='lat' dir='ltr'>idest</span> <span class='ocrx_word' id='word_1_223' title='bbox 1212 4384 1319 4483; x_wconf 92' lang='lat' dir='ltr'>primi</span> <span class='ocrx_word' id='word_1_224' title='bbox 1344 4385 1519 4475; x_wconf 90' lang='lat' dir='ltr'>evenerit,</span> 
     </span>
    </p>
   </div>
   <div class='ocr_carea' id='block_1_7' title="bbox 289 4491 1521 4673">
    <p class='ocr_par' dir='ltr' id='par_1_8' title="bbox 289 4491 1521 4673">
     <span class='ocr_line' id='line_1_29' title="bbox 289 4491 1521 4589; baseline 0.007 -26"><span class='ocrx_word' id='word_1_225' title='bbox 289 4491 366 4589; x_wconf 87' lang='lat' dir='ltr'>ipsa</span> <span class='ocrx_word' id='word_1_226' title='bbox 382 4493 594 4568; x_wconf 87' lang='lat' dir='ltr'>transmissa</span> <span class='ocrx_word' id='word_1_227' title='bbox 612 4492 650 4567; x_wconf 93' lang='lat' dir='ltr'>in</span> <span class='ocrx_word' id='word_1_228' title='bbox 667 4493 783 4567; x_wconf 87' lang='lat' dir='ltr'>altera</span> <span class='ocrx_word' id='word_1_229' title='bbox 796 4495 855 4569; x_wconf 91' lang='lat' dir='ltr'>die</span> <span class='ocrx_word' id='word_1_230' title='bbox 868 4497 1055 4572; x_wconf 88' lang='lat' dir='ltr'>Dominica</span> <span class='ocrx_word' id='word_1_231' title='bbox 1068 4497 1206 4574; x_wconf 85' lang='lat' dir='ltr'>Pascha</span> <span class='ocrx_word' id='word_1_232' title='bbox 1219 4497 1298 4573; x_wconf 89' lang='lat' dir='ltr'>sine</span> <span class='ocrx_word' id='word_1_233' title='bbox 1310 4496 1417 4575; x_wconf 89' lang='lat' dir='ltr'>dubio</span> <span class='ocrx_word' id='word_1_234' title='bbox 1430 4498 1521 4574; x_wconf 90' lang='lat' dir='ltr'>cele-</span> 
     </span>
     <span class='ocr_line' id='line_1_30' title="bbox 1372 4620 1389 4673; baseline 0 0"><span class='ocrx_word' id='word_1_235' title='bbox 1372 4620 1389 4673; x_wconf 82' lang='lat' dir='ltr'>a</span> 
     </span>
    </p>
   </div>
   <div class='ocr_carea' id='block_1_8' title="bbox 0 0 1808 5498">
    <p class='ocr_par' dir='ltr' id='par_1_9' title="bbox 0 0 1808 5498">
     <span class='ocr_line' id='line_1_31' title="bbox 0 0 1808 5498; baseline 0 2"><span class='ocrx_word' id='word_1_236' title='bbox 0 0 1808 5498; x_wconf 95' lang='lat' dir='ltr'> </span> 
     </span>
    </p>
   </div>
  </div>
 </body>
</html>
