3608 5498
806 403 947 466 7--1463
973 437 1014 452 -

304 531 525 617 congruente
552 523 690 619 refugit
719 523 872 598 ultiones
901 549 1077 621 quaerere,
1088 533 1215 602 tamen
1245 526 1524 602 christianorum
1593 624 1597 628 ⁶

304 637 505 734 principum
523 637 838 712 constitutionibus
859 637 1030 714 adiuvate
1038 668 1062 715 r.
1081 641 1176 716 Hinc
1194 641 1364 716 Nicolaus
1382 642 1527 715 Primus

291 752 408 850 ‚Papa
429 752 561 826 Sancta
582 749 744 826 {ecelesia
770 752 964 828 mundanis
989 753 1131 851 legibus
1156 778 1226 829 non
1251 755 1527 852 constringitur,

303 863 468 960 gladium
486 889 556 940 non
582 864 690 940 habet
712 864 783 940 nisi
805 865 1039 965 spiritualem.
1057 866 1152 943 Hinc
1168 867 1346 942 Iohannes
1364 871 1460 965 Papa
1481 868 1526 942 ed

304 978 569 1076 Andelbergam
584 980 849 1078 imperatricem
862 980 1210 1057 exeusatIohannem
1220 981 1433 1080 Episcopum
1442 988 1528 1059 Are·

299 1091 418 1165 tinum
428 1093 470 1168 de
485 1091 613 1167 militia
626 1093 759 1171 dicens.
768 1094 931 1170 Nimium
945 1104 1101 1184 veretur,
1110 1105 1147 1171 et
1156 1106 1253 1174 certe
1265 1095 1343 1171 iure
1357 1095 1525 1170 formidat

294 1214 424 1279 eontra
448 1207 697 1304 professionem
713 1208 769 1281 sni
783 1207 917 1283 ordinis
933 1208 1142 1284 saecularem
1165 1208 1333 1284 militiam
1353 1232 1527 1285 exercere.
1584 1262 1590 1270 -

299 1321 346 1392 Et
362 1317 467 1405 infra.
483 1323 652 1396 Tractare
664 1321 707 1396 de
719 1321 840 1411 armis,
853 1331 889 1399 et
902 1331 1035 1395 terram
1052 1320 1241 1397 defendere
1255 1321 1397 1419 praeliis,
1410 1330 1520 1397 terre

301 1459 357 1508 nee
374 1445 429 1508 est
446 1435 640 1533 potestatis,
657 1435 716 1511 cui
734 1459 805 1509 nun
823 1434 956 1511 restitit
973 1433 1151 1524 Christus,
1164 1460 1230 1510 nec
1244 1434 1384 1509 militiae
1398 1439 1521 1509 Roma·

292 1570 356 1620 -noe
378 1547 475 1643 regis
493 1547 589 1621 filins
606 1547 742 1623 tributu
760 1548 919 1644 negavit.
937 1548 1006 1636 Qui
1025 1547 1156 1623 militat
1173 1551 1257 1638 Dee,
1273 1572 1344 1622 non
1362 1547 1525 1646 implicat

300 1686 338 1736 se
361 1662 516 1759 negotiis
534 1663 776 1739 sacularibus.
793 1664 896 1738 Unde
915 1661 1125 1737 Ambrosius
1142 1662 1179 1736 in
1205 1662 1294 1737 libro
1318 1662 1525 1737 officiorum.

299 1777 499 1851 Sacerdotis
512 1777 569 1852 vel
584 1777 738 1851 ministri
756 1777 804 1851 sit
820 1777 994 1875 prodesse,
1007 1776 1038 1850 si
1052 1775 1128 1851 fieri
1147 1785 1261 1874 potest
1273 1776 1449 1863 omuibus
1467 1775 1525 1850 ob·

298 1912 376 1963 esse
394 1889 539 1964 nemini.
557 1890 717 1987 Denique
741 1890 772 1963 si
800 1912 867 1963 nou
887 1898 1000 1987 potest
1016 1888 1199 1963 subveniri
1218 1889 1323 1963 alteri
1340 1889 1412 1962 uisi
1429 1888 1521 1963 alter

298 1999 460 2090 laedatnr,
486 2002 703 2077 commodius
725 2012 779 2077 est
802 2010 971 2077 neutrum
994 2000 1114 2074 iuvari
1132 2024 1238 2098 quam
1263 2000 1413 2095 gravari
1437 1999 1525 2092 ulte·

297 2114 548 2213 rum.Ideoque
559 2114 725 2190 incensis
739 2115 956 2212 pecuniariis
967 2115 1198 2202 intervenire,
1212 2138 1282 2188 non
1296 2123 1351 2187 est
1363 2113 1523 2188 sacerdo-

296 2225 378 2313 tale,
392 2225 430 2300 in
447 2228 578 2325 quibus
595 2252 664 2301 non
683 2237 797 2324 potest
815 2227 889 2301 fiori
909 2229 1074 2326 qnoniam
1094 2229 1299 2326 frequenter
1315 2227 1407 2302 alter
1429 2226 1523 2301 leda-

299 2349 360 2412 tur
377 2340 438 2437 qui
457 2339 627 2429 vincitur,
644 2365 749 2439 qnam
769 2341 1013 2416 intercessoris
1030 2340 1252 2419 benefioio‘se
1270 2341 1406 2414 victum
1432 2339 1525 2413 arbi-

288 2460 428 2527 ctrntnr.
445 2454 646 2528 Sacerdotis
663 2464 719 2529 est
736 2455 851 2550 igitur
869 2453 960 2528 nulli
978 2478 1116 2544 nocere,
1129 2454 1292 2552 prodesse
1306 2453 1524 2529 velleomni-

295 2563 373 2655 bus,
391 2590 491 2666 posse
508 2577 627 2642 autem
647 2568 758 2643 solius
775 2579 829 2644 est
847 2570 922 2643 Dei.
939 2572 1032 2642 Nem
1051 2568 1089 2640 in
1106 2592 1216 2643 eausa
1241 2567 1370 2666 capitis
1395 2589 1522 2641 necere

294 2679 327 2753 ei
345 2704 451 2778 quern
468 2681 596 2757 iuvare
613 2683 785 2758 debueras
802 2682 1074 2782 periclitantem,
1100 2705 1170 2756 non
1195 2681 1273 2756 sine
1298 2691 1443 2778 peceato
1467 2690 1522 2756 est

295 2794 412 2888 gravi.
431 2797 470 2868 In
489 2820 597 2870 causa
615 2807 736 2871 autern
754 2797 914 2894 pecuniae
930 2796 1009 2870 odia
1025 2819 1197 2894 quaerere,
1212 2794 1430 2892 insipientiae
1456 2804 1522 2884 est,

296 2931 379 2991 cum
398 2932 460 3005 pro
476 2907 592 2984 salute
609 2908 764 2984 hominis
781 2934 913 3006 graves
931 2909 1137 3007 frequenter
1162 2908 1251 2981 fiant
1277 2906 1456 2996 molestiae,
1481 2907 1520 2980 in

294 3043 363 3117 quo
379 3021 486 3095 etiam
505 3021 701 3119 periclitari
719 3022 767 3097 sit
784 3022 991 3117 gloriosum.
1009 3021 1191 3121 Proposita
1211 3019 1327 3116 igitur
1351 3022 1464 3095 forma
1482 3019 1520 3092 in

294 3133 486 3209 sacerdotis
510 3132 625 3210 officio
649 3144 825 3224 teneatur,
851 3144 893 3208 nt
917 3134 1008 3208 nulli
1027 3134 1135 3210 lineat
1160 3159 1205 3209 ne
1231 3132 1419 3207 lacessitus
1442 3132 1520 3230 qni-

293 3245 369 3320 dem
389 3259 425 3321 et
441 3247 560 3346 aliqua
578 3248 732 3323 oflensus
749 3249 892 3322 iniuria.
910 3248 1006 3322 Idem
1023 3246 1233 3338 Ambrosius
1247 3245 1283 3318 in
1297 3246 1428 3321 eodem.
1441 3245 1520 3320 Bel-

292 3356 484 3434 licosarum
503 3385 619 3436 rerum
638 3360 797 3436 studium
811 3386 832 3433 a
845 3370 965 3434 nostro
977 3359 1091 3434 officio
1104 3359 1174 3433 iam
1188 3357 1346 3433 alienum
1361 3358 1514 3446 videtur,

291 3471 374 3567 quia
391 3472 505 3546 animi
528 3474 645 3570 magis
670 3498 776 3570 quem
803 3473 960 3571 eorporis
985 3470 1099 3545 officio
1128 3470 1359 3558 intendimus,
1383 3495 1450 3545 uec
1474 3471 1519 3544 nd

290 3609 390 3658 arma
408 3586 478 3659 iam
496 3597 633 3684 spectat
653 3613 739 3661 nsns
756 3597 876 3662 noster
897 3586 959 3661 sed
983 3585 1027 3658 nd
1053 3583 1152 3681 pacis
1178 3583 1331 3680 negotia.
1356 3584 1453 3658 Idem
1479 3583 1518 3657 in

295 3701 380 3774 1111⁰
399 3699 489 3774 libro
506 3700 712 3784 officiorum.
729 3704 809 3776 Non
828 3700 971 3775 videtur
987 3699 1077 3795 quod
1092 3697 1150 3770 vir
1162 3696 1384 3772 christianus
1401 3696 1519 3771 iustus

292 3820 328 3885 et
346 3812 488 3909 sapiens
506 3837 665 3911 quaerere
683 3811 749 3900 sibi
768 3813 879 3887 vitam
897 3810 1016 3887 aliena
1034 3820 1146 3886 morte
1162 3810 1298 3899 debeat,
1312 3819 1352 3884 nt
1365 3822 1442 3908 pote
1456 3809 1518 3907 qni

288 3923 395 3998 etiam
409 3925 439 3998 si
453 3937 632 4000 armatum
650 3925 824 4001 latronem
838 3925 985 4015 incidat,
998 3923 1184 3999 ferientem
1199 3923 1344 3998 referire
1358 3945 1427 3996 non
1442 3947 1519 4020 pos·

289 4039 347 4122 sit,
365 4063 410 4113 ne
428 4039 512 4112 dum
531 4037 684 4115 salntem
702 4039 871 4127 defendit,
889 4037 1056 4135 pietatem
1075 4035 1303 4111 contaminet.
1320 4036 1372 4112 De
1389 4058 1458 4132 qno
1479 4035 1517 4122 iu

289 4151 481 4245 Evangelii
499 4150 612 4240 libris,
630 4163 751 4253 operta
764 4164 800 4228 et
812 4152 960 4227 evidens
977 4149 1155 4224 sententia
1172 4163 1235 4223 est.
1253 4149 1414 4224 Recoude
1439 4147 1518 4244 gla-

288 4263 387 4337 dium
406 4276 520 4338 tunm.
538 4264 664 4338 Omnis
681 4265 777 4338 euim
795 4265 857 4361 qui
883 4261 1005 4359 gladio
1029 4262 1256 4359 percusserit,
1281 4262 1402 4358 gladio
1426 4263 1518 4360 peri·

288 4387 416 4450 metor.
431 4377 524 4463 Quis
543 4376 634 4451 latro
651 4376 904 4465 detestabilior,
921 4399 1028 4473 quam
1051 4387 1255 4474 persecutor
1280 4376 1340 4474 qni
1366 4386 1517 4464 venerat

287 4496 328 4560 ut
345 4486 532 4563 Christum
550 4487 754 4564 occideret?
771 4487 840 4562 Sed
858 4489 974 4563 noluit
990 4514 1028 4564 se
1053 4488 1222 4565 Christus
1246 4501 1521 4589 persecutorum
