3608 5498
809 404 1008 468 -507-

296 536 391 599 runt.
403 527 456 599 Ad
470 526 648 601 adiutores
662 529 808 626 Ignatii,
824 527 980 625 recipitis
995 526 1167 602 indicium
1183 539 1354 602 nostrum.
1364 533 1519 626 Respon-

293 637 424 711 derunt
441 637 501 710 ita.
519 639 587 725 Qui
602 641 667 716 hoc
682 666 751 715 non
765 641 903 738 recipit,
916 665 981 715 nec
994 642 1166 738 apostolos
1181 641 1316 739 recipit.
1330 643 1517 739 Apocrisa·

294 751 337 823 rii
356 752 535 826 dixerunt.
553 755 653 830 Licet
668 756 769 830 nobis
786 768 822 830 et
841 765 1047 853 potestatem
1065 755 1237 830 habemus
1254 757 1299 828 ab
1317 756 1518 853 Apostoliro
1541 839 1545 847 ,

295 875 331 939 et
348 865 559 964 imperatore
576 869 711 944 iustum
730 870 887 945 indicare
905 869 1089 942 iudicium.
1108 869 1389 966 Responderunt.
1408 876 1517 945 Ante·

294 1002 401 1074 quam
418 978 733 1075 praeiudicaremnr
752 982 904 1055 multum
922 981 1203 1056 desideravimus
1216 981 1443 1056 sanctitatem
1459 1008 1517 1058 ve·

293 1102 416 1179 stram,
429 1095 566 1167 nuncsi
577 1095 693 1192 placet
708 1099 778 1170 Deo
791 1095 962 1169 ultionem
977 1093 1313 1191 requirimusltem.
1326 1095 1517 1172 Adiutores

292 1207 425 1302 Ignatii
444 1208 620 1282 dixerunt.
639 1215 718 1284 Vox
736 1234 918 1308 personam
937 1208 1172 1305 apostolorum
1187 1209 1338 1297 habetis
1356 1209 1408 1285 sic
1429 1211 1518 1284 iudi·

293 1330 372 1394 cate
390 1346 499 1409 nunc,
517 1324 617 1420 qnasi
645 1324 817 1398 rationem
845 1323 1026 1397 reddituri.
1051 1327 1149 1397 Item.
1182 1324 1398 1420 Apocrisarii
1423 1326 1518 1402 dixe·

293 1443 387 1506 runt.
406 1435 526 1508 Nostis
543 1437 634 1533 quod
652 1462 774 1511 ornnes
790 1437 973 1534 dampnati
991 1448 1199 1533 potestatem
1224 1438 1356 1513 habent
1376 1465 1517 1514 retroca-

293 1571 330 1620 re
348 1572 491 1620 causam
511 1574 623 1622 saram.
642 1553 680 1622 In
700 1559 889 1646 conspectu
909 1555 1023 1650 Paper,
1041 1562 1081 1625 ut
1099 1552 1159 1626 ille
1174 1552 1293 1626 mittat
1306 1552 1366 1650 qui
1382 1553 1517 1629 iudicet

292 1660 475 1754 negotium
495 1661 649 1749 illorum,
662 1673 698 1737 et
711 1663 740 1734 si
755 1662 847 1737 insto
861 1663 1019 1737 damnati
1035 1676 1174 1739 suntet
1189 1676 1364 1740 maneant.
1378 1666 1416 1739 Si
1431 1692 1516 1741 vero

219 1768 222 1773 ’
292 1797 360 1847 non
381 1785 421 1847 nt
439 1776 655 1851 emendetur.
681 1780 781 1850 Item.
809 1776 1043 1875 Apocrisariis
1067 1777 1157 1850 dixit
1182 1778 1358 1872 Ignatius.
1376 1782 1448 1853 Nos
1474 1779 1511 1851 in

295 1888 468 1961 iudicium
488 1891 748 1978 revocavimus
766 1891 867 1989 quasi
887 1900 1056 1988 potentes
1074 1901 1110 1964 et
1124 1890 1294 1965 habentes
1308 1893 1515 1967 canonicam

292 2001 552 2077 anctoritatem.
571 2007 670 2077 Item.
698 2004 913 2101 Apocrisarii
940 2004 1107 2077 dixerunt
1129 2004 1281 2099 Ignatio.
1307 2006 1399 2079 Cum
1426 2006 1516 2080 irato

293 2115 503 2189 reclamavit
513 2121 620 2191 Rome
631 2118 820 2192 Zacharias
831 2119 1027 2215 episcopus
1037 2126 1072 2191 et
1083 2118 1300 2193 Benedictus
1314 2123 1407 2216 Papa
1419 2119 1518 2194 misit

291 2230 356 2303 tibi
374 2231 556 2328 epistolam
575 2243 616 2306 nt
630 2234 821 2330 imperator
839 2258 921 2305 curn
941 2231 1035 2306 dicto
1050 2232 1209 2306 mitteret
1225 2233 1459 2330 apocrisarios
1472 2234 1516 2307 ad

290 2343 516 2440 apostolicam
536 2345 665 2429 sedern,
683 2354 719 2418 et
738 2370 878 2417 rursum
903 2344 1025 2419 reniet
1051 2344 1143 2418 idem
1170 2345 1361 2420 Zacharias
1387 2347 1518 2443 episco

292 2482 358 2553 pus
384 2483 466 2532 cnm
494 2458 575 2530 aliis
600 2458 811 2555 quibusdam
840 2468 878 2530 ut
905 2458 1092 2555 utriusque
1119 2459 1230 2553 partis
1256 2459 1293 2532 in
1319 2470 1514 2558 conspectu

291 2573 396 2667 Papae
412 2571 644 2645 ventilaretur
662 2563 859 2666 negotium,
877 2582 911 2646 et
929 2571 989 2646 hic
1007 2572 1150 2669 quidem
1171 2572 1281 2660 venit,
1299 2583 1340 2645 tu
1354 2597 1439 2647 vero
1457 2599 1515 2647 nc-

291 2708 470 2781 qnaquam
487 2684 629 2756 misisti.
644 2685 808 2779 ignatius
826 2684 924 2771 dixit,
938 2697 972 2760 et
986 2709 1054 2783 qno
1068 2711 1188 2760 mense
1203 2686 1310 2785 recipi
1328 2686 1513 2783 epistolam

293 2799 407 2894 Papae,
419 2797 673 2893 responderunt
686 2798 1255 2894 nescimuslgnatinsdixitlnlio
1265 2824 1385 2873 mense
1396 2801 1513 2896 recepi

183 2963 186 2967 -
290 2910 484 3006 epistolam,
498 2921 575 3008 post
589 2914 692 2984 VIIII
707 2922 769 2984 arrt
783 2915 817 2984 X
830 2912 966 2986 eiectus
979 2939 1071 2999 sum,
1085 2913 1268 3009 etqnando
1278 2912 1385 2985 habui
1398 2914 1514 2987 mitte·

291 3029 355 3102 re‘?
372 3028 460 3097 Item
476 3024 648 3099 Iohannes
663 3027 902 3121 prespeterins
916 3025 1014 3098 dixit.
1028 3026 1254 3099 Consuetudo
1267 3036 1321 3099 est
1333 3026 1427 3122 apud
1441 3050 1515 3114 nos,

290 3147 443 3234 putoque
461 3139 554 3235 apud
572 3161 635 3210 vos
653 3138 709 3223 sir,
728 3148 768 3210 nt
786 3139 925 3234 qnando
945 3140 1093 3212 moritur
1112 3139 1325 3236 patriarcha,
1342 3152 1515 3215 convocat

290 3250 336 3323 im
344 3263 481 3348 perator
498 3275 620 3324 omnes
637 3252 827 3348 episcopos,
841 3262 875 3324 et
893 3254 1103 3341 sacerdotes
1120 3264 1156 3326 et
1172 3253 1327 3340 abbates,
1344 3264 1379 3327 et
1403 3254 1517 3329 diaco-

290 3390 363 3438 nos.
377 3369 428 3438 Ite
442 3374 477 3437 et
490 3365 668 3438 decernite
683 3389 761 3461 quan
776 3366 871 3437 Deus
885 3366 1110 3461 suggesserit
1123 3365 1224 3439 robis
1242 3377 1278 3439 et
1290 3367 1412 3442 afforte
1429 3367 1514 3440 mihi

291 3488 452 3551 restrum
470 3477 663 3550 decretum.
682 3477 829 3549 Vadunt
846 3477 961 3572 igitur
978 3491 1014 3553 et
1040 3479 1223 3574 vestigant
1248 3492 1284 3553 et
1308 3505 1515 3577 quemcum-

244 3675 249 3683 .
289 3616 357 3688 qne
375 3591 549 3685 elegerint
567 3590 737 3663 nuntiant
759 3591 962 3687 imperatori
987 3603 1024 3665 et
1048 3603 1135 3668 tunc
1161 3594 1330 3668 annuerit
1354 3594 1510 3667 ordinari

289 3706 393 3780 etsie
410 3705 612 3801 suscipiunt
629 3730 721 3778 enm.
736 3708 825 3779 Item
844 3709 1008 3800 Ignatius
1026 3707 1124 3780 dixit.
1143 3711 1302 3781 Domnus
1316 3707 1512 3782 Therasins

289 3829 418 3915 patera
430 3819 558 3891 femina
575 3829 754 3915 promotus
768 3839 831 3893 est.
842 3819 1144 3915 Imperatordixit.
1154 3825 1208 3895 Ne
1218 3821 1317 3895 dicas
1331 3821 1514 3895 seminam.

289 3933 430 4008 Etenim
450 3931 582 4006 semina
600 3932 796 4029 imperante
814 3933 932 4007 sactus
949 3943 1003 4007 cst
1020 3933 1171 4006 domnus
1184 3933 1386 4007 Methodius
1404 3943 1440 4008 et
1457 3935 1515 4007 do·
1558 4004 1562 4009 .

291 4071 396 4119 mnus
414 4045 617 4118 Tirarasins,
631 4049 718 4120 Item
733 4045 938 4144 apocrisarii
953 4045 1129 4118 dixerunt.
1143 4045 1318 4132 Quoniam
1333 4045 1404 4118 iam
1418 4056 1516 4119 tran·

289 4160 350 4232 siit
374 4160 448 4232 dies
465 4169 500 4232 et
518 4159 650 4231 tardior
666 4159 748 4232 hora
769 4170 833 4246 est,
851 4159 967 4256 placet
985 4161 1186 4256 imperatori
1205 4170 1241 4235 et
1266 4160 1366 4233 nobis
1393 4159 1511 4235 locum

288 4272 491 4345 tenentibus
505 4275 609 4367 Papae
623 4282 664 4344 nt
677 4271 778 4346 hodie
791 4273 1019 4369 quiescamus
1032 4277 1066 4347 et
1081 4274 1248 4347 volumus
1263 4284 1302 4347 nt
1322 4298 1514 4371 parasceve

289 4388 411 4461 reniet
428 4386 556 4460 iterum
575 4386 619 4459 ad
638 4409 699 4459 nos
717 4386 893 4481 Ignatins
908 4396 947 4461 ut
962 4387 1169 4485 respondeat
1181 4388 1224 4460 ad
1237 4387 1384 4463 obiecta.
1403 4391 1443 4461 In
1459 4389 1512 4463 iu·

288 4499 422 4578 dicium
440 4526 521 4579 enm
541 4525 718 4579 vocamus·
