3608 5498
817 416 849 424 --
880 378 988 438 45...

286 499 1026 580 consubstantialemTrinitatemevocare
1052 507 1089 571 et
1113 496 1230 594 ipsum
1257 496 1511 570 lohannemet

286 618 423 714 eosqui
441 640 524 691 oum
542 638 582 689 eo
598 614 741 689 facinus
757 611 890 710 operati
908 622 1006 700 sunt,
1022 621 1063 684 ut
1081 609 1266 684 venientes
1282 609 1327 683 ad
1345 619 1510 684 sanctam

287 730 462 817 sinodum,
479 726 678 804 satisfaciat
695 727 737 802 de
754 752 820 800 sua
838 724 1121 824 praesumptione.
1135 721 1257 797 Parati
1275 723 1369 798 enirn
1385 746 1512 796 sumus

287 844 410 919 dooere
427 868 509 917 eum
528 842 703 916 iniustum
720 850 756 916 et
773 865 841 915 nou
861 837 1066 931 legitimum
1083 847 1207 912 eontra
1225 859 1289 909 nos
1302 834 1445 909 iniuriae
1462 834 1514 908 fa·

287 955 392 1032 cinus
407 956 603 1030 admisisse.
622 954 797 1030 Acathius
812 952 1003 1027 Militensis
1017 950 1212 1048 Episcopus
1225 949 1324 1022 dixit.
1338 952 1416 1022 Non
1434 958 1513 1024 erat

287 1070 452 1170 possibile
469 1080 510 1144 ut
527 1069 589 1167 qui
606 1068 739 1167 seipsos
755 1094 776 1141 a
794 1077 918 1141 sancta
936 1064 1056 1139 sinodo
1081 1062 1337 1137 subtraxerunt
1361 1071 1397 1136 et
1417 1060 1512 1136 adie-

288 1195 416 1260 cerunt
433 1208 471 1258 se
487 1183 539 1258 eis
555 1182 618 1281 qui
636 1182 738 1257 malae
755 1192 861 1257 sectae
877 1176 1033 1254 Nestorii
1052 1187 1138 1250 sunt
1162 1175 1359 1265 coniuncti,
1379 1198 1513 1272 praesu·

238 1291 242 1295 ⁵
290 1320 386 1371 mere
402 1305 524 1372 contra
543 1295 677 1392 priores
701 1294 810 1368 huius
836 1301 968 1368 sanctae
994 1287 1211 1364 universalis
1236 1287 1350 1362 sinodi
1376 1286 1513 1386 aliquid

289 1432 409 1504 agere,
426 1406 563 1481 nnllam
581 1407 752 1482 habentes
768 1403 1018 1481 auctoritatem
1035 1401 1189 1476 omnino.

387 1520 562 1609 Quoniam
579 1529 700 1594 autem
718 1518 853 1617 placuit
870 1525 999 1592 vestrae
1015 1512 1199 1588 sanctitati
1221 1522 1259 1587 et
1285 1535 1346 1610 pro
1370 1511 1428 1585 his
1452 1536 1512 1587 eos

294 1634 338 1707 ad
356 1633 529 1708 iudicium
547 1632 653 1721 trahi,
667 1640 839 1707 vocentur
856 1653 918 1727 per
936 1625 1242 1702 reverentissimos
1256 1624 1455 1722 Episcopos.
1467 1628 1515 1700 Et

296 1745 400 1819 inira.
417 1746 509 1821 Cum
527 1745 599 1818 inm
616 1745 722 1819 tertio
739 1769 801 1842 per
818 1741 1126 1818 reverentissimos
1151 1739 1341 1837 Episcopos
1366 1749 1515 1815 vocatus

294 1857 433 1946 fuisset,
449 1856 632 1932 Iuvenalis
650 1855 847 1954 Episcopus
861 1853 1196 1929 Hierosolimitanus
1208 1852 1307 1927 dixit.
1325 1852 1516 1951 Oportebat

294 1970 437 2068 quidem
454 1968 647 2044 Iohannem
667 1966 997 2043 reverentissimum
1015 1967 1230 2064 Episcopum
1248 1964 1448 2040 Antiochiae
1470 1965 1517 2040 ad

295 2093 456 2158 sanctam
487 2082 729 2156 universalem
759 2081 922 2155 sinodum
947 2079 1136 2154 confestim
1168 2079 1212 2152 ad
1237 2078 1517 2154 satisfactionem

293 2195 474 2270 illatorum
493 2195 561 2269 sibi
579 2219 804 2283 concurrere,
821 2205 856 2269 et
874 2192 956 2268 Sedi
975 2190 1178 2290 Apostolice
1203 2216 1283 2289 quae
1308 2189 1409 2266 nobis
1433 2213 1516 2266 eon·

293 2308 385 2383 sidet
398 2331 539 2403 magnae
550 2311 658 2382 Rome
671 2319 707 2383 et
716 2306 919 2405 Apostoliee
935 2302 1256 2381 Hierosolimitanae
1269 2299 1431 2379 Ecclesia
1448 2301 1516 2378 Dei

295 2421 447 2507 obedire,
465 2429 503 2495 et
518 2421 688 2497 honorem
705 2420 843 2495 deferre
860 2419 955 2517 apud
973 2442 1080 2516 quam
1096 2417 1248 2491 maxime
1261 2416 1380 2491 sedem
1393 2425 1430 2490 et
1444 2423 1517 2490 An·

295 2535 473 2610 tiocenam
488 2558 563 2608 mos
575 2544 630 2609 est
642 2559 686 2609 ex
698 2532 889 2632 apostolica
906 2530 1163 2629 consequentia
1179 2542 1215 2605 et
1232 2528 1422 2606 traditione
1436 2529 1515 2626 regi

295 2659 331 2722 et
347 2648 442 2744 apud
459 2672 538 2723 eam
555 2646 718 2722 iudicari.

391 2761 481 2833 Item
500 2758 661 2856 exempla
679 2759 838 2834 eiusdem
856 2759 972 2835 sinodi
990 2760 1035 2833 ad
1052 2761 1185 2856 Papam
1200 2758 1432 2834 Celestinum.
1445 2761 1518 2834 Nos

298 2871 414 2968 igitur
441 2871 567 2947 merito
588 2871 769 2969 indignati
795 2897 856 2970 per
882 2872 1024 2948 tertiam
1048 2871 1270 2947 vocationem
1295 2870 1519 2946 tentavimus

296 2985 438 3082 quidem
452 3009 592 3083 equam,
608 2995 681 3059 tam
694 2994 818 3060 contra
831 2984 949 3082 ipsum
964 2983 1158 3059 Iohannem
1173 3009 1280 3082 quam
1293 2993 1416 3059 contra
1429 2983 1518 3059 alios

297 3097 513 3171 sententiam
532 3097 688 3194 proferre
705 3097 880 3194 legitime,
897 3122 1005 3195 quam
1028 3096 1102 3194 ipse
1123 3106 1247 3172 eontra
1272 3096 1371 3193 leges
1396 3096 1435 3170 in
1459 3120 1518 3172 eos

297 3209 358 3307 qui
376 3209 415 3282 in
432 3209 531 3284 nullo
548 3210 753 3307 reprehensi
771 3222 856 3285 sunt
873 3209 1032 3309 protulit.
1057 3212 1106 3285 Ut
1127 3219 1249 3284 autem
1274 3210 1352 3285 eius
1377 3209 1519 3286 temeri·

297 3331 408 3397 tatem
426 3323 598 3419 patientia
615 3324 787 3413 vinceret,
804 3323 890 3399 licet
906 3324 1002 3399 iuste
1019 3322 1085 3399 hoc
1098 3333 1283 3420 pateretur
1294 3332 1332 3399 et
1344 3323 1519 3420 legitime,

297 3434 524 3510 servavimus
541 3435 674 3511 iudicio
690 3447 761 3512 tnae
778 3436 999 3512 reverentiae.
1016 3439 1063 3510 Et
1087 3460 1185 3510 nunc
1202 3435 1349 3511 interim
1365 3458 1423 3511 eos
1439 3435 1519 3511 sine

297 3545 546 3622 communione
563 3547 725 3638 fecimus,
741 3557 969 3646 amputantes
995 3546 1070 3622 illis
1095 3571 1237 3625 omnem
1262 3547 1518 3624 sacerdotalem

296 3667 504 3755 potestatem
523 3669 565 3735 ut
584 3661 709 3735 nullus
726 3664 837 3759 possit
853 3662 971 3738 ledere
983 3686 1046 3759 per
1058 3687 1143 3737 suas
1155 3663 1362 3738 sententias.
1375 3666 1444 3738 Eos
1456 3664 1519 3761 qui

299 3770 349 3843 ita
367 3770 532 3847 ferociter
549 3783 585 3847 et
602 3784 725 3849 eontra
742 3800 896 3851 canones
917 3777 1055 3852 irruere
1080 3776 1195 3852 solent
1218 3778 1263 3851 ad
1287 3776 1459 3875 pessimas
1481 3789 1520 3852 et

296 3882 502 3959 sevissimae
521 3909 588 3974 res,
605 3887 777 3985 quomodo
794 3913 863 3964 non
881 3899 959 3964 erat
980 3890 1225 3966 necessarium
1250 3915 1291 3965 ea
1317 3915 1425 3988 quam
1450 3913 1519 3966 non

295 3994 480 4071 habuisset
495 3997 605 4072 etiam
623 3999 783 4076 volentes
799 4025 862 4077 nos
878 4001 1036 4078 adimere
1053 4004 1105 4079 eis
1122 4002 1268 4100 legendi
1283 4009 1521 4101 potestatem?

295 4108 482 4185 Fratribus
499 4109 615 4206 igitur
640 4113 770 4188 nostris
796 4128 832 4189 et
855 4116 1112 4192 comministris
1138 4115 1263 4191 Cirillo
1287 4127 1324 4193 et
1349 4117 1520 4192 Mennoni

296 4220 357 4319 qui
370 4220 463 4297 hanc
476 4222 647 4299 iniuriam
661 4227 913 4303 sustinuerunt
926 4228 1284 4318 communicavimus,
1302 4239 1521 4306 evacuantes

295 4355 340 4409 ex
363 4333 496 4433 scrIpto
512 4334 657 4411 illorum
675 4338 800 4414 ludum
826 4340 1100 4439 invalidumque
1125 4352 1162 4418 et
1185 4341 1314 4418 effectu
1339 4353 1520 4419 carentem

296 4445 409 4522 modis
424 4447 588 4523 omuibus
605 4452 888 4549 pronuntiantes.
900 4453 1039 4532 Iniuria
1051 4466 1129 4529 erat
1141 4454 1360 4530 solummodo
1372 4464 1410 4530 et
1420 4455 1521 4531 aliud
