3608 5498
802 403 999 465 -420-

290 524 456 600 Romana
469 525 528 598 cui
538 526 609 599 Deo
621 526 766 598 auctore
777 522 1007 623 praesidemus
1020 514 1266 599 aecclesiae‘vos
1279 523 1371 599 velle
1384 524 1526 600 venire·

291 639 555 735 significabant.
572 642 659 727 Qua
677 638 715 711 in
731 636 1007 733 ambiguitatem
1025 638 1120 735 apud
1131 647 1200 712 'nos
1217 638 1260 713 ob
1276 638 1341 713 hoc
1362 638 1517 714 devene-

248 752 251 758 ’
290 763 385 826 runt.
403 753 523 825 Primo
540 753 682 849 quidem
700 750 784 849 quia
801 775 924 825 earum
942 750 1076 825 delator
1093 750 1242 826 idoneus
1259 760 1388 826 vestrae
1405 751 1520 825 honoss

290 864 475 939 rifieentiae
492 888 562 938 non
580 864 775 940 habebatur
793 886 941 960 persona
958 862 1126 938 videlicet
1145 863 1332 939 vilissima.
1347 863 1516 940 Secundo

290 977 373 1075 qnia
390 1002 505 1075 neque
522 976 665 1075 aliquod
682 976 781 1050 missi
800 974 908 1071 dirigi
923 975 1055 1050 muniti
1068 975 1293 1061 deberentur,
1306 1001 1373 1051 nee
1386 977 1424 1051 in
1438 975 1516 1073 epi·

292 1089 380 1164 stola
397 1089 659 1179 continebatur,
670 1114 738 1165 nee
751 1089 826 1186 ipse
839 1087 947 1162 verbo
959 1096 1065 1163 tenus
1078 1088 1195 1164 dicere
1210 1089 1378 1186 sapiebat.
1391 1091 1515 1164 Tertio

287 1204 373 1302 quia
390 1213 465 1278 tam
484 1203 592 1279 celeri
611 1212 767 1301 ternpore
784 1221 851 1278 nec
869 1199 970 1275 missi
983 1224 1172 1277 occurrere
1187 1210 1360 1300 poterant,
1373 1227 1440 1277 nee
1453 1227 1518 1300 pa·

289 1317 361 1390 rari
378 1315 423 1389 ad
440 1316 745 1414 proficiscendum.
763 1319 897 1404 Quarto
915 1315 1000 1413 quia
1017 1315 1078 1414 qui
1096 1340 1154 1392 eos
1171 1317 1369 1415 susciperet
1384 1316 1429 1391 ad
1453 1317 1517 1391 de·

288 1428 490 1518 ducendum
508 1451 603 1504 more
620 1428 733 1516 solito,
750 1428 946 1504 seeundum
966 1428 1059 1504 beati
1078 1429 1175 1505 Petri
1200 1441 1429 1529 vestramque
1454 1430 1516 1505 de·

289 1543 444 1617 centiam
461 1542 591 1618 deerat.
608 1543 785 1617 Novimus
802 1542 923 1640 itaque
941 1555 1098 1616 vestram
1112 1541 1264 1638 gloriam
1278 1542 1323 1616 ad
1335 1542 1443 1616 huius
1455 1552 1516 1618 ee·

288 1654 405 1730 clesiae
422 1655 619 1730 decentiam
638 1664 674 1730 et
690 1655 940 1730 exaltationem
960 1679 1183 1753 summopere
1201 1655 1380 1744 anhelare,
1404 1667 1515 1753 prout

289 1767 375 1841 talis
391 1766 488 1842 tilius
505 1776 614 1842 tanta
638 1767 764 1841 matris
789 1767 1067 1856 honorificentia,
1092 1794 1114 1842 a
1139 1794 1209 1867 qua
1234 1769 1345 1844 totius
1368 1769 1514 1867 imperii

288 1880 451 1954 diadema
464 1881 628 1977 suscepit.
642 1883 766 1978 Itaque
779 1905 861 1957 cum
877 1879 1081 1978 praeliabata
1094 1884 1165 1956 IlIl
1179 1883 1296 1981 capita
1310 1892 1436 1957 n‘eutre
1453 1883 1517 1957 de·

288 1993 415 2071 centia
432 2015 592 2088 congrua
608 1991 838 2081 haberentur,
851 1993 1073 2089 ambiguitas
1085 2020 1133 2067 an
1146 2006 1275 2070 vestra
1287 2005 1406 2070 essent
1419 1995 1518 2069 litte-

288 2132 337 2180 rae
350 2105 507 2181 inolevit.
521 2114 689 2181 Attamen
703 2106 733 2180 si
747 2117 876 2180 vestrae
889 2107 1031 2205 expedit
1043 2106 1215 2182 decentia
1227 2119 1335 2205 atque
1348 2107 1515 2197 utilitati,

289 2217 420 2291 mittite
438 2217 498 2314 qui
517 2241 661 2291 eausam
680 2217 849 2304 indicent,
874 2228 911 2294 et
935 2221 1073 2296 eosdem
1101 2222 1239 2317 legatos
1263 2221 1451 2309 deducant,
1476 2232 1516 2296 et

288 2352 351 2402 nos
368 2353 528 2425 congruo
544 2340 700 2428 tempore
717 2330 874 2429 proprios
892 2357 930 2406 se
948 2333 991 2407 ad
1008 2343 1170 2408 vestrum
1196 2333 1403 2430 obsequium
1428 2357 1515 2429 gra·
1604 2423 1607 2428 ³

288 2453 406 2517 tenter
424 2443 617 2518 mittemus.
635 2443 728 2531 Quia
745 2457 781 2518 et
799 2446 1016 2521 consuetudo
1033 2437 1191 2521 eiusdem
1216 2446 1368 2520 habetur
1393 2455 1429 2520 et
1453 2445 1515 2520 de·

287 2579 467 2629 sessorum
491 2568 691 2630 vestrorum
716 2556 800 2630 talis
825 2556 955 2646 extitit,
971 2570 1008 2633 et
1024 2569 1153 2633 vestrae
1177 2557 1350 2635 desentire
1374 2558 1403 2632 si
1430 2561 1514 2633 oon·

287 2692 421 2764 gruum
439 2669 583 2743 videtur
599 2676 635 2743 et
650 2669 809 2743 creditur
822 2669 889 2766 ipsi
903 2672 1106 2768 perpendite
1119 2672 1225 2747 cuius
1239 2671 1286 2745 sit
1299 2671 1515 2746 indecentiae

287 2782 317 2855 si
335 2783 530 2857 secundum
549 2782 700 2858 dedecus
717 2783 843 2856 matris
857 2793 986 2858 vestra
999 2785 1077 2858 eius
1090 2784 1202 2880 legati
1212 2784 1451 2859 destinantur.
1466 2788 1515 2859 Et

287 2895 318 2970 si
336 2895 436 2970 vobis
453 2897 647 2972 necessitas
664 2897 831 2993 qualibet
848 2896 1037 2986 incumbit,
1053 2922 1124 2994 qua
1141 2897 1354 2972 auctoritate
1372 2896 1514 2994 prodes·

287 3033 325 3081 se
342 3008 488 3105 possint,
507 3019 585 3083 uta
610 3009 799 3085 contrariis
823 3009 1040 3085 honorentur
1065 3019 1101 3084 et
1125 3010 1319 3084 audiantur
1344 3009 1374 3083 si
1402 3008 1511 3106 vulgi

287 3143 384 3197 more
401 3122 632 3218 gradiuntur.

852 3228 940 3312 CVI.

442 3445 445 3482 ῑ
479 3486 481 3492 ,
581 3423 630 3474 Ex
648 3426 781 3489 regesto
798 3424 859 3476 vn
879 3422 1028 3487 Gregorii
1046 3421 1102 3474 llb.
1122 3422 1209 3473 vm.

384 3575 581 3670 Gregorius
594 3577 789 3675 Episcopus
802 3600 929 3673 servus
942 3598 1126 3649 servorum
1141 3575 1203 3650 Dei
1218 3575 1346 3650 dilecto
1359 3574 1396 3648 in
1407 3574 1514 3651 Chri-

288 3695 342 3759 sto
359 3686 462 3758 fratri
482 3688 701 3762 Herimanno
719 3689 871 3762 Metensi
888 3689 1048 3786 episcopo
1065 3689 1160 3763 inter
1176 3698 1305 3763 cetera.
1323 3690 1423 3777 Quod
1447 3715 1514 3764 au·

287 3810 359 3873 tem
377 3800 564 3897 postulasti
581 3811 616 3876 te
633 3802 734 3900 quasi
752 3801 896 3898 scriptis
923 3799 1052 3875 nostris
1078 3800 1209 3890 iuvari,
1233 3826 1276 3877 ac
1301 3803 1513 3900 praemuniri

288 3920 410 3985 contra
420 3912 562 3986 illorum
577 3912 752 3986 insaniam
768 3913 828 4011 qui
843 3912 995 3987 nefando
1007 3937 1066 3987 ore
1079 3913 1305 4009 garriuntur,
1315 3937 1378 3989 nos
1391 3923 1510 3989 aucta

288 4024 394 4100 ritate
410 4035 543 4100 saneta
561 4027 662 4100 Sedis
682 4027 893 4124 Apostolicae
905 4049 975 4099 non
990 4026 1145 4122 potuisse
1160 4049 1282 4122 regem
1297 4026 1512 4103 Heinricum

287 4133 465 4210 bominem
479 4136 694 4213 Christiana
709 4138 894 4234 religionis
907 4137 1448 4235 contemptorem‚aeoclcsiarum
1458 4143 1515 4213 vi·

287 4247 416 4323 delicet
432 4259 469 4326 et
486 4249 625 4347 imperii
644 4250 912 4339 destructorem,
928 4261 1035 4349 atque
1062 4251 1301 4328 hereticorum
1326 4263 1515 4327 consenta-

287 4384 396 4435 neum
409 4363 730 4448 excommunicare,
743 4388 809 4438 nec
822 4387 1038 4462 quemqnam
1052 4391 1072 4438 a
1086 4380 1309 4440 sacramento
1327 4364 1513 4442 fidelitatis

288 4471 366 4547 eius
382 4471 572 4574 absolvere.
596 4477 641 4549 Et
661 4485 743 4571 'post
768 4483 902 4572 pauca
917 4479 966 4551 Ut
991 4475 1033 4551 de
1060 4476 1185 4550 multis
1209 4500 1322 4574 panea
1347 4474 1515 4553 dieamus
