3608 5498
810 443 849 458 -
874 407 940 473 aaa
966 443 1006 458 -

862 582 933 665 ΟΥ.

393 751 566 849 Pelagius
583 753 705 828 Boetia
722 755 895 830 Praefecto
911 779 967 852 pp.
986 754 1168 844 Africano,
1185 755 1280 832 inter
1296 765 1435 832 caetera.
1453 733 1517 832 Ro

295 890 400 939 mana
425 866 485 941 cui
511 869 585 941 Deo
608 878 753 942 auctore
779 867 1012 965 praesidemus
1037 871 1188 946 ecclesia
1214 883 1291 971 post
1307 873 1515 948 continuam

293 981 401 1054 XXV
419 989 455 1054 et
480 1004 520 1056 co
540 980 697 1080 amplius
714 1004 890 1057 annorum
908 985 1144 1062 vastationem
1162 987 1329 1062 bellicam
1348 986 1386 1059 in
1404 987 1515 1062 italiae

294 1093 501 1189 regionibus
525 1094 759 1185 accidentem,
780 1106 817 1169 ct
846 1120 935 1196 pene
957 1097 1074 1174 adhuc
1097 1098 1243 1175 minima
1264 1099 1516 1192 discedentem,

293 1231 364 1282 non
388 1208 533 1306 aliunde
563 1210 632 1283 nisi
659 1210 701 1284 de
720 1209 923 1307 peregrinis
941 1210 1072 1285 insulis
1088 1221 1160 1286 antx
1174 1213 1262 1293 locis
1283 1214 1414 1290 clerieo
1431 1241 1516 1313 pau·

293 1321 437 1417 peribus
463 1324 536 1421 qui,
553 1332 589 1398 et
614 1324 644 1397 si
670 1347 740 1398 nou
758 1322 942 1400 sufficiens
958 1324 1017 1400 vel
1035 1325 1209 1422 exiguum
1235 1336 1355 1403 tamen
1381 1327 1514 1426 stipen-

292 1434 392 1509 dium
410 1437 651 1535 consequitur.

794 1597 796 1601 ’
856 1580 943 1666 cvl.

391 1780 562 1877 Pelagius
580 1767 808 1854 Armentario
828 1768 1002 1876 magistro
1020 1781 1177 1855 militum
1197 1782 1292 1857 inter
1309 1792 1435 1859 cetera.
1449 1789 1513 1859 Po·

189 1894 192 1900 ’
291 1903 366 1971 stea
384 1919 490 1992 quam
509 1896 670 1971 ecclesiae
695 1895 785 1984 iura,
802 1896 1096 1971 documentorum
1123 1919 1263 1994 quoque
1290 1896 1512 1972 interceden-

290 2008 382 2088 tium
401 2009 537 2084 fueriut
554 2010 769 2085 auctoritate
789 1995 940 2100 firmata,
957 2009 1165 2083 nullatenus
1178 2010 1222 2082 ab
1236 2009 1293 2082 his
1306 2009 1510 2085 discedendi

288 2122 438 2203 liberam
458 2125 618 2222 pontifex
635 2125 692 2201 vel
710 2125 741 2199 si
760 2124 849 2200 volit
865 2123 1096 2223 permittatur
1113 2122 1245 2198 babere
1263 2123 1458 2199 licentiam.

847 2291 953 2375 orn.

385 2464 558 2560 Pelagius
576 2464 784 2540 Eleutherio
805 2463 976 2562 episcopo.
995 2462 1175 2537 Maximus
1200 2463 1371 2538 diaconus
1388 2464 1510 2540 accele-

290 2576 352 2650 sim
369 2577 571 2652 dilectionis
595 2589 667 2653 tuae
695 2577 796 2651 nobis
821 2576 1019 2672 suggessit,
1036 2577 1073 2648 in
1100 2576 1210 2651 fundo
1229 2577 1290 2676 qui
1308 2579 1510 2676 appellatur

289 2689 481 2764 Pauccllus
498 2690 691 2787 oratorium
710 2714 747 2764 se
765 2712 828 2787 pro
852 2714 929 2793 sua¹
943 2689 1129 2765 devotione
1156 2689 1336 2781 fundasse,
1354 2693 1443 2788 quod
1470 2693 1508 2766 iu

289 2801 420 2886 bonore
433 2802 545 2878 beatae
558 2803 744 2879 Canticum
764 2793 1129 2900 martyris'desidcrat
1146 2826 1363 2879 consecrare.
1375 2808 1419 2907 Et
1432 2805 1509 2880 ideo

289 2917 400 2990 frater
416 2917 606 2992 karissime
632 2918 663 2990 si
690 2917 727 2990 in
753 2926 815 2993 tua
832 2915 962 2992 diocesi
982 2925 1175 2991 memorata
1192 2917 1412 2992 constructio
1429 2917 1508 2992 iure

288 3030 464 3134 consistit,
477 3041 513 3134 ct
528 3030 812 3129 nullumcorpus
827 3029 957 3104 ibidem
974 3040 1113 3104 constat
1125 3028 1328 3119 humatum,
1341 3041 1508 3133 percepta

287 3145 388 3242 prius
405 3145 592 3220 donatione
610 3144 788 3240 legitima,
804 3143 895 3218 idest
912 3143 1129 3242 possessione
1146 3143 1198 3217 ill.
1216 3153 1251 3218 et
1269 3143 1319 3217 ill.
1339 3154 1508 3241 praestan·

289 3267 341 3331 tes
356 3257 517 3333 liberoso
536 3257 717 3333 fiscalibus
735 3256 853 3331 titulis
869 3256 1000 3332 solidos
1016 3266 1068 3330 tot
1081 3255 1265 3353 gestisque
1282 3256 1508 3355 municipali-

287 3371 354 3446 bus
379 3357 557 3467 allegutis,
576 3371 784 3470 praedictum
815 3367 1009 3446 oratorium
1040 3366 1173 3465 absque
1205 3367 1324 3442 missis
1353 3367 1507 3466 publicis

287 3482 531 3580 sollempniter
557 3472 790 3558 consecrabis.
808 3486 863 3557 Ita
883 3492 1003 3558 tamen
1023 3480 1117 3554 utin
1136 3479 1255 3555 eodem
1274 3479 1350 3556 loco
1367 3507 1434 3558 nec
1451 3481 1516 3556 lu·'

288 3597 380 3671 turis
396 3597 614 3695 temporibus
631 3597 881 3696 baptisterium
908 3590 1150 3684 construatur,
1167 3619 1234 3669 uec
1253 3594 1503 3694 presbyterum

287 3711 485 3784 constituas
498 3710 815 3788 Cardinalem.Sed
833 3711 999 3809 quotiens
1017 3708 1127 3782 missa
1144 3707 1211 3782 sibi
1231 3707 1306 3782 lieri
1325 3709 1416 3784 forte
1434 3733 1505 3782 ma·

288 3824 407 3914 luerit,
416 3851 436 3898 a
446 3825 636 3900 dilectione
648 3836 711 3900 tua
725 3825 976 3924 presbyterum
990 3824 1134 3899 noverit
1147 3823 1411 3921 postulandum,
1420 3847 1506 3921 qua·

287 3937 386 4017 tinus
415 3937 528 4014 nichil
557 3936 630 4013 tale
654 3964 675 4010 a
700 3937 856 4036 quolibet
880 3938 950 4014 alio
974 3937 1154 4015 sacerdote
1173 3936 1358 4012 ullatenus
1373 3961 1505 4037 praesu-

287 4059 418 4124 matur.
1390 4083 1392 4087 >

834 4196 959 4281 ovib.

384 4393 556 4490 Pelagius
571 4394 712 4469 Asterie
729 4395 900 4493 episcopo.
914 4394 1122 4469 Vindimins
1136 4395 1254 4469 Abbas
1272 4395 1426 4494 petitorii
1445 4419 1505 4468 no·

286 4507 341 4580 bis
356 4507 596 4583 insinuatione
610 4509 809 4605 suggessit,
823 4509 914 4607 quod
928 4508 1074 4583 haberet
1089 4509 1124 4582 in
1139 4509 1303 4598 subditis,
1313 4509 1412 4583 iuxta
1429 4534 1505 4582 mu·
