3608 5498
679 395 875 458 -307-

140 606 145 616 Ι
164 515 241 589 suis
259 514 436 590 fructibus
453 515 651 591 omnimodo
670 518 864 592 restaurari
882 514 996 592 debet.
1013 515 1236 592 Tabelliones
1255 513 1385 591 verosi

165 641 288 706 eontra
302 630 420 728 legem
433 631 705 731 emphytheusis
718 632 957 707 iustrumenta
973 631 1194 728 scripserint,
1211 631 1387 706 irrevoca-

164 744 227 820 bili
245 745 442 844 puniantur
458 746 575 836 exilio‚
592 746 662 821 uisi
681 746 806 821 divina
828 747 965 823 sanctio
986 745 1186 821 indulserit.
1206 750 1387 826 Namnec

166 857 402 955 magistratus
418 858 658 934 iustrumenta
675 859 732 936 vel
749 858 895 950 dictare,
912 860 970 936 vel
987 860 1084 936 facta
1108 859 1324 950 admitteret,
1349 867 1386 934 et

166 971 394 1048 monimentis
411 972 563 1071 publicis
580 973 749 1064 inserere,
765 973 824 1048 vel
841 975 1051 1050 confirmare
1063 971 1229 1071 audeaut.
1246 976 1340 1048 Nam
1354 970 1385 1045 si

166 1084 300 1184 aliquid
316 1087 390 1165 tale
406 1087 632 1187 deliquerint,
649 1111 720 1163 non
736 1086 851 1177 solum
868 1086 907 1161 iu
926 1113 999 1162 una
1016 1111 1065 1177 re,
1081 1087 1143 1164 sed
1159 1087 1267 1163 etiam
1284 1096 1321 1163 et
1337 1086 1388 1162 di·

167 1200 309 1296 gnitate
326 1201 539 1298 patrimonio
555 1201 694 1278 cadant.

669 1404 893 1490 CXXXVIII.

370 1610 420 1661 Ex
437 1609 519 1663 ltbro
537 1610 738 1663 novellarum
756 1610 867 1674 legum
885 1620 958 1675 cap.
979 1609 1192 1666 cccchxvt.

264 1770 302 1843 Si
319 1769 400 1868 quis
416 1771 551 1848 divinis
569 1772 737 1848 misteriis
754 1771 975 1848 celebrandis
992 1772 1031 1846 in
1047 1783 1210 1851 sanctam
1235 1775 1390 1849 interve

168 1881 223 1956 nit
240 1882 438 1958 aeclesiam
453 1895 488 1960 et
501 1885 663 1984 episeopo
673 1883 733 1960 rel
745 1885 898 1978 clericis,
912 1886 970 1963 vel
983 1887 1065 1987 aliis
1078 1889 1253 1964 ministris
1269 1886 1391 1976 secele-

168 1996 230 2072 siae
243 1997 413 2073 iniuriam
427 2000 565 2089 facerit,
580 2000 745 2076 iubemus
758 2026 840 2076 eum
855 2003 1042 2079 tormentis
1055 2003 1256 2080 subiectum
1265 2003 1303 2077 in
1316 2002 1391 2080 exi·

169 2109 216 2184 lic
234 2112 339 2187 mitti.
357 2117 403 2187 Et
420 2114 473 2188 sic
490 2114 565 2213 ipse
581 2115 644 2213 qui
661 2115 840 2191 contrario
856 2115 915 2191 rel
932 2117 1056 2191 divina
1075 2117 1234 2194 misteria
1248 2127 1392 2193 contur-

168 2224 279 2317 bavit,
296 2227 355 2302 vel
380 2227 558 2305 celebrare
582 2229 811 2327 prohibuerit,
835 2229 981 2328 capitali
1007 2231 1182 2332 supplici0
1207 2231 1389 2330 puniatur.

170 2343 246 2417 Hoc
257 2341 351 2416 idem
364 2341 623 2419 observandum
636 2343 673 2417 iu
687 2343 841 2418 laetaniis
854 2342 892 2417 in
905 2343 1036 2442 quibus
1047 2343 1232 2445 episcopus
1246 2337 1392 2422 vel'ele·

170 2455 235 2529 rici
248 2455 496 2548 inveniuntur,
509 2467 550 2531 ut
562 2456 737 2555 siquidem
750 2457 1003 2534 contumeliam
1017 2467 1160 2535 tanturn
1174 2460 1310 2550 lecerit,
1323 2469 1392 2534 tor-

170 2571 300 2647 mentis
317 2583 353 2647 et
370 2571 476 2648 exilio
487 2571 660 2646 tradatur.
674 2571 738 2645 Sin
750 2581 870 2647 autern
884 2570 1037 2647 letanias
1049 2571 1318 2650 conturbaverit
1335 2597 1390 2648 ca·

170 2685 278 2783 pitale
295 2684 495 2783 perieulum
513 2684 713 2761 sustinebit.
731 2689 852 2784 anue
869 2684 1056 2762 defendere
1068 2685 1237 2762 volumus
1253 2709 1324 2762 nou
1338 2709 1390 2762 so

171 2798 247 2874 lum
266 2799 393 2875 civiles
410 2800 471 2876 sed
488 2799 594 2874 etiarn
615 2797 789 2874 militares
804 2797 951 2875 iudIees.

554 3201 603 3252 Ex
621 3197 677 3252 ub.
697 3196 814 3252 eodem
833 3197 963 3252 constit.
982 3197 1007 3248 1.

266 3368 500 3463 Imperatores
526 3360 728 3437 Archadius
752 3369 788 3435 et
814 3358 993 3434 Honorius
1021 3359 1182 3455 Augusti
1210 3359 1393 3434 Theodoro

172 3479 337 3580 prefecto
353 3475 519 3577 praetorii.
537 3474 574 3549 Si
593 3473 674 3573 quis
690 3472 727 3547 in
746 3471 812 3548 hoe
829 3495 947 3569 genus
960 3470 1143 3567 sacrilegii
1162 3472 1333 3572 prorupit,
1350 3481 1392 3548 ut

172 3593 209 3665 in
220 3590 399 3666 aecclesias
408 3589 753 3666 catholieasirruens
761 3584 1003 3661 sacerdotibus
1012 3594 1047 3661 et
1056 3584 1242 3675 ministris,
1249 3583 1309 3660 rel
1317 3584 1393 3685 ipso

172 3705 288 3780 cultui
302 3704 448 3803 locoque
460 3702 524 3777 alii
542 3701 709 3800 importet
725 3697 879 3786 iniuriae,
896 3697 988 3795 quod
1005 3696 1147 3794 geritur
1162 3722 1184 3771 a
1201 3696 1394 3795 provinciae

173 3817 373 3893 rectoribus
389 3815 697 3890 animadvertatur
713 3823 820 3912 atque
838 3811 889 3885 ita
906 3810 1098 3910 provincia
1120 3812 1316 3887 moderator
1340 3835 1395 3884 sa-

174 3929 605 4022 cerdotum‚etcatholieae
613 3927 783 4004 acclesiae
792 3923 1122 4014 ministrorumloei
1133 3923 1394 4025 quoqueipsius

173 4056 209 4120 et
225 4045 340 4119 divini
357 4044 478 4121 cultus
495 4042 665 4117 iniuriam
680 4040 826 4141 capitali
840 4040 1024 4117 convictos
1037 4040 1114 4114 sive
1127 4039 1305 4115 confessos
1317 4061 1394 4114 reos

173 4157 351 4233 sententia
369 4155 511 4232 noverit
526 4153 768 4231 iudicandum.
795 4158 842 4230 Et
865 4177 937 4229 non
962 4161 1124 4252 expectet
1149 4160 1190 4226 ut
1209 4155 1396 4250 episcopus

173 4270 473 4372 iniurioepropriae
485 4268 656 4344 ultionem
671 4267 846 4367 deposeat,
857 4267 942 4366 quia
955 4266 1129 4342 sanctitas
1140 4264 1394 4362 cognoscenda

172 4384 324 4481 gloriam
342 4383 572 4483 derelinquid.
585 4381 710 4481 Sitque
727 4380 868 4457 cunctis
884 4376 1075 4469 laudabile,
1087 4377 1219 4453 factam
1236 4388 1393 4454 atrocem

172 4496 426 4588 sacerdotibus,
441 4505 508 4572 aut
523 4495 699 4571 ministris
722 4493 894 4570 iniuriam
915 4492 1029 4569 veluti
1047 4490 1230 4591 pubIIcum
1256 4491 1394 4568 crimen
