3608 5498
802 442 839 455 -
868 407 934 473 aaa
959 440 1000 453 -

853 560 945 645 LIII.

524 742 607 794 Item
626 739 669 794 de
687 741 805 795 eodem
825 751 896 806 cap.
917 739 1025 791 xxm
1045 740 1128 792 Inter
1146 738 1267 791 cetera.

381 876 419 951 Si
437 875 519 976 quis
535 877 577 953 de
595 877 724 953 massis
741 876 818 952 sive
834 877 877 952 de
901 873 1050 951 coloniis
1074 873 1369 972 patrimoniorum
1394 876 1512 952 sancti

285 991 384 1068 Petri
402 991 571 1090 Apostoli,
587 991 631 1067 dc
648 990 778 1090 quibus
794 990 970 1066 hactenus
989 987 1090 1063 nulla
1102 989 1341 1065 concessionis
1354 991 1511 1066 conscri-

290 1104 364 1205 ptio
377 1106 588 1205 repperitur,
600 1116 665 1182 aut
677 1105 858 1205 postulati,
867 1113 930 1179 aut
943 1103 1108 1179 suadenti
1120 1103 1352 1194 consenserit,
1363 1105 1514 1181 Ananiae

285 1229 322 1296 et
340 1220 499 1318 Saphirae
515 1219 578 1319 qui
595 1220 637 1296 de
655 1219 805 1319 propriis
819 1219 1033 1295 mentientes
1046 1228 1129 1294 ante
1142 1219 1247 1316 pedes
1262 1217 1512 1317 Apostolorum

288 1332 545 1433 expiraverunt
562 1357 663 1432 paena
681 1332 865 1408 multetur.
884 1334 932 1407 Et
947 1355 1020 1408 uon
1036 1333 1151 1408 solum
1165 1332 1223 1406 his
1239 1333 1333 1432 apud
1346 1358 1452 1431 quem
1469 1333 1514 1409 de

288 1445 468 1544 praedictis
481 1445 588 1521 rebus
600 1445 934 1545 praecep'tialicuius
948 1447 1058 1523 series
1071 1447 1219 1522 inventa
1232 1447 1353 1536 fuerit,
1361 1455 1418 1522 res
1431 1447 1514 1521 illas

288 1586 371 1637 curn
389 1559 558 1656 frugibus
570 1560 701 1659 quibus
714 1585 757 1636 ex
769 1560 821 1635 eis
834 1559 969 1634 abusus
981 1569 1036 1635 est
1049 1585 1093 1636 ex
1104 1569 1176 1635 toto
1189 1561 1367 1648 restituat,
1380 1561 1441 1635 sed
1457 1585 1515 1636 ea-

287 1672 368 1747 dem
386 1673 565 1769 scriptura
581 1681 721 1748 cassata
738 1673 852 1749 nichil
869 1697 932 1771 per
950 1674 1049 1748 illam
1069 1675 1241 1774 proficiat,
1259 1700 1386 1750 verum
1405 1674 1514 1750 etiam

235 1794 238 1798 ’
289 1812 373 1863 cum
385 1785 551 1861 omnibus
563 1785 631 1860 sibi
644 1786 941 1863 convenientibus
955 1798 1123 1887 perpetuo
1133 1788 1362 1863 anathemate
1376 1787 1515 1887 percul-

289 1926 362 1990 sus,
378 1925 462 1976 cum
478 1901 567 1975 Iuda
592 1900 763 1977 traditore
789 1901 931 1976 Domini
957 1903 1069 1977 nostri
1094 1901 1201 1978 Ihesu
1227 1900 1362 1978 Christi
1388 1903 1514 1977 aeterni

289 2015 388 2115 ignis
404 2015 581 2093 incendiis
597 2027 779 2094 exuratur.

845 2208 953 2293 hllll.

649 2415 730 2466 Item
739 2415 774 2481 In
789 2411 907 2466 eodem
927 2425 969 2466 cx
988 2425 1060 2480 cap.
1079 2414 1165 2466 xx1.

388 2589 477 2661 Item
505 2584 710 2684 Apostolica
726 2583 939 2661 auctoritate
960 2586 1187 2684 praecipimus
1204 2595 1240 2661 et
1264 2587 1458 2675 sancimus
1474 2597 1517 2660 ut

290 2700 415 2775 amodo
435 2708 470 2775 et
487 2699 653 2798 deinceps
677 2697 801 2774 nullus
819 2698 1013 2774 cuiuslibet
1031 2700 1153 2796 gentis
1175 2699 1234 2776 vel
1250 2700 1385 2775 ordinis
1401 2699 1516 2789 homo,

293 2816 520 2906 monasteria,
533 2825 660 2904 curtae,
674 2839 821 2904 massas,
831 2813 979 2904 etsalas
992 2825 1066 2889 tam
1080 2839 1143 2914 per
1155 2817 1364 2890 Ravennam
1378 2826 1414 2891 et
1428 2818 1518 2889 Pen-

293 2929 493 3027 tapolim'ct
506 2928 687 3018 Emiliam,
704 2953 812 3028 quam
830 2939 866 3004 et
884 2954 945 3027 per
963 2929 1131 3003 Tusciam
1153 2931 1391 3002 Romanorum
1409 2939 1517 3026 atque

289 3044 580 3142 ⁴Logobardorum
598 3055 635 3120 et
651 3067 756 3120 omne
772 3043 995 3119 territorium
1014 3042 1130 3117 sancti
1144 3043 1242 3118 Petri
1260 3041 1418 3140 Apostoli
1436 3065 1518 3118 con-

292 3159 449 3247 stitutas,
468 3168 662 3258 praesumat
675 3157 876 3233 beneficiali
890 3181 997 3248 more,
1015 3165 1078 3231 aut
1091 3159 1234 3257 scripto,
1246 3166 1311 3232 aut
1323 3157 1393 3232 alio
1406 3156 1518 3256 quoli-

293 3272 353 3348 bet
370 3272 471 3348 mudo
486 3283 605 3373 petere
618 3273 780 3372 recipere
797 3271 855 3347 vel
874 3271 1047 3358 conferre,
1064 3270 1222 3369 exceptis
1239 3269 1313 3344 illis
1330 3271 1517 3344 dumtaxat

291 3386 424 3486 quibus
443 3409 506 3485 pro
523 3386 743 3462 utilitatibus
759 3398 796 3462 et
814 3384 962 3485 speciali
987 3384 1135 3460 servitio
1153 3387 1186 3458 S.
1205 3387 1245 3459 R.
1263 3384 1444 3474 Ecclesiae,
1457 3384 1517 3459 vel

294 3501 448 3576 ducatus
477 3500 763 3598 uniuscuiusque
788 3499 857 3576 loci
882 3497 1141 3573 habitatoribus
1165 3497 1361 3596 praebetur,
1385 3497 1444 3573 vel
1471 3497 1516 3571 ad

294 3622 414 3689 vestra
427 3612 663 3710 dispensanda
676 3614 863 3690 constituti
880 3621 978 3702 sunt,
991 3611 1067 3687 sivo
1081 3613 1355 3686 constituentur.
1369 3611 1468 3699 Quod
1485 3612 1517 3686 si

295 3727 485 3827 quisquam
498 3725 585 3802 huic
602 3738 722 3803 nostro
735 3738 869 3804 statuto
883 3727 1060 3803 contraire
1074 3726 1315 3825 temptaverit,
1327 3735 1364 3801 ct
1376 3726 1419 3802 de
1431 3751 1518 3825 prae·

295 3841 379 3917 fatis
395 3839 614 3941 quibuslibet
629 3840 879 3918 alicuiusmodi
897 3841 1072 3938 scriptum
1091 3839 1157 3914 sibi
1175 3839 1251 3914 fieri
1272 3839 1517 3938 postulaverit,

295 3965 360 4030 aut
380 3953 488 4029 etiam
506 3953 704 4030 beneficiali
724 3978 819 4030 more
837 3979 878 4031 ea
897 3955 1052 4030 retinere
1068 3955 1346 4052 praesumpserit,
1371 3964 1517 4051 excepta

295 4069 555 4168 dispensatione
572 4068 764 4169 apostolica
781 4093 860 4167 quae
876 4068 921 4143 ad
945 4075 1183 4164 augmentum
1209 4077 1244 4142 et
1268 4067 1456 4144 servitium
1482 4071 1517 4143 S.

296 4185 337 4256 R.
354 4180 525 4257 Ecclesiae
541 4205 618 4256 esse
635 4181 804 4282 probatur
821 4181 1016 4257 statuimus
1041 4190 1082 4255 ut
1106 4204 1177 4255 nou
1201 4180 1317 4254 solum
1338 4181 1517 4280 scriptura

297 4295 361 4370 illa
378 4306 517 4371 cassata
534 4297 675 4372 nullum
695 4298 802 4372 robur
819 4297 975 4373 obtineat
988 4296 1180 4385 firmitatis
1194 4297 1254 4370 sud
1267 4299 1374 4371 etiam
1391 4298 1518 4392 fruges

300 4433 347 4484 ex
364 4409 417 4484 eis
434 4410 565 4509 quibus
582 4437 670 4487 usus
686 4422 741 4487 cst
757 4411 899 4487 omniuo
909 4411 1120 4502 restituens,
1136 4410 1249 4486 nichil
1265 4435 1311 4486 ex
1324 4410 1393 4487 hac
1409 4411 1520 4488 ambi-

298 4521 395 4601 tione
411 4523 469 4602 vel
487 4523 671 4604 beneficiis
687 4525 775 4625 ipsis
790 4525 934 4604 lucratu
952 4524 1190 4604 anathematis
1205 4524 1397 4604 subiaceat
