3608 5498
724 442 727 446 ‡
810 408 1008 472 -448-

291 528 409 617 rende,
426 537 514 604 tunc
534 553 660 603 rursus
676 542 721 605 ne'
735 529 892 604 socordia
905 529 1132 628 segnitieque
1145 528 1374 619 dormiamus,
1386 528 1476 606 aliis
1488 555 1530 604 a·

291 644 405 718 culeis
419 645 827 742 praeceptorumquaead
841 644 1069 718 severitatem
1084 643 1308 718 coercitionis
1321 644 1526 743 pertinent,

289 757 467 833 excitandi
485 783 621 843 sumus,
637 767 679 832 ut
695 782 843 854 gressus
860 766 998 832 nostros
1011 757 1048 829 iu
1062 757 1121 829 via
1136 756 1276 829 Domini
1292 781 1339 832 ex
1353 756 1526 856 utrisque

290 871 504 947 testimoniis
521 871 583 945 illo
599 872 688 947 duce
705 882 812 970 atque
830 871 989 947 adiutore
1006 870 1215 966 dirigentes,
1240 895 1307 946 nec
1333 870 1524 968 patientiae

290 985 434 1060 nomine
452 995 705 1082 torpescamus,
722 1011 788 1062 neo
805 986 952 1059 obtentu
969 983 1169 1079 diligentiae
1186 983 1378 1059 seviamus.

766 1188 939 1273 OXXIIH.
958 1186 1036 1286 (sie)

603 1393 698 1446 Idem
716 1395 748 1445 in
767 1392 909 1458 epistola
927 1391 970 1444 ad
989 1392 1203 1444 vincentium.

389 1555 537 1630 Certum
556 1564 612 1630 est
630 1556 787 1652 peccatis
804 1554 933 1629 alienis
951 1553 988 1625 in
1006 1553 1144 1627 unitate
1171 1552 1305 1628 Christi
1331 1552 1516 1627 neminem

293 1691 392 1765 posse
411 1668 598 1757 maculari,
614 1693 684 1743 non
708 1669 884 1742 malorum
911 1665 1016 1740 factis
1041 1665 1333 1753 consentientem,
1358 1689 1403 1740 ne
1428 1664 1520 1762 ipsis

293 1780 450 1878 peccatis
466 1781 764 1856 communicando
780 1782 971 1880 polluatur,
990 1780 1050 1854 sed
1069 1789 1210 1877 propter
1228 1778 1432 1855 societatem
1459 1778 1519 1852 bo

293 1916 418 1967 norum
439 1893 549 1967 malos
566 1905 751 1992 tamquam
771 1894 890 1993 paleas
912 1919 1025 1992 usque
1052 1895 1097 1968 ad
1122 1894 1286 1968 ultimam
1312 1893 1518 1969 ventilatio·

292 2032 374 2082 nem
392 2007 430 2081 in
447 2033 529 2082 area
547 2007 727 2083 dominica
744 2008 965 2084 tolerantem.
983 2007 1080 2082 Idem
1099 2007 1137 2081 iu
1154 2006 1245 2081 libro
1266 2007 1308 2083 de
1328 2006 1516 2104 baptismo,

292 2122 331 2194 Si
349 2121 434 2194 mali
451 2122 558 2196 bonos
575 2122 613 2194 in
631 2123 770 2196 unitate
787 2121 1044 2210 contaminant,
1062 2120 1200 2194 nullam
1219 2120 1289 2194 iam
1314 2118 1515 2196 aecclesiam

291 2235 352 2309 cui
370 2234 566 2309 sociaretur
584 2234 790 2331 Cyprianus
806 2234 958 2308 invenit.
976 2235 1014 2308 Si
1027 2245 1148 2308 autem
1163 2233 1249 2307 mali
1262 2233 1371 2308 bouos
1384 2235 1421 2307 in
1435 2234 1519 2308 uni-

291 2356 364 2421 tate
382 2371 451 2421 nou
467 2346 659 2436 maculant,
673 2347 811 2421 nullam
825 2372 972 2424 causam
985 2347 1219 2445 separationis
1232 2347 1433 2443 sacrilegus
1447 2351 1517 2423 Do-

291 2459 424 2535 natista
442 2460 613 2559 proponit.

833 2593 968 2679 CXXV.

445 2790 528 2841 Item
540 2789 627 2842 idem
639 2789 671 2839 in
684 2800 830 2842 sermone
844 2791 949 2843 sancti
962 2790 1113 2842 Iohannis
1127 2791 1218 2842 ouius
1231 2789 1355 2841 initium

698 2879 749 2931 est
766 2877 873 2930 Hodie
893 2877 1104 2930 dilectissimi.

386 3031 562 3106 Iohannes
584 3031 805 3129 impietatem
831 3031 928 3127 regis
956 3031 1116 3121 Herodis,
1133 3031 1196 3130 qui
1220 3056 1363 3107 uxorem
1391 3032 1517 3107 fratris

291 3144 450 3221 viventis
472 3146 655 3221 invaserat
679 3146 823 3245 publica
848 3144 1061 3219 auctoritate
1078 3144 1353 3243 condempnans,
1370 3154 1514 3244 proptor

290 3257 466 3333 iustitiam
485 3259 636 3357 perdidit
654 3260 779 3346 vitam,
798 3259 859 3334 sed
877 3258 1040 3333 lucratus
1058 3268 1111 3334 est
1128 3258 1292 3354 gloriam.
1310 3263 1356 3334 Et
1374 3282 1436 3332 nos
1462 3259 1517 3333 in·

288 3371 429 3446 tendum
448 3395 510 3468 pro
527 3372 646 3467 gratia
664 3371 848 3446 homiuum
868 3369 927 3446 rel
945 3371 1084 3445 timoris
1096 3371 1286 3446 offensione
1300 3371 1516 3469 proferimus

288 3481 529 3558 adulationem
547 3494 582 3558 et
599 3483 789 3558 vendimus
807 3485 1009 3573 veritatem,
1026 3509 1096 3558 non
1113 3485 1281 3560 timentes
1306 3485 1397 3560 illud
1421 3485 1515 3583 quod

288 3592 498 3696 terribiliter
515 3595 688 3691 scriptum
707 3604 770 3668 est.
788 3596 827 3669 si
845 3620 915 3671 nou
936 3597 1211 3673 annuntiaveris
1236 3599 1358 3697 iniquo
1383 3597 1517 3696 iniqui·

287 3714 398 3780 tatem
415 3731 529 3793 suam,
546 3707 762 3804 sanguinem
780 3707 858 3785 eius
883 3710 926 3787 de
952 3736 1061 3784 mauu
1088 3723 1151 3785 tua
1176 3713 1366 3808 requiram.
1391 3711 1516 3788 Solent

287 3828 407 3893 tamen
425 3820 641 3918 aliquotiens
659 3822 817 3896 doctores
835 3822 1006 3899 aecolesiae
1023 3847 1093 3898 non
1111 3847 1172 3923 pro
1190 3824 1421 3920 neglegentia
1434 3839 1516 3922 peo-

287 3935 448 4007 cantium
466 3934 511 4009 ab
530 3934 771 4033 increpatione
789 3960 940 4025 cessare,
957 3937 1019 4012 sed
1035 3937 1120 4034 quia
1137 3959 1197 4012 eos
1213 3938 1342 4011 timent
1359 3936 1436 4037 ipsa
1456 3962 1516 4013 ca·

288 4044 483 4140 stigatione
501 4047 546 4121 ad
564 4048 698 4122 maiora
717 4048 809 4121 mala
822 4044 1059 4148 prorumpere.
1073 4050 1221 4137 Quando
1234 4074 1295 4148 pro
1306 4051 1375 4127 hac
1393 4077 1430 4126 re
1442 4073 1515 4125 nou

286 4159 481 4256 praedioant
497 4161 707 4251 sacerdotes,
720 4185 791 4237 non
809 4172 957 4260 possunt
975 4163 1105 4238 habere
1118 4163 1160 4238 de
1173 4163 1422 4239 taciturnitate
1435 4187 1516 4261 pec·

287 4281 420 4360 catum,
438 4273 522 4370 quia
538 4273 593 4348 sic
612 4274 681 4348 viri
698 4274 778 4348 boni
798 4275 978 4350 interdum
1000 4301 1045 4350 ex
1062 4277 1151 4350 dura
1177 4276 1418 4374 increpatione
1439 4300 1524 4351 con·

286 4385 472 4479 rigantur,
490 4383 540 4458 ita
558 4409 577 4460 e
594 4398 718 4460 eontra
735 4387 842 4460 etiam
861 4389 1004 4487 superbi
1019 4388 1204 4464 lenissima
1216 4389 1455 4464 admonitione
1468 4390 1515 4465 ad

286 4497 402 4591 peiora
416 4496 613 4593 praecipitia
627 4502 975 4595 provocantur.Nam
990 4499 1028 4575 iu
1039 4510 1180 4576 tantum
1192 4500 1519 4605 predicatores&
