3608 5498
667 413 865 486 ..445-

158 545 257 636 peret
274 537 476 634 imperator,
493 558 716 633 nequaquam
735 560 756 608 a
774 532 913 608 caeteris
931 531 1107 608 ministris
1123 532 1262 608 deserta
1280 531 1382 630 plebe

158 651 334 726 catholica
351 674 430 748 quae
455 650 492 722 in
512 649 726 723 Alexandria
751 646 1005 722 commonebat.
1023 647 1114 722 Cum
1141 655 1263 720 autem
1282 644 1380 743 plebs

159 774 291 854 manet,
309 775 344 840 et
362 763 518 837 ministri
540 763 701 860 fugiunt,
717 760 1028 859 ministeriumque
1042 758 1278 849 subtrahitur,
1295 759 1382 857 quid

159 875 256 950 enirn
271 876 341 950 nisi
357 877 682 952 mercennariorum
692 876 756 949 illa
770 874 858 970 fuga
871 873 1086 948 damnabilis
1099 873 1229 970 quibus
1242 896 1312 947 non
1327 883 1382 949 est

160 1013 250 1063 cura
267 990 309 1064 de
334 989 486 1064 ovibus?
502 990 636 1065 Veniat
659 999 780 1064 autem
806 988 913 1088 lupus
927 1012 996 1076 non
1013 987 1117 1062 homo
1134 988 1194 1063 sed
1211 987 1383 1077 diabolus,

159 1101 220 1199 qui
239 1102 449 1201 plerumque
467 1103 553 1178 fides
570 1112 747 1200 apostatas
764 1127 841 1178 esse
859 1103 1046 1201 persuasit,
1062 1102 1193 1200 quibus
1210 1102 1380 1177 cotidiani

93 1228 99 1239 '
159 1214 358 1290 ministerio
373 1215 516 1288 Domini
538 1215 703 1313 Corporis
727 1216 899 1316 pabulum
925 1217 1048 1306 defuit,
1065 1226 1102 1291 et
1125 1216 1261 1316 peribet
1285 1216 1384 1289 infir·

162 1354 242 1402 mus
259 1329 376 1403 intua
394 1352 465 1402 non
483 1328 633 1404 scientia
656 1329 716 1404 scd
742 1330 957 1426 ignorantie,
974 1331 1087 1406 frater
1111 1341 1249 1428 propter
1275 1355 1382 1428 quom

160 1441 327 1518 Christus
345 1452 507 1517 mortuus
524 1447 602 1518 est?
618 1446 666 1519 Et
682 1443 785 1519 infra.
803 1445 925 1541 Magis
941 1445 1132 1520 timeamus
1145 1470 1190 1520 ne
1204 1471 1312 1521 sensu
1330 1445 1384 1518 in·

160 1555 289 1631 teriore
307 1567 474 1653 corrupto
490 1566 611 1654 pereat
627 1557 774 1631 castitas
792 1558 884 1646 fidei,
901 1582 1006 1656 quam
1026 1583 1071 1633 ne
1089 1559 1231 1633 feminae
1248 1557 1382 1633 violen-

161 1678 216 1743 ter
234 1680 532 1768 construprentur
549 1670 586 1744 in
609 1675 745 1746 carne?
762 1672 854 1758 Quia
872 1670 1041 1746 violentia
1058 1694 1129 1745 non
1147 1670 1302 1746 violatur
1319 1695 1383 1768 pu·

158 1781 292 1870 dicitia,
317 1784 348 1857 si
374 1799 493 1859 mente
521 1793 696 1858 servatur.
722 1783 896 1871 Quoniam
922 1799 989 1859 n‘ec
1015 1785 1053 1857 in
1079 1808 1187 1858 carne
1212 1782 1381 1871 violatur,

159 1896 299 1992 quando
314 1896 482 1971 noluntas
498 1896 668 1995 patientis
685 1922 750 1970 sua
767 1898 921 1995 turpiter
937 1923 1044 1973 carne
1062 1897 1234 1983 nutritur,
1251 1898 1312 1972 sed
1338 1897 1384 1971 si·
1449 1949 1453 1956 -

159 2034 205 2084 ne
222 2032 398 2085 consensu
423 2009 552 2085 tolerat
577 2010 667 2107 quod
692 2010 787 2084 alius
811 2021 986 2109 operatur.
1003 2015 1085 2085 Non
1111 2012 1196 2109 quia
1222 2012 1292 2085 ista
1309 2035 1381 2085 non

160 2123 235 2198 sint
251 2123 398 2197 vitanda
416 2148 500 2198 cum
514 2124 660 2220 possint,
670 2124 731 2198 sed
745 2124 828 2221 quia
845 2123 964 2220 potius
981 2123 1123 2199 ferenda
1138 2134 1234 2212 sunt,
1244 2124 1383 2221 quando

162 2235 272 2311 vitari
290 2237 367 2313 sino
384 2237 567 2335 impietate
584 2260 653 2311 non
673 2246 833 2335 possunt.
849 2241 896 2312 Et
916 2237 1070 2311 infra.Si
1087 2247 1206 2312 autem
1227 2236 1383 2312 ministri
1436 2232 1438 2236 ’

161 2349 275 2424 assint
288 2374 351 2448 pro
363 2350 502 2424 viribus
515 2375 604 2448 quas
616 2350 668 2426 eis
679 2353 852 2425 Dominus
865 2350 1116 2425 subministrat
1128 2350 1292 2425 omnibus
1302 2351 1384 2424 sule

162 2464 318 2538 venitur.
336 2463 410 2538 Alii
436 2464 673 2561 baptizantur,
698 2463 761 2536 alii
787 2463 1077 2546 reconciliantur,
1093 2463 1186 2536 nulli
1204 2462 1383 2538 Dominici

161 2577 326 2675 Corporis
339 2578 587 2653 communione
600 2578 824 2664 fraudantur,
833 2600 956 2652 omnes
968 2575 1208 2665 consolantur,
1218 2575 1385 2650 edifican-

160 2699 231 2778 tur,
248 2700 467 2780 exortantur,
480 2701 521 2765 ut
538 2693 651 2766 Deum
670 2700 798 2786 rogent
814 2691 876 2788 qui
895 2701 1017 2788 potens
1035 2699 1090 2765 est
1106 2689 1225 2763 omnia
1242 2713 1322 2787 quae
1339 2689 1383 2763 ti·

161 2813 306 2877 mentur
329 2814 503 2881 avertere.
520 2804 641 2878 Parati
658 2805 703 2878 ad
720 2815 926 2900 utrumque,
944 2812 985 2877 ut
1001 2801 1031 2875 si
1049 2826 1119 2876 non
1137 2811 1251 2898 potest
1267 2801 1311 2876 ab
1329 2800 1381 2876 eis

160 2917 256 2992 calix
273 2917 340 2993 iste
357 2918 522 3007 transire,
535 2919 598 2992 fiat
615 2918 783 2994 voluntas
799 2917 887 3016 eius,
904 2915 964 3013 qui
983 2914 1067 2988 mali
1085 2913 1222 3011 aliquid
1239 2937 1308 2989 non
1327 2937 1385 3012 po·

160 3040 230 3105 test
248 3031 350 3106 velle.
364 3035 410 3106 Et
427 3031 531 3105 infra.
549 3033 711 3129 Denique
727 3039 875 3105 sanetus
893 3027 1008 3101 David
1024 3052 1070 3102 ne
1087 3051 1124 3102 se
1142 3025 1385 3102 committeret

160 3143 331 3242 periculis
352 3144 566 3242 proeliorum,
583 3153 619 3218 et
640 3141 801 3218 fortassis
826 3139 1100 3236 extingueretur
1125 3139 1221 3214 sicut
1246 3139 1305 3212 ubi
1332 3139 1384 3212 di·

160 3267 259 3331 ctum
284 3267 338 3333 est
363 3257 511 3334 lucerna
528 3256 687 3345 Israel,a
713 3256 787 3330 suis
811 3253 879 3328 hoe
904 3252 1106 3350 petentibus
1131 3251 1286 3349 sumpsit
1312 3274 1383 3325 non

160 3369 236 3466 ipse
251 3368 318 3446 hoc
336 3369 571 3469 praesumpsit.
591 3367 759 3466 Alioquin
773 3366 904 3442 multos
922 3365 1119 3440 imitatores
1137 3365 1264 3440 fecisse
1280 3364 1384 3460 igna-

160 3482 240 3569 viae,
253 3482 314 3578 qui
331 3506 414 3556 eum
434 3481 620 3556 crederent
636 3480 701 3555 hoc
718 3480 846 3557 feeisse
860 3504 930 3555 non
954 3478 1235 3555 consideratione
1248 3476 1386 3553 utilita-

162 3595 210 3670 tis
226 3594 390 3682 aliorum,
407 3594 467 3669 sed
492 3619 567 3668 sure
584 3592 847 3690 perturbatione
872 3592 1085 3667 formidinis.
1103 3596 1149 3667 Et
1173 3591 1279 3690 paulo
1297 3601 1385 3690 post.

163 3707 261 3794 Quod
279 3707 308 3780 si
335 3718 482 3782 eotenus
499 3705 615 3780 seviat
639 3703 704 3777 illa
730 3706 916 3802 pernicies,
933 3715 975 3782 ut
992 3705 1083 3781 solos
1103 3705 1285 3780 ministros
1309 3729 1386 3803 per·

162 3830 341 3918 sequatur.
363 3818 457 3907 Quid
473 3817 658 3893 dicemus?
680 3824 737 3891 An
756 3818 988 3918 relinquenda
1006 3837 1061 3894 est
1086 3843 1107 3891 a
1129 3817 1305 3894 ministris
1326 3818 1379 3891 fu·

161 3933 346 4029 gientibus
362 3931 534 4018 aecclesia,
551 3956 596 4006 ne
612 3956 634 4004 a
653 3931 886 4007 morientibus
905 3930 1158 4029 relinquatur?
1175 3930 1245 4005 Sed
1262 3929 1293 4003 si
1320 3929 1385 4002 lai·

161 4048 195 4122 ci
214 4070 282 4122 non
305 4055 517 4144 quaeruntur
530 4045 574 4119 ad
589 4056 749 4135 mortem,
762 4054 911 4143 possunt
926 4042 1108 4118 occultare
1125 4065 1265 4140 quoquo
1282 4041 1384 4116 modo

161 4162 340 4259 episcopos
357 4169 392 4235 et
408 4158 557 4235 clericos
573 4182 669 4248 suos,
686 4159 781 4234 sicut
806 4156 867 4232 ille
892 4155 1074 4231 adiuverit
1098 4155 1135 4227 in
1162 4155 1267 4229 cuius
1292 4164 1388 4252 pote·

161 4286 252 4348 state
268 4283 354 4348 sunt
370 4273 499 4360 omnia,
516 4272 578 4369 qui
595 4280 709 4368 potest
733 4281 769 4345 et
794 4292 863 4342 non
888 4269 1072 4365 fugientes
1096 4291 1158 4364 per
1184 4266 1385 4342 mirabilem

160 4410 372 4461 conservare
389 4385 591 4483 potentiam.
609 4387 657 4459 Et
674 4383 778 4457 inira.
795 4386 1020 4480 Quamquam
1038 4380 1069 4454 si
1088 4380 1182 4454 inter
1195 4381 1261 4455 Dei
1280 4379 1387 4453 mini-

162 4511 255 4573 stros
279 4499 361 4574 inde
384 4498 433 4574 sit
456 4495 676 4595 disceptatio,
694 4496 780 4594 quia
797 4517 921 4570 eorum
938 4502 1120 4582 maneant,
1136 4516 1184 4568 ns
1206 4493 1297 4597 fuga
1323 4493 1386 4565 fiat
