3608 5498
804 326 936 388 -504
966 359 1001 372 -

288 446 384 520 iufra
401 446 597 521 terminum
616 470 721 544 quem
735 445 832 520 idem
851 446 994 542 legatus
1011 444 1238 521 constituerit
1259 443 1359 530 mihi,
1383 470 1516 520 raven-

288 569 431 633 nantem
454 557 797 658 archiepiscopatum
819 561 915 633 omni
933 560 1073 635 sublata
1098 559 1292 646 occasione,
1310 558 1367 633 vel
1386 549 1516 634 fraude

288 673 477 747 dimittam.
495 675 541 746 llt
559 698 640 747 cum
656 673 746 746 bona
760 672 826 747 fide
840 675 996 764 studebo,
1010 684 1187 772 quatenus
1205 673 1364 749 aecclesia
1378 673 1440 746 illa
1460 699 1517 748 se-

290 787 448 861 cundum
476 788 588 858 Deum
607 785 800 873 ordinetur,
818 785 930 860 nichil
948 789 1110 862 lecturus
1128 775 1205 884 (sic)
1225 812 1280 862 me
1297 786 1431 862 sciente
1451 811 1516 884 per

288 924 345 971 mc
361 910 426 973 aut
443 923 504 996 per
520 897 676 995 aliquam
695 921 881 998 personam
898 926 919 973 a
937 926 993 976 me
1015 902 1257 989 summissam,
1275 901 1512 991 undeeadem

293 1011 467 1100 aecclesia,
484 1011 543 1085 vel
561 1010 681 1087 clerici
696 1011 773 1086 eius
791 1036 867 1087 meo
884 1015 1000 1088 studio
1022 1014 1081 1090 vel
1106 1014 1277 1102 auralitia,
1294 1013 1436 1102 lesione,
1454 1014 1515 1089 vel

288 1126 542 1201 detrimentum
559 1116 750 1225 accipiant,
771 1151 887 1224 neque
908 1126 1026 1224 aliquo
1045 1127 1226 1202 inveniam
1246 1127 1372 1216 studio,
1391 1139 1436 1212 ut,
1448 1129 1517 1202 Ro·

292 1262 398 1312 mano
415 1238 534 1334 legato
552 1237 750 1313 resistatur.
767 1238 805 1311 Si
823 1264 879 1314 me
897 1244 1004 1314 Deus
1257 1239 1259 1242 ’

317 1395 536 1446 loramentum
555 1394 624 1445 eius
644 1395 701 1460 qul
720 1393 801 1446 dicit
822 1407 858 1447 se
878 1407 941 1446 non
959 1382 1107 1458 potuisse
1126 1394 1236 1446 venire
1254 1380 1303 1444 ad'
1318 1392 1487 1459 synodum.

495 1551 496 1554 Ἴ
591 1475 641 1525 Ex
659 1476 687 1525 V
707 1473 788 1526 libro
809 1474 956 1527 eiusdem
977 1486 1049 1538 cap.
1069 1475 1169 1525 xv11.

385 1590 463 1681 Ego
480 1589 664 1660 Manasses
682 1587 867 1661 Remensis
879 1586 1166 1685 archiepiscopus
1184 1609 1245 1685 pro
1258 1586 1422 1683 superbia
1441 1610 1512 1660 non

290 1700 420 1788 dimisi,
433 1699 525 1797 quod
538 1723 607 1775 non
621 1700 757 1774 veniad
768 1701 944 1798 synodum
957 1701 1337 1795 Augustuduneusem,
1350 1700 1513 1796 adquam

292 1840 348 1889 me
369 1815 514 1890 vocavit
530 1815 673 1911 legatus
691 1816 808 1890 domni
829 1820 933 1911 Papa
951 1812 999 1886 ill.
1016 1816 1141 1911 Itaque
1163 1813 1193 1886 si
1212 1822 1360 1888 vocatus
1389 1812 1517 1887 nuntio

289 1928 348 2003 vel
368 1928 498 2003 litteris
519 1928 707 2026 apostolice
726 1929 819 2004 sedis
837 1929 947 2015 fuero,
965 1926 1064 2000 nullo
1087 1926 1178 2001 malo
1195 1926 1342 2021 ingenio
1359 1936 1395 2001 et
1413 1925 1517 1998 nulla

288 2043 413 2117 fraude
436 2068 491 2117 me
508 2042 726 2117 subtraham.
745 2044 813 2118 Sed
828 2041 977 2117 veniens
991 2040 1195 2114 diffinitioni
1209 2053 1243 2115 ot
1258 2040 1389 2116 iudicio
1406 2039 1516 2113 huius

289 2154 450 2254 aeoclesie
468 2155 620 2230 fideliter
637 2155 806 2231 obediam.
824 2155 923 2242 Quod
946 2154 977 2226 si
1003 2154 1143 2233 domino
1161 2157 1265 2250 Papus
1283 2152 1334 2225 ill.
1359 2152 1415 2226 vel
1433 2177 1515 2250 suo·

288 2267 419 2343 cessori
438 2291 502 2341 suo
519 2269 696 2366 placuerit
722 2294 777 2343 me
803 2270 845 2344 de
871 2266 1019 2343 obiectis
1044 2277 1127 2341 aute
1145 2265 1306 2362 legatum
1332 2291 1441 2338 suum
1465 2291 1517 2339 re-

290 2381 475 2479 spondere,
489 2383 581 2457 idem
597 2383 787 2479 peremnia
801 2383 942 2457 faciam.
952 2379 1151 2454 Thesauros
1165 2403 1249 2455 voro
1262 2392 1297 2455 et
1306 2392 1517 2454 ornamenta

287 2508 324 2571 et
337 2495 456 2593 predia
466 2496 651 2570 Remeusis
660 2495 829 2571 ecclesie
844 2494 932 2569 mihi
946 2493 1155 2583 commissae,
1164 2495 1207 2567 ad
1220 2494 1386 2568 honorem
1397 2494 1513 2592 ipsius

287 2609 448 2685 eeclesia
466 2609 616 2684 fideliter
628 2609 798 2696 tractabo,
810 2620 846 2683 et
858 2609 902 2682 ad
917 2607 1152 2683 resistendum
1172 2609 1313 2683 iusticie
1327 2632 1368 2681 ea
1386 2631 1455 2681 nou
1473 2633 1512 2680 a·

287 2720 436 2809 lienaho,
458 2744 572 2818 neque
589 2721 708 2819 aliquo
726 2721 844 2795 studio
857 2721 1023 2796 inveniar
1038 2732 1078 2795 ut
1092 2725 1258 2796 Romana
1272 2721 1443 2817 legationi
1459 2747 1512 2796 ro·

289 2834 448 2910 sistatur.
466 2835 504 2908 si
524 2859 580 2908 me
599 2837 705 2909 Deus.

301 3006 521 3058 loramentum
540 3004 670 3057 comitis
688 3005 872 3069 provinciae.
893 3007 942 3056 Ex
967 3005 1042 3056 v111
1063 3003 1120 3058 lib.
1137 3002 1284 3056 ciusdem
1297 3015 1369 3067 cap.
1384 3004 1500 3054 XXVI.

385 3170 463 3262 Ego
480 3166 712 3241 Beriramnus
726 3166 789 3239 Dei
815 3168 934 3261 gratia
952 3189 1071 3241 comos
1089 3165 1282 3262 provincias
1299 3165 1342 3238 ab
1368 3190 1410 3239 ac
1428 3163 1516 3238 hora

289 3279 468 3377 deinceps,
486 3278 600 3353 fidelis
613 3302 673 3353 ero
686 3283 807 3353 Sancto
817 3283 921 3354 Petro
934 3290 970 3354 et
983 3279 1047 3353 tibi
1062 3280 1201 3353 domino
1216 3303 1292 3353 meo
1306 3282 1410 3378 Papae
1429 3281 1517 3354 Gre-

288 3393 388 3489 gorio
401 3403 437 3467 et
449 3402 583 3466 sanctae
596 3395 762 3466 Romanae
776 3393 990 3468 aeoclesiaeet
1003 3395 1146 3468 cunctis
1166 3392 1429 3468 successoribus
1441 3393 1517 3467 tuis

289 3506 349 3604 qui
369 3531 430 3604 per
456 3505 617 3580 meliores
638 3505 838 3579 cardinales
864 3506 1092 3581 intraverint.
1112 3510 1158 3583 lu
1184 3506 1285 3580 nullo
1310 3515 1428 3580 vestro
1455 3506 1514 3580 da·

236 3627 238 3630 ’
291 3618 458 3708 ιηιιο,νθΙ
477 3630 600 3693 sancto
622 3622 787 3693 Romanae
804 3621 975 3696 aecclesias
997 3646 1051 3695 me
1073 3621 1207 3697 sciente
1224 3621 1454 3695 consentiam.
1473 3622 1513 3694 Si

289 3758 345 3808 me
359 3735 464 3808 Deus.
479 3735 643 3806 Preterea
659 3733 896 3827 promissione
914 3744 1139 3834 peccatorum
1159 3758 1317 3809 meorum
1335 3744 1371 3809 et
1389 3758 1514 3831 paren-

290 3848 382 3922 tium
410 3870 568 3922 meorum
594 3846 710 3935 offero,
727 3847 889 3936 concedo,
915 3849 1004 3923 dono
1025 3871 1172 3923 omnem.
1187 3848 1354 3924 honorem
1382 3873 1514 3938 meum,

287 3971 462 4060 quantum
488 3959 533 4032 ad
552 3985 606 4034 me
628 3959 704 4034 iure
724 3971 909 4057 pareutum
930 3986 1089 4036 meorum
1108 3963 1262 4057 pertinet
1278 3962 1513 4060 omnipotenti

286 4077 369 4161 Deo,
382 4083 418 4147 et
432 4072 608 4171 Apostolis
622 4073 699 4146 eius
719 4078 822 4147 Petro
835 4085 871 4147 et
884 4074 1005 4162 Paulo,
1021 4085 1057 4149 et
1070 4075 1211 4149 domino
1226 4099 1303 4149 meo
1321 4077 1391 4147 Vll
1406 4077 1511 4170 Papae

289 4189 462 4282 Gregorio
482 4197 518 4261 et
544 4186 724 4284 prophetis
742 4189 1008 4262 successoribus
1030 4190 1119 4275 eius,
1140 4188 1190 4261 ita
1209 4199 1249 4262 ut
1266 4188 1439 4285 quidquid
1460 4187 1515 4262 eis

287 4299 474 4396 placuerit,
487 4299 654 4396 deinceps
671 4300 712 4375 de
728 4325 782 4375 me
800 4301 894 4375 etde
912 4312 983 4376 toto
1000 4303 1130 4378 honore
1150 4324 1227 4376 meo
1244 4302 1322 4376 sine
1338 4300 1413 4374 ulla
1431 4323 1513 4375 oon-

289 4412 501 4495 tradictione
528 4413 672 4493 saciant.
691 4414 887 4494 AEcelcsias
903 4424 1021 4495 autem
1037 4438 1160 4493 ornnes
1177 4437 1257 4518 quae
1274 4413 1312 4486 in
1328 4437 1405 4487 mea
1423 4423 1518 4517 potc-
