3608 5498
832 384 1012 455 -55-.

297 509 443 607 sbytero
460 511 626 582 fflmanae
644 504 815 581 Ecclesiae
832 503 949 580 sancti
967 502 1126 601 Apostoli
1144 504 1254 592 Petri,
1270 505 1403 581 etitem
1419 513 1526 583 Petro

299 618 587 696 reverentissimo
607 618 823 715 Presbytero
847 626 883 691 et
900 616 1037 691 Abbate
1060 618 1267 693 monasterii
1290 620 1406 695 sancti
1424 621 1526 696 Sabae

297 737 417 809 Roma
432 732 506 821 siti,
524 730 761 808 retinentibus
777 732 896 807 locum
913 728 1125 825 Apostolicoe
1143 730 1256 819 Sedis,
1272 730 1359 805 almi
1384 743 1421 809 et
1446 758 1526 808 san·

297 845 450 922 ctissimi
465 844 731 942 Archiepiscopi
744 844 895 920 senioris
908 847 1025 918 Βοωω
1039 844 1200 934 Adriani,
1214 856 1251 920 et
1262 847 1431 922 Tharasio
1444 873 1527 922 san·

298 949 458 1036 ctissimo
469 957 746 1056 Archiepiscopo
756 958 880 1054 magni
894 957 1049 1033 nominis
1059 959 1410 1057 Constantinopoleos
1422 985 1524 1037 nova

298 1076 430 1161 Romae,
448 1086 485 1147 et
509 1071 664 1145 Iohanne
690 1094 732 1144 ac
757 1068 891 1143 Thoma
918 1072 1218 1147 reverentissimis
1240 1074 1465 1171 Presbyteris
1489 1086 1526 1151 et

297 1184 496 1272 monachis,
514 1193 551 1259 et
567 1183 715 1257 vicariis
731 1183 843 1257 trium
857 1184 1131 1281 apostolicarum
1146 1187 1284 1261 sedium
1297 1188 1525 1263 orientalium

295 1299 484 1387 dioceseos,
499 1307 535 1373 et
549 1297 688 1395 Agapio
705 1295 879 1394 Episcopo
897 1298 1117 1394 Capadocioe,
1134 1311 1169 1375 et
1182 1300 1339 1376 Iohanne
1353 1302 1524 1401 Episcopo

296 1410 429 1509 Ephesi
447 1419 482 1486 et
499 1408 641 1485 ceteris.
658 1413 747 1485 Item
762 1408 798 1482 in
813 1411 1133 1510 subscriptionibus
1144 1415 1338 1489 actionum.
1354 1418 1396 1489 In
1413 1416 1523 1491 nomi·

296 1549 340 1601 ne
354 1522 496 1598 Domini
511 1522 623 1597 nostri
638 1522 745 1597 Ihesu
759 1521 906 1597 Christi.
919 1528 1048 1600 Petrus
1062 1526 1304 1603 misericordia
1317 1529 1381 1603 Dei
1396 1529 1524 1604 Archi·

295 1637 484 1736 presbyter
502 1645 636 1712 sanctas
653 1635 717 1711 Dei
735 1636 920 1712 catholicae
936 1649 972 1714 et
987 1639 1191 1737 apostolicae
1209 1639 1391 1727 Ecclesiae,
1414 1652 1450 1716 et
1475 1641 1522 1717 lo

296 1779 379 1829 cum
396 1750 579 1849 complens
597 1749 747 1824 Adriani
765 1750 996 1841 sanctissimi,
1009 1763 1045 1828 et
1058 1752 1239 1851 apostolici
1254 1757 1359 1852 Paper
1372 1756 1522 1831 senioris

297 1869 417 1940 Romae
433 1887 556 1939 omnes
575 1863 749 1960 recipiens
766 1865 829 1962 qui
847 1865 1011 1941 conversi
1030 1867 1175 1942 suntab
1193 1868 1302 1966 impia
1327 1867 1445 1943 heresi
1472 1895 1524 1945 re·

296 1978 521 2077 probantium
548 1977 770 2053 venerabiles
796 1979 987 2076 imagines,
1011 1982 1208 2056 secundum
1234 1981 1461 2057 traditionem
1486 1992 1523 2058 et

294 2094 491 2171 doctrinam
509 2103 715 2168 sanctorum
733 2098 882 2168 Petrum
900 2106 1113 2185 nostrorum,
1129 2095 1247 2170 omnia
1261 2120 1340 2194 qua
1355 2097 1521 2194 superius

293 2209 448 2284 offerunt
464 2207 661 2305 approbans
674 2218 710 2283 et
723 2208 950 2284 consentiens
964 2208 1168 2306 subscripsi.
1182 2212 1310 2284 Petrus
1323 2209 1521 2285 misericor-

294 2322 352 2397 dia
361 2321 426 2397 Dei
438 2320 641 2419 Presbyter,
654 2333 690 2396 et
704 2325 946 2419 Eugymeuus
960 2323 1150 2398 monasteri
1166 2322 1282 2399 sancti
1297 2321 1409 2412 Sahae,
1421 2331 1521 2398 etce-

293 2449 370 2512 tera
387 2444 428 2509 ut
445 2460 563 2532 supra.
580 2435 775 2509 Tharasius
792 2435 1037 2512 misericordia
1055 2435 1120 2511 Dei
1137 2434 1335 2533 Episcopus
1348 2435 1521 2510 Constan-

292 2548 484 2646 tinopoleos
501 2572 601 2624 novae
619 2552 737 2623 Romae
753 2549 930 2624 similiter.
955 2554 1003 2624 Et
1026 2558 1105 2646 post
1129 2548 1196 2625 hoc
1218 2550 1519 2649 subscripserunt.

293 2662 469 2738 lohannes
486 2671 521 2738 et
538 2662 693 2737 Thomas
710 2662 930 2760 Presbyteri,
946 2675 982 2739 et
1000 2662 1139 2738 Vicarii
1164 2663 1274 2737 trium
1302 2663 1519 2762 Apostolioa·

293 2802 373 2850 rum
392 2775 538 2851 sedium
556 2775 794 2866 Alexandria,
810 2786 847 2851 et
865 2777 1076 2866 Antiochiae,
1088 2787 1125 2852 et
1138 2777 1465 2870 Hierosolimorum,
1482 2788 1520 2855 et

293 2888 458 2989 Episcopi
476 2912 625 2964 numero
642 2890 771 2966 CCOL.

828 3122 988 3205 xxxvl.

387 3350 434 3423 Hi
443 3349 505 3446 qui
517 3360 693 3447 spernunt
708 3350 914 3447 magisteria
927 3359 1132 3424 sanctorum
1148 3352 1295 3423 Petrum
1309 3358 1346 3424 et
1357 3350 1516 3426 traditio-

290 3488 371 3537 nem
384 3461 578 3538 Catholicae
592 3461 762 3538 Ecclesiae
774 3463 996 3538 occasionem
1010 3463 1272 3561 praetendentes
1285 3473 1322 3539 et
1333 3489 1516 3541 assumen-

290 3586 344 3650 tes
363 3598 466 3651 voces
484 3574 593 3662 Arrii,
612 3583 648 3647 et
665 3576 832 3665 Nestorii,
857 3585 893 3651 et
917 3576 1132 3666 Euthicetis,
1155 3586 1191 3652 et
1217 3577 1387 3667 Dioscuri,
1408 3588 1516 3677 atque

290 3688 491 3788 perihentes
507 3689 600 3787 quod
616 3688 699 3764 inde
716 3690 827 3764 veteri
845 3715 888 3765 ac
905 3712 997 3765 novo
1014 3699 1229 3766 testamento
1241 3690 1428 3767 evidenter
1440 3692 1516 3769 fue·

290 3805 404 3878 rimus
420 3803 534 3878 edocti
552 3826 622 3878 non
640 3804 826 3902 sequimur
842 3802 1042 3880 doctrinam
1060 3812 1268 3879 sanctorum
1282 3807 1443 3893 Petrum,
1454 3829 1516 3879 ne·

289 3927 573 4017 quesanctarum
584 3917 844 3992 universalium
854 3916 1200 4017 synodorum,atque
1208 3915 1436 3991 traditionem
1449 3917 1515 3992 Ca·

290 4032 431 4108 tholicae
448 4030 631 4120 Ecclesia,
648 4033 849 4108 anathema.
867 4035 956 4109 Item
974 4032 1014 4106 in
1030 4032 1152 4107 eadem
1172 4057 1216 4107 ex
1233 4030 1347 4129 prima
1364 4030 1513 4107 actione.

289 4144 483 4220 Therasius
492 4145 688 4243 Episcopus
700 4146 953 4222 sanctissimus
963 4144 1174 4222 Patriarcha
1187 4144 1288 4220 dixit.
1296 4147 1455 4241 Legatur
1467 4145 1513 4219 ad

291 4261 560 4361 Ruphinianum
578 4263 687 4336 missa
703 4261 821 4338 sancti
840 4260 952 4358 patris
964 4260 1076 4336 nostri
1092 4258 1280 4334 Athanasii
1294 4257 1453 4356 epistola.
1465 4260 1513 4332 Et

289 4401 372 4450 cum
389 4376 505 4450 lectus
521 4383 616 4451 esset
631 4376 732 4451 locus
749 4375 810 4474 qui
828 4374 928 4464 dicit,
945 4374 996 4449 ita
1013 4373 1128 4449 uthis
1145 4373 1207 4473 qui
1224 4372 1359 4449 cadunt
1375 4371 1413 4446 in
1438 4396 1512 4448 ere·

290 4488 413 4575 simet
427 4497 586 4587 praesunt
598 4487 786 4587 impietati,
796 4489 1006 4587 ignoscatur
1020 4487 1163 4587 quidem
1176 4511 1260 4562 cum
1270 4483 1511 4585 penitentiam
