3608 5498
804 393 997 455 -1oo-

294 519 409 607 dibus,
434 517 631 593 secuudum
657 516 763 589 istam
791 515 884 590 beati
911 513 1110 610 Augustini
1136 511 1363 602 sententiam,
1388 513 1427 586 iu
1452 512 1521 588 sci-

293 642 407 708 smate
432 657 514 708 eum
540 656 616 706 esse
642 654 712 704 non
738 628 886 704 dubium
905 637 968 703 est.
986 632 1033 703 Et
1049 638 1173 703 contra
1192 626 1432 703 universalem
1454 653 1521 703 aec·

295 746 441 823 clesiam
467 746 581 820 altare
606 744 775 842 probatur
792 742 943 839 erigere.
961 742 1030 816 Sed
1047 741 1133 839 quid
1150 742 1192 816 de
1210 741 1344 815 talibus
1361 740 1521 815 insertus

293 860 547 938 Caloedoneusi
573 859 709 963 synodo
732 880 847 933 canon
872 864 1019 943 statuat,
1036 855 1152 952 gloria
1168 865 1290 930 vestra
1308 853 1518 931 consideret.

294 974 363 1050 Ubi
381 983 459 1072 post
474 973 545 1047 alia
563 973 615 1049 sic
632 972 730 1048 dicit.
749 970 841 1058 Quia
859 969 1107 1045 communione
1125 967 1356 1066 semetipsum
1373 991 1521 1067 suspen·

294 1088 347 1162 dit
371 1087 542 1163 aecclesia
567 1096 603 1162 et
627 1085 813 1162 collectam
839 1083 925 1159 fecit
949 1095 986 1159 et
1010 1084 1123 1159 altare
1144 1082 1332 1159 constituit
1348 1091 1385 1158 et
1401 1082 1518 1157 uoluit

292 1200 437 1277 vocanti
451 1200 623 1299 Episcopo
639 1197 852 1286 consentire,
869 1208 907 1273 et
924 1198 1039 1274 uoluit
1055 1199 1295 1298 acquiescere,
1307 1221 1423 1297 nequa
1439 1197 1516 1274 oba

293 1314 379 1402 dire,
397 1324 433 1389 et
457 1313 557 1412 prius
574 1323 610 1388 et
627 1312 782 1388 secundo
799 1312 943 1386 vocanti
961 1337 998 1388 se
1016 1312 1160 1388 omniuo
1176 1309 1351 1401 damnari,
1368 1335 1436 1387 nec
1453 1336 1520 1385 un-

292 1455 400 1527 quam
418 1429 477 1503 vel
495 1428 689 1503 orationem
707 1426 834 1502 mereri
851 1451 919 1503 nec
938 1426 1095 1524 recipere
1113 1451 1195 1502 eum
1221 1450 1321 1524 posse
1337 1424 1518 1500 bonorem.

292 1540 330 1615 Si
345 1540 442 1616 enim
457 1540 693 1638 permanserit
710 1541 834 1615 turbas
850 1538 999 1627 faciens,
1017 1548 1053 1614 et
1070 1539 1261 1614 seditiones
1277 1538 1438 1614 ecclesiae
1455 1561 1517 1637 per

292 1666 498 1730 extraneam
516 1664 723 1754 potestatem
744 1664 927 1753 tamquam
945 1653 1152 1729 seditiosum
1170 1652 1367 1751 comprimi.

830 1882 977 1966 cxlvi.

389 2109 561 2207 Pelagius
579 2110 770 2185 Valeriano
796 2109 945 2208 patricio
962 2111 1057 2185 inter
1082 2119 1210 2186 cetera.
1229 2110 1298 2185 Sed
1323 2133 1390 2186 nec
1411 2108 1519 2185 licuit

292 2223 483 2321 aliquando
500 2249 566 2299 neo
583 2223 706 2299 licebit
724 2223 978 2322 particularem
997 2224 1162 2300 sinodum
1185 2224 1227 2298 ad
1246 2223 1516 2298 diiudicandum

292 2335 499 2431 generalem
525 2336 702 2434 synodum
720 2338 946 2433 congregari.
964 2339 1033 2414 Sed
1049 2337 1354 2436 quotiens-aliqua
1371 2338 1414 2411 de
1437 2337 1518 2411 uni-

294 2449 427 2525 versali
453 2451 575 2525 sinodo
599 2450 780 2548 aliquibus
805 2451 979 2526 dubitatio
1004 2451 1178 2539 nascitur,
1203 2451 1248 2525 ad
1269 2449 1515 2547 recipiendum

292 2563 336 2638 de
359 2562 425 2638 huc
458 2564 551 2661 quod
584 2586 652 2636 non
680 2563 893 2661 intelligunt
918 2565 1103 2653 rationem,
1135 2572 1199 2637 aut
1231 2571 1354 2661 sponte
1379 2561 1417 2636 hi
1450 2562 1516 2662 qui

293 2678 447 2753 salutem
473 2679 602 2754 anima
627 2705 701 2754 suaa
718 2680 932 2768 desiderant,
949 2679 994 2753 ad
1010 2676 1222 2777 apostolicas
1239 2678 1340 2753 sedes
1360 2701 1423 2776 pro
1439 2702 1518 2776 per·

292 2792 457 2891 cipienda
482 2793 617 2869 rationo
650 2794 881 2883 conveniunt,
914 2787 978 2867 aut'
1003 2793 1033 2866 si
1068 2792 1156 2867 forte
1186 2791 1282 2867 sicut
1313 2790 1516 2867 dotalibus

293 2904 430 2980 dictum
455 2915 520 2994 est,
545 2916 709 3003 peccator
733 2932 818 2981 cum
851 2907 991 2982 venerit
1023 2907 1061 2980 in
1086 2906 1302 3004 profundum
1336 2905 1513 2980 malorum

291 3020 522 3117 contempnit,
547 3020 597 3093 ita
614 3019 781 3094 obstinati
806 3019 844 3093 bi
870 3030 906 3095 et
922 3031 1152 3098 contumaces
1177 3020 1377 3108 extiterint,
1398 3029 1440 3094 ut
1457 3020 1515 3095 do

293 3134 364 3207 ceri
384 3157 454 3206 non
479 3133 594 3208 velint
609 3157 668 3209 eos
685 3134 729 3208 ab
754 3134 887 3209 eisdem
908 3136 1121 3234 Apostolicis
1139 3134 1282 3210 sedibus
1298 3143 1363 3208 aut
1378 3132 1513 3208 attrahi

289 3247 335 3321 ad
359 3247 511 3322 salutem
537 3250 782 3346 quoquomodo
798 3273 943 3324 necesse
968 3260 1033 3339 est,
1050 3259 1114 3322 aut
1132 3274 1177 3324 ne
1193 3247 1345 3323 aliorum
1364 3247 1514 3346 perditio

289 3360 425 3456 possint
448 3384 536 3449 esse,
569 3363 766 3437 secundum
792 3386 946 3438 canones
980 3387 1041 3461 per
1068 3361 1248 3438 seculares
1280 3361 1431 3460 opprimi
1455 3385 1514 3460 po

288 3481 446 3547 aestates.

820 3703 987 3789 CXLVII.

385 3930 559 4027 Gregorio
584 3932 719 4028 Aregio
744 3932 918 4030 Episcopo
943 3931 1117 4007 Franciis.
1142 3934 1240 4007 Inter
1269 3942 1398 4008 cetera.
1428 3934 1512 4007 Pre-

288 4051 385 4118 terea
411 4044 612 4119 communis
637 4044 733 4118 filius
758 4044 927 4120 diaconus
950 4048 1080 4120 Petrus
1104 4045 1205 4120 uobis
1223 4045 1391 4122 innotuit.
1409 4044 1511 4132 Quod

287 4155 494 4231 fraternitas
522 4167 643 4232 vestra
672 4167 829 4255 tempore
858 4181 927 4256 quo
955 4157 1015 4234 bic
1041 4158 1112 4233 fuit
1142 4159 1338 4257 poposcerit
1371 4167 1412 4233 ut
1440 4158 1511 4233 sibi

288 4278 324 4344 et
348 4269 609 4345 Archidiacono
633 4293 698 4346 suo
722 4270 845 4346 utendi
867 4271 1070 4349 dalmaticis
1092 4273 1239 4349 licentia
1261 4274 1510 4371 praeberemus.

288 4383 416 4458 Sedet
442 4385 527 4481 quia
552 4384 603 4456 ita
626 4384 812 4459 homiuum
837 4407 982 4459 suorum
1014 4387 1222 4461 infirmitate
1251 4385 1435 4484 compulsa
1460 4386 1511 4459 f-

287 4495 464 4573 stinantei
487 4497 710 4588 abscesserit,
736 4508 777 4573 ut
808 4523 874 4574 uec
900 4499 1013 4597 ipsam
1049 4523 1164 4576 moror
1189 4499 1410 4588 incumbens,
1434 4498 1508 4588 diu,
