3608 5498
811 420 1007 483 -12'1-

765 601 1047 686 CLXXXVII.

797 759 847 808 Ex
864 756 1013 820 registro.

394 892 592 988 Gregorius
609 892 827 967 Maximiano
845 894 1074 989 Syracusano
1091 892 1264 992 Episcopo
1281 893 1374 969 inter
1391 905 1519 971 cetera.

298 1006 513 1081 visitatores
529 1006 773 1082 Ecclesiarum
791 1005 994 1103 Clericique
1010 1029 1132 1081 eorum
1151 1008 1212 1105 qui
1238 1032 1320 1083 cum
1347 1009 1435 1107 ipsis
1458 1034 1519 1108 per

297 1142 369 1194 non
381 1143 456 1193 suae
469 1119 627 1194 civitatis
641 1119 855 1217 parroechias
869 1119 1081 1215 fatigantur,
1094 1120 1233 1219 aliquid
1245 1121 1376 1197 laboris
1389 1124 1445 1197 sui
1463 1148 1520 1198 ca·

298 1233 398 1332 piant
414 1232 621 1331 disponente
638 1233 797 1309 subsidii.
815 1237 954 1308 Iustum
980 1259 1133 1332 namque
1158 1246 1213 1310 est
1238 1245 1279 1309 ut
1303 1235 1380 1311 illic
1401 1261 1521 1314 conse-

296 1358 455 1446 quantur
471 1347 699 1445 stipendium,
715 1371 785 1446 quo
803 1371 864 1445 pro
880 1357 1036 1445 tempore
1052 1375 1158 1424 suum
1176 1352 1398 1426 commodare
1424 1377 1520 1450 repe·

302 1461 447 1536 riuntur
464 1460 683 1559 obsequium.

780 1655 1029 1741 CLXXXVIII.

689 1872 737 1921 Ex
755 1872 895 1937 registro
914 1872 1047 1924 Honorii
1065 1874 1124 1938 Pp.

367 2032 544 2108 Honorius
561 2033 721 2121 Iohanni,
741 2034 902 2123 Andreae,
916 2032 1105 2133 Stephane,
1118 2042 1154 2108 et
1171 2038 1306 2110 Donato
1324 2037 1518 2136 Episcopis.

296 2147 523 2223 Prosentium
541 2148 670 2224 latores
695 2149 796 2222 iuxta
817 2146 1097 2224 ecclesiasticam
1116 2149 1342 2247 disciplinam
1361 2150 1516 2248 palleum

295 2283 360 2335 nos
377 2262 536 2360 Hypatio
553 2263 812 2361 Nicopolitanoe
828 2261 989 2337 ecclesie
1013 2262 1185 2336 diaconus
1209 2288 1315 2361 quem
1341 2253 1379 2337 in
1404 2265 1518 2339 sacris

294 2374 478 2450 ordinibus
497 2376 710 2474 Episcopum
727 2375 917 2450 ordinastis
936 2375 1078 2473 petierit
1103 2376 1195 2450 votis
1220 2377 1444 2477 supplicibus
1468 2378 1518 2452 di-

295 2487 497 2585 rigendum.
515 2493 562 2563 Et
578 2489 663 2588 quia
680 2490 757 2564 eins
774 2511 921 2586 persona
939 2488 1092 2589 pendula
1110 2513 1175 2564 nos
1190 2490 1370 2566 dubietate
1388 2490 1517 2567 sollici-

293 2611 360 2689 tat,
377 2627 423 2678 ne
440 2602 601 2678 fortassis
619 2603 656 2676 in
677 2629 764 2679 nece
791 2601 967 2678 Sotherici
992 2603 1138 2699 praefatc
1163 2602 1323 2679 civitatis
1343 2604 1518 2680 antistitis

294 2715 460 2791 videatur
477 2742 553 2792 esse
566 2717 772 2806 commixta,
791 2717 1009 2816 presentium
1027 2719 1259 2817 portitoribus
1272 2730 1447 2818 quantum
1460 2744 1518 2820 op

293 2830 461 2927 pinamur
474 2831 543 2906 visi
560 2857 686 2906 sumus
696 2831 887 2907 reddidisse
905 2853 1124 2926 responsum,
1138 2841 1179 2906 ut
1192 2842 1375 2930 assumpto
1389 2832 1518 2927 fatigio

292 2968 376 3018 cum
393 2945 578 3045 praesentit
598 2954 756 3045 tempora
767 2945 865 3042 pacis
873 2944 1087 3044 spatiantur,
1095 2945 1133 3018 in
1142 2946 1208 3020 has
1218 2970 1383 3021 romanas
1395 2958 1515 3047 partes

293 3057 416 3133 venire
433 3056 648 3157 deproperet,
665 3070 707 3134 ut
726 3058 975 3133 iusiurandum
992 3058 1030 3132 in
1057 3060 1277 3136 confessione
1293 3060 1386 3136 beati
1414 3061 1512 3137 Petri

294 3172 451 3272 Apostoli
470 3172 633 3271 prebeat,
651 3173 743 3271 quod
761 3173 860 3247 nullo
876 3172 954 3248 dolo
971 3174 1029 3248 vel
1046 3173 1310 3250 machinatione
1326 3200 1347 3247 a
1369 3200 1408 3249 se
1432 3200 1515 3251 oon-

292 3295 440 3376 structa,
465 3297 530 3361 aut
549 3287 631 3361 aliis
646 3286 714 3363 boc
731 3286 1020 3362 machinantibus
1038 3286 1190 3384 praebuit
1214 3287 1252 3361 in
1271 3286 1337 3363 boo
1362 3311 1516 3387 quoquo

292 3399 392 3475 modo
408 3424 634 3491 consensum,
651 3411 693 3475 ut
709 3400 754 3474 ab
769 3399 866 3477 omni
884 3399 972 3474 vitio
993 3399 1186 3474 dubietatis
1211 3410 1383 3500 exempto
1408 3401 1515 3498 possi·

292 3539 372 3588 mus
394 3515 591 3590 seeundum
616 3514 903 3590 ecclesiasticum
927 3513 1087 3588 ordinem
1114 3513 1271 3591 tribuere
1295 3515 1387 3615 quod
1413 3538 1516 3612 roga·

291 3652 382 3702 mur.
399 3632 494 3704 Nam
511 3629 596 3703 dum
614 3629 806 3727 praedictus
823 3627 1029 3703 Sothericus
1047 3627 1090 3702 de
1107 3627 1321 3724 quibusdam
1344 3626 1515 3728 capitulis

290 3740 418 3817 luisset
430 3753 628 3839 suspectus,
641 3741 679 3816 in
692 3742 786 3816 hanc
799 3740 922 3816 urbem
937 3738 1140 3830 deveniens,
1153 3740 1197 3815 ad
1209 3740 1356 3815 beatum
1367 3743 1514 3816 Petrum

290 3855 537 3952 Apostolorum
555 3855 758 3953 Principem
772 3856 813 3930 de
827 3853 1054 3929 conscientie
1067 3878 1141 3927 sum
1152 3853 1348 3952 puritatem
1361 3852 1514 3949 praebuit

288 3967 545 4044 nichilominus
562 3969 823 4044 iusiurandum.
841 3972 973 4043 Datum
988 3965 1109 4041 Idibus
1122 3966 1330 4043 Decembris
1347 3967 1514 4042 Indictio·

288 4103 334 4154 ne
350 4082 470 4155 XIIII.

764 4226 1033 4311 clxxxvlffl.

380 4425 558 4500 Honorius
572 4426 699 4522 Sergio
716 4425 949 4500 Subdiacono.
961 4427 1046 4500 Post
1059 4425 1162 4524 parvi
1175 4427 1344 4524 temporis
1356 4427 1511 4524 spatium

288 4537 451 4634 quedam
468 4538 570 4615 nobis
587 4549 674 4614 sunt
698 4540 817 4639 capita
841 4539 1014 4615 adversus
1032 4539 1249 4615 calaritanoe
1270 4540 1431 4616 civitatis
1448 4546 1514 4615 Ar-
