3608 5498
687 427 883 492 -207-

174 548 293 647 plente
311 551 481 629 letaniam
498 561 533 627 et
549 550 749 640 introitum,
767 551 931 627 Pontifex
946 551 1035 626 dicit
1050 574 1203 641 oremus,
1220 560 1258 626 et
1270 549 1393 625 Dieeo

172 687 242 738 nus
257 665 443 742 flectamus
459 689 590 762 genna.
607 668 691 740 Post
706 663 900 739 orationem
916 663 1077 739 ascendit
1091 663 1207 740 lector
1224 664 1261 737 in
1274 663 1392 739 ambo

173 789 311 868 nemet
324 779 467 856 brevem
476 778 569 875 legit
581 778 618 851 in
631 777 780 853 auribus
793 776 911 874 populi
925 776 978 853 sic
990 776 1248 853 concinentem.
1258 777 1396 873 Cogno

172 900 250 965 scat
262 892 395 967 caritas
407 902 538 983 vestra,
552 891 637 989 quia
651 891 711 965 illc
721 901 757 966 et
769 890 831 964 ille
844 890 1065 965 advocantur
1077 889 1322 981 intelioffioio
1335 889 1393 965 vel

78 992 82 1004 ’
171 1001 210 1075 in
223 1004 296 1078 tali.
310 1005 349 1078 Si
363 1005 443 1103 quis
456 1005 562 1080 habet
579 1015 701 1081 contra
714 1004 779 1079 hos
792 1004 887 1078 viros
904 1003 1062 1101 aliquam
1075 1003 1279 1103 querelam,
1292 1012 1395 1078 exeat

174 1118 390 1194 confidenter
403 1129 544 1217 propter
557 1120 672 1193 Deum
685 1130 721 1194 ct
734 1116 931 1193 secundum
945 1119 1071 1207 Deum,
1084 1127 1120 1192 et
1137 1116 1242 1192 dicat.
1259 1120 1396 1191 Memor

172 1229 220 1305 sit
232 1240 352 1307 tamen
365 1233 480 1308 omnis
492 1232 752 1308 communionis
765 1257 848 1305 suae.
862 1230 962 1319 Quod
977 1229 1006 1303 si
1021 1229 1146 1304 nullus
1158 1228 1414 1305 contradictor

173 1347 346 1438 extiterit,
356 1348 519 1446 sequitur
532 1347 651 1422 lector.
660 1344 943 1444 Responsorium.
953 1348 1037 1419 Post
1048 1345 1125 1420 haec
1137 1353 1311 1419 vocantur
1319 1368 1397 1417 sur·

174 1467 313 1546 sumet
326 1459 587 1534 statuunturin
601 1458 746 1533 sinistra
764 1468 864 1556 parte
881 1456 1028 1546 Altaris,
1046 1457 1257 1556 usquedum
1273 1456 1393 1532 Ponti·

175 1569 234 1646 fex
250 1570 398 1647 Missam
415 1571 598 1670 compleat.
616 1571 751 1648 Deinde
768 1572 988 1649 advocantur
1006 1575 1058 1647 VI
1075 1571 1164 1647 serio
1181 1571 1226 1646 ad
1251 1581 1393 1647 sanctos

175 1683 360 1780 Apostolos
377 1707 418 1760 eo
433 1695 567 1775 tenore,
583 1708 652 1782 quo
669 1709 787 1783 supra.
805 1683 957 1761 Sabbato
974 1708 1059 1761 vero
1075 1684 1260 1781 egreditur
1273 1683 1392 1760 Ponti-

173 1795 233 1871 fex
248 1797 292 1871 ad
309 1808 475 1874 sanctum
494 1801 642 1874 Petrum
660 1807 696 1874 et
720 1799 899 1876 universe
925 1801 1089 1899 regiones
1113 1825 1197 1876 oum
1222 1825 1272 1890 eo,
1297 1799 1392 1874 leta·

172 1908 270 1982 niam
288 1911 456 1986 cauendo.
472 1910 702 2007 ingrediente
719 1906 804 1988 ¹vero
825 1918 921 2012 Papa
947 1914 1178 1990 secretarium
1204 1912 1390 1988 ordinandi

171 2023 423 2118 praestolantur
439 2025 477 2098 in
498 2024 612 2100 choro.
627 2025 811 2124 Complcto
829 2027 989 2117 introitu,
1005 2028 1066 2102 dat
1083 2026 1246 2102 Pontifex
1265 2025 1391 2101 oratio

169 2160 252 2209 nem
265 2135 471 2213 subdiacom
484 2138 614 2233 legunt
626 2138 828 2229 lectionem,
841 2151 877 2213 et
889 2149 1070 2215 canuntur
1082 2137 1282 2235 gradualia,
1295 2148 1331 2213 et
1343 2137 1392 2212 lc·

175 2248 245 2323 ctio
263 2250 430 2347 Apostoli.
448 2251 583 2327 Deinde
602 2252 826 2349 Apostolions
844 2251 1009 2327 Pontifex
1033 2252 1124 2348 legit
1148 2250 1390 2326 advocationis

170 2360 314 2437 brevem
332 2388 451 2439 coram
464 2364 591 2462 populo
604 2375 645 2440 ut
658 2390 777 2465 supra.
789 2367 836 2438 Et
848 2372 945 2438 stent
957 2364 1072 2461 parati
1085 2362 1312 2459 singulorum
1327 2362 1392 2436 mi·

168 2473 274 2548 nistri
287 2498 371 2549 cum
384 2476 605 2551 indumentis
617 2478 727 2553 donec
740 2474 1025 2551 Archidiacouus
1037 2474 1170 2565 veniat,
1183 2484 1220 2549 et
1233 2473 1392 2572 singulis

168 2588 316 2683 singule
333 2614 398 2663 sna
412 2615 522 2663 manu
536 2590 680 2664 tribuat.
694 2594 778 2665 Post
790 2588 868 2677 hoc,
881 2587 1054 2664 innuente
1067 2588 1249 2676 Pontifice,
1265 2587 1326 2662 det
1338 2610 1394 2660 er·

168 2698 399 2776 chidiaconus
412 2728 557 2776 manum
571 2703 636 2776 uni
649 2727 696 2778 cx
708 2703 804 2801 ipsis.
819 2701 947 2777 Ceteri
961 2725 1046 2776 vero
1063 2709 1237 2778 secuntur
1249 2725 1344 2791 eum,
1356 2709 1393 2775 et

167 2814 327 2890 escendit
343 2816 387 2890 ad
405 2816 539 2892 Altero.
557 2821 604 2893 et
619 2817 811 2915 prosternit
826 2841 864 2891 se
881 2816 1047 2892 Pontifex
1058 2841 1142 2892 oum
1160 2816 1248 2914 ipsis
1265 2816 1304 2889 in
1317 2838 1395 2891 ora·

167 2926 273 3015 tione
282 2927 377 3004 clero
385 2929 530 3005 interim
544 2939 695 3006 canente
708 2929 898 3004 letaniam.
911 2928 1154 3026 Surgentibus
1165 2929 1211 3004 ab
1219 2929 1389 3019 oratione,

168 3048 240 3114 stat
248 3042 411 3117 Pontifex
419 3043 458 3117 in
471 3044 552 3119 sede
562 3070 639 3134 sna,
648 3053 683 3119 et
695 3043 879 3118 ducuntur
890 3051 974 3116 ante
986 3067 1069 3117 eum
1082 3042 1146 3141 qui
1159 3041 1298 3118 diaconi
1312 3066 1389 3117 esse

166 3152 304 3228 debent.
317 3158 363 3229 Et
377 3156 593 3253 singillatim
606 3157 706 3256 ponit
722 3181 870 3230 manum
884 3179 991 3253 super
1008 3156 1125 3252 capita
1139 3178 1273 3245 eorum,
1284 3154 1388 3230 bene·

167 3263 290 3341 dicens
307 3289 366 3342 eos
383 3267 496 3343 dando
520 3268 724 3344 orationem.
751 3267 934 3343 Accedens
958 3277 1078 3342 autem
1105 3266 1391 3343 Archidiaconus

167 3375 261 3451 tollit
277 3380 393 3454 oraria
410 3380 453 3456 de
470 3381 690 3457 confessione
707 3382 745 3454 in
767 3404 837 3479 qua
853 3378 1021 3456 hesterna
1037 3380 1094 3456 die
1116 3381 1268 3482 reposita
1293 3390 1391 3470 sunt,

167 3499 203 3565 et
215 3490 275 3565 dat
288 3493 463 3583 Pontifici,
475 3501 512 3569 et
524 3493 689 3569 Pontifex
701 3493 775 3569 illis
787 3493 934 3569 dicendo
947 3493 1110 3594 Accipite
1128 3493 1237 3570 stolas
1250 3504 1391 3569 vestras

167 3611 204 3678 et
216 3613 355 3680 cetera.
365 3605 616 3706 Etoompletur
628 3605 826 3683 benedictio
837 3632 970 3700 eorum,
983 3619 1020 3685 et
1031 3608 1117 3685 dant
1125 3608 1288 3687 osculum
1302 3611 1392 3685 Pon·

168 3716 267 3806 tifici,
279 3730 315 3793 et
329 3717 579 3795 Sacerdotibus
591 3728 628 3796 et
645 3720 796 3796 redeunt
812 3722 858 3796 ad
871 3720 1006 3797 Altero.
1020 3722 1091 3810 Qui
1103 3731 1225 3798 autem
1238 3721 1390 3820 Presby-

165 3829 233 3903 teri
250 3831 437 3906 ordinandi
455 3842 542 3908 sunt
558 3832 692 3931 paretis
708 3832 761 3908 eis
778 3832 918 3909 diaconi
937 3856 1044 3925 more,
1069 3834 1252 3910 ducuntur
1276 3856 1391 3931 epre-

166 3941 322 4041 sbyteris
334 3945 379 4019 ad
391 3944 509 4021 sedem
524 3947 718 4023 Pontificis.
732 3949 834 4021 Tunc
846 3944 920 4021 illis
933 3946 1118 4023 inclinatis
1129 3947 1228 4047 ponit
1241 3971 1389 4021 menum

167 4079 273 4154 super
285 4057 402 4156 capita
415 4068 593 4148 eorum‚et
605 4083 727 4135 omnes
741 4059 938 4158 presbyteri
948 4059 1009 4158 qui
1019 4068 1156 4150 assunt,
1166 4084 1294 4133 manus
1303 4083 1388 4133 sues

166 4166 267 4243 iuxta
288 4194 434 4243 manum
460 4170 645 4247 Pontificis
666 4195 772 4269 super
797 4172 915 4270 capita
940 4195 1062 4247 eornm
1087 4182 1244 4261 teneant,
1267 4182 1303 4247 et
1327 4170 1388 4247 ille

166 4281 435 4360 datorationem
452 4309 560 4382 super
573 4285 691 4384 capita
708 4308 843 4374 eornm,
859 4284 954 4359 sicut
966 4283 1004 4356 in
1021 4283 1297 4360 sacramentorio
1309 4308 1391 4361 con·

164 4393 310 4470 tinetur.
323 4399 370 4469 Et
385 4395 535 4494 expletis
552 4397 621 4472 rite
637 4397 812 4485 omnibus,
830 4395 974 4471 canitur
986 4407 1136 4472 tractus.
1150 4397 1308 4472 Laudate
1321 4400 1388 4473 Do

90 4547 91 4550 =
166 4505 314 4583 minum.
327 4511 375 4586 Et
383 4533 478 4583 unus
490 4533 537 4584 ex
551 4509 698 4584 novitiis
710 4509 870 4586 diaconis
882 4510 983 4607 leget
995 4511 1249 4608 Evangelium.
1262 4515 1388 4588 Postea
