3608 5498
801 401 1000 464 -517-

289 522 499 619 scriptiones
525 536 664 596 nostras
688 521 872 597 occasione
896 520 1076 595 scismatis
1100 520 1239 595 habeat.
1258 520 1387 595 Omnia
1411 522 1508 595 enim

290 646 332 709 ut
349 636 481 710 inlecta
499 646 534 709 et
551 635 653 709 irrita
671 635 835 719 facimus
860 643 896 708 et
913 657 1147 732 quaecumquc
1174 642 1261 707 sunt
1284 644 1408 708 contra
1425 658 1507 707 eum

290 748 327 818 in
347 748 512 820 manibus
528 746 700 844 principis
717 746 953 844 apostolorum
973 749 1146 845 ponimus,
1163 757 1199 822 et
1212 772 1273 846 per
1291 773 1373 822 eum
1392 749 1429 820 in
1442 747 1509 820 hu·

292 861 399 935 meris
417 863 496 935 Iesu
515 860 650 935 Christi
666 859 765 954 Agni
782 860 842 934 oei
857 863 916 959 qui
932 861 1025 936 tollit
1038 872 1184 959 peccata
1198 861 1333 934 mundi.
1346 864 1446 936 Item.
1460 863 1507 934 Et

291 974 357 1048 hoe
375 974 584 1048 confirmare
602 997 665 1046 nos
682 972 861 1060 velumus,
875 985 915 1048 ut
928 985 1005 1071 post
1020 984 1167 1050 mortem
1182 974 1298 1049 Photii
1311 975 1435 1048 fratris
1449 997 1508 1046 no·

291 1087 355 1160 stri
374 1086 497 1160 nullus
514 1110 559 1160 ex
575 1085 755 1181 dignitate
774 1087 966 1175 mundana,
978 1087 1022 1159 ad
1039 1086 1276 1183 pontificalem
1291 1086 1457 1161 honorem
1472 1111 1508 1158 a·

291 1201 448 1289 111111111,
466 1201 526 1275 sed
543 1225 585 1273 ex
602 1200 806 1297 presbiteris
823 1199 1065 1274 cardinalibus
1082 1199 1240 1274 eiusdem
1254 1198 1434 1287 aecclesias,
1447 1197 1505 1272 vel

291 1339 338 1388 ex
355 1313 565 1389 diaconibus
582 1322 646 1385 aut
663 1337 706 1386 er
723 1311 805 1385 aliis
823 1313 1064 1387 sacerdotibus
1082 1313 1143 1410 qui
1161 1312 1228 1386 sub
1245 1312 1395 1387 ecclesia
1417 1312 1507 1387 Cen·

289 1427 604 1524 stantinepolitana
619 1426 828 1500 consistunt.
841 1429 931 1499 Item
947 1425 1081 1500 erimus
1096 1449 1157 1499 nes
1172 1447 1232 1522 pre
1243 1448 1326 1521 pace
1337 1423 1506 1498 1111111111

295 1540 438 1615 solliciti
461 1540 627 1614 Photium
651 1540 796 1614 lratrem
820 1549 981 1613 nestrum
1009 1538 1201 1636 recipimus
1218 1538 1313 1612 sicut
1334 1547 1370 1611 et
1384 1536 1508 1610 Adria·

292 1679 362 1727 nus
375 1657 470 1750 Papa
484 1652 708 1741 Therasium
722 1651 847 1725 nullus
860 1652 1086 1756 computetiu
1097 1652 1307 1725 canonicum
1321 1676 1425 1724 usum
1440 1649 1510 1746 pri·

290 1765 426 1862 vilegia
443 1790 636 1863 paucerum
655 1789 883 1840 communem
904 1765 1021 1860 legem
1037 1788 1107 1838 non
1122 1763 1269 1838 faciunt.
1284 1763 1321 1836 Si
1335 1763 1415 1861 quis
1428 1785 1512 1837 vero

291 1878 361 1952 tale
379 1878 470 1975 quod
487 1878 610 1951 amodo
628 1878 891 1974 praesumpserit
917 1878 1045 1965 lacere,
1069 1877 1146 1950 sine
1172 1876 1278 1950 venia
1306 1875 1383 1950 erit.
1408 1879 1510 1948 ltem.

291 1990 532 2065 Prohibemus·
548 2016 594 2064 ne
619 1991 730 2063 lrater
746 2000 864 2064 noster
891 1988 1039 2064 Pbetius
1064 1989 1265 2086 patriarcha
1290 1989 1349 2063 vel
1374 1987 1509 2085 aliquid

289 2104 333 2180 de
362 2105 627 2180 successoribus
655 2105 733 2179 cius
762 2104 1000 2179 ordinationes
1029 2103 1067 2175 in
1097 2102 1271 2198 Bulgaria
1301 2101 1421 2188 faciat,
1451 2099 1510 2174 vel

289 2216 437 2317 pallium
462 2217 589 2291 mittat.
607 2221 648 2291 In
670 2218 795 2291 alieno
813 2218 1044 2292 fundamento
1061 2216 1184 2289 nullus
1206 2215 1380 2290 aedilicarc
1397 2214 1510 2289 debet.

291 2332 522 2407 Predecessor
546 2331 640 2405 enim
668 2342 786 2406 noster
811 2331 1007 2405 Nichelaus
1032 2330 1199 2428 petitione
1224 2326 1396 2428 principis
1425 2329 1510 2402 Bul·

291 2443 403 2537 gariae
429 2442 652 2529 blichahclis‚
676 2454 821 2538 gentem
849 2442 947 2516 illam
973 2442 1144 2517 doctrinis
1168 2441 1370 2539 apostolicis
1394 2441 1511 2516 erudi·

291 2556 356 2643 vit,
385 2565 420 2629 et
450 2580 511 2655 per
541 2556 724 2651 religiosos
754 2557 934 2653 episcopos
963 2555 1159 2653 baptizarit
1188 2568 1223 2630 et
1252 2554 1512 2630 ecclesiasticos

288 2693 439 2744 canones
456 2679 491 2743 et
507 2669 665 2742 ordinem
683 2681 719 2744 et
738 2693 875 2767 queque
892 2671 938 2744 ad
956 2671 1165 2766 religionem
1180 2668 1415 2745 christianam
1434 2694 1511 2768 per·

289 2785 407 2857 tinent
425 2783 579 2857 tradidit.
596 2787 686 2857 Item
705 2788 742 2857 P.
761 2783 933 2880 presbiter
951 2784 1052 2858 dixit.
1072 2784 1244 2858 Dominus
1261 2784 1359 2859 dicit.
1377 2783 1415 2856 Si
1433 2807 1512 2880 pec·

287 2896 425 2971 caverit
442 2896 479 2968 in
497 2907 531 2970 te
550 2896 659 2970 lrater
677 2908 762 2970 tuus
779 2921 808 2970 c.
825 2920 853 2970 e.
870 2909 893 2968 ῑ.
909 2907 945 2971 11
961 2907 997 2972 11
1014 2898 1036 2970 1.
1049 2924 1075 2970 1.
1094 2897 1131 2969 Si
1150 2922 1181 2970 a.
1199 2907 1243 2972 te.
1261 2896 1317 2971 vcl
1337 2921 1366 2970 1.
1384 2897 1407 2969 1.
1424 2907 1449 2970 1.
1468 2894 1506 2968 si

287 3033 372 3084 vero
389 3018 423 3084 te
441 3034 512 3084 non
529 3035 560 3083 a.
577 3035 607 3083 a.
624 3019 647 3084 t.
665 3036 695 3083 a.
712 3037 747 3083 u.
765 3009 823 3084 vel
841 3009 872 3082 d.
890 3009 927 3082 Si
946 3033 1117 3085 veronen
1135 3009 1300 3098 audierit,
1313 3009 1370 3084 dic
1388 3007 1509 3084 111111-

288 3124 359 3196 1111.
378 3125 477 3210 Quod
495 3124 524 3196 si
543 3123 741 3198 aecclesiam
761 3147 829 3196 non
847 3149 876 3196 a.
895 3123 942 3196 sit
959 3138 983 3196 t.
1000 3149 1027 3196 s.
1045 3148 1073 3197 1.
1091 3136 1127 3196 11
1145 3150 1179 3220 p.
1195 3127 1250 3196 lta
1267 3133 1303 3196 11
1321 3146 1384 3196 nos
1402 3122 1510 3196 lacie-

288 3261 379 3310 mus
394 3237 553 3309 Primum
568 3237 709 3334 quidem
729 3237 934 3332 rogabimus
948 3247 984 3310 et
996 3236 1298 3312 commonebimus
1311 3260 1369 3310 eos
1383 3237 1444 3333 qui
1459 3236 1510 3310 di·

290 3350 457 3424 scordant
479 3376 499 3422 a
518 3349 628 3438 1111111,
645 3376 726 3425 eum
748 3362 866 3425 vestra
885 3350 1066 3446 religione.
1085 3354 1129 3423 Et
1147 3350 1176 3423 si
1191 3373 1260 3423 nen
1277 3348 1514 3439 obaudierint,

289 3465 546 3559 aggrediemur
563 3488 621 3538 ees
638 3464 771 3537 duriori
787 3465 855 3538 via.
870 3464 992 3538 Faciet
1010 3463 1115 3537 timer
1132 3462 1170 3536 in
1187 3463 1249 3551 111,
1265 3464 1356 3560 quod
1369 3463 1513 3538 benivo-

288 3575 398 3653 lentia
424 3605 493 3654 non
516 3579 610 3653 lecit.
629 3579 666 3650 Si
686 3603 769 3652 vero
787 3604 852 3653 nec
870 3579 923 3652 sic
940 3578 1095 3652 audierit
1111 3601 1187 3666 1111,
1205 3577 1403 3651 seeundum
1426 3602 1513 3675 prue-

238 3720 241 3725 ’
289 3702 431 3788 ceptum
444 3691 583 3764 Domini
599 3691 708 3765 nostri
726 3694 828 3787 Papae
843 3690 1011 3765 Iohannis
1025 3691 1222 3765 uindictam
1237 3690 1410 3765 faciemus
1420 3691 1457 3763 in
1471 3691 1514 3764 il-

288 3803 349 3877 los
361 3808 447 3878 Item
459 3808 516 3877 Pr.
526 3804 615 3878 dixit
626 3804 732 3878 Fotio.
744 3804 966 3879 Sanctissimi
980 3808 1083 3902 Papae
1092 3804 1260 3878 Iohannis
1269 3803 1417 3905 epistola
1427 3828 1512 3901 proe·

288 3917 386 4014 cipit,
405 3929 443 3991 ut
460 3941 582 3991 omnes
599 3917 705 3992 divisi
723 3918 878 4015 episcopi
896 3927 1164 4013 congregentur
1186 3928 1222 3991 et
1246 3928 1512 4015 consequantur

287 4041 371 4105 ante
382 4031 661 4106 misericerdiam
672 4041 708 4106 11
720 4031 1121 4131 compassionemetqui
1138 4032 1237 4126 prius
1250 4031 1402 4104 ordinati
1416 4041 1513 4118 sunt,

288 4143 462 4241 recipiant
479 4144 617 4243 propria
636 4146 728 4230 sede,
747 4146 810 4243 qui
828 4168 910 4219 vere
928 4145 1103 4241 posterius
1121 4143 1275 4219 babeant
1292 4145 1333 4218 de
1351 4142 1513 4220 ecclesiis

287 4279 406 4330 eorum
427 4258 562 4331 victum
577 4267 613 4331 11
631 4258 898 4343 vestimentum,
916 4257 1025 4331 donec
1044 4256 1101 4329 vel
1123 4257 1263 4331 easdem
1279 4257 1434 4345 thrones,
1451 4255 1512 4332 vel

288 4369 376 4443 alios
394 4371 599 4444 sortiantur.
618 4374 707 4445 ltem
728 4375 764 4444 P.
782 4369 956 4467 presbiter
974 4369 1073 4442 dixit.
1088 4373 1163 4445 Hoc
1180 4371 1351 4446 scribitur
1369 4371 1405 4444 iu
1421 4395 1513 4445 com·

292 4481 485 4558 monitorio
500 4487 603 4584 Papae
618 4493 658 4558 ut
671 4484 708 4556 in
723 4482 898 4582 Bulgaria
913 4482 1061 4583 pallium
1075 4508 1145 4558 non
1158 4482 1322 4571 mittatis,
1336 4508 1450 4584 neque
1462 4508 1516 4559 or·
