3608 5498
810 380 1006 443 -119-

299 501 409 576 tionis
426 501 680 591 ministerium,
693 501 785 600 quod
801 499 962 575 omnium
979 500 1080 599 sequi
1097 512 1232 599 oportet
1249 504 1446 581 caritatem.
1464 507 1520 582 Sit

297 639 385 713 ergo
401 616 517 691 ruina
528 640 604 690 sua
620 617 736 694 dolore
753 624 963 714 prostratus,
975 613 1139 713 quisquis
1150 615 1352 713 apostolicis
1363 617 1521 694 voluerit

296 731 476 808 contraire
492 731 656 822 decretis,
669 755 735 808 nec
748 731 866 806 locum
879 728 1047 825 deinceps
1060 727 1155 803 inter
1168 729 1368 806 sacerdotes
1380 731 1519 821 habeat,

296 847 358 922 sed
383 845 533 921 extorris
549 871 571 919 a
588 853 712 921 sancto
730 843 929 918 ministerio
946 842 1018 930 fiat,
1034 865 1101 917 nec
1118 842 1161 916 de
1179 841 1256 916 eius
1273 843 1407 920 iudicio
1424 846 1520 944 quis·

297 984 405 1059 quam
423 969 543 1058 postea
560 985 685 1036 curam
703 959 843 1047 habeat,
860 955 1027 1055 quoniam
1050 957 1121 1028 iam
1140 956 1331 1031 damnatus
1347 984 1368 1031 a
1385 970 1519 1035 sancta

296 1073 496 1174 apostolicae
513 1073 673 1149 ccclesiae
689 1072 902 1149 auctoritate
919 1080 957 1144 et
984 1070 1124 1170 propria
1154 1069 1393 1146 inobedientia
1410 1083 1518 1172 atque

296 1189 572 1290 presumptione
598 1214 619 1261 a
643 1211 820 1288 quoquam
848 1209 925 1262 csse
949 1206 1020 1257 uon
1044 1182 1238 1258 dubitatur.
1255 1185 1349 1271 Quia
1373 1186 1519 1261 maioris

296 1302 675 1380 excommunicationis
687 1301 884 1378 deiectione
896 1309 951 1374 est
963 1297 1173 1395 exigendus,
1180 1298 1242 1395 qui
1251 1321 1321 1373 uon
1334 1310 1421 1375 sunt
1432 1328 1518 1401 prae-

295 1416 379 1492 lata
388 1419 530 1492 Sanctae
544 1416 715 1492 Ecclesiae
728 1412 948 1498 iussionibus
959 1436 1082 1512 parere
1094 1410 1227 1501 debuit,
1240 1414 1299 1487 sed
1312 1413 1420 1488 etiam
1434 1414 1517 1490 aliis
1659 1500 1662 1506 ,

295 1540 338 1605 ut
353 1530 469 1630 perire
487 1530 672 1630 persuasit.
690 1531 745 1605 Sit
761 1552 848 1625 ergo
872 1527 1031 1601 alienum
1048 1553 1069 1600 a
1094 1524 1230 1599 divinis
1246 1538 1283 1601 et
1307 1527 1517 1624 pontificali·

294 1645 362 1720 bus
378 1645 508 1720 officiis
524 1646 585 1744 qui
603 1645 719 1720 uoluit
736 1641 921 1743 praeceptis
938 1641 1077 1717 obedire
1096 1641 1316 1742 Apostolicis.

820 1871 982 1957 CLXXV.

301 2135 304 2138 ·
366 2101 565 2197 Gregorius
581 2103 619 2174 in
640 2100 779 2175 omeliis
794 2096 962 2175 Ezechiel
980 2099 1172 2196 Propheta.
1189 2097 1354 2174 Thronus
1372 2100 1514 2175 Domini

294 2213 439 2287 flamma
456 2213 566 2309 ignis,
583 2222 668 2288 rotae
691 2213 791 2310 iguis
813 2238 997 2289 accensus.
1016 2212 1063 2285 Hi
1088 2213 1151 2312 qui
1168 2212 1372 2288 animarum
1399 2224 1515 2289 custo-

295 2327 389 2402 diam
408 2328 450 2403 de
467 2327 591 2403 suiset
605 2326 773 2426 pascendi
790 2327 917 2424 gregis
933 2350 1040 2402 onera
1057 2327 1266 2425 susceperit,
1283 2337 1424 2402 mutare
1438 2327 1515 2404 loca

294 2441 442 2516 minime
465 2441 819 2541 permittunturfied
844 2442 928 2540 quia
945 2464 1016 2515 uno
1032 2440 1070 2514 in
1088 2441 1163 2517 loco
1179 2441 1295 2541 positi,
1312 2440 1514 2516 divinitatis

293 2555 331 2628 iu
349 2580 387 2630 se
404 2555 629 2655 presentiam
645 2563 786 2653 portant
802 2564 838 2630 ct
855 2556 991 2645 ardent,
1003 2554 1154 2629 thronus
1171 2555 1236 2630 Dei
1253 2555 1398 2630 flamma
1414 2556 1514 2654 ignis

295 2668 438 2743 dicitur.
451 2668 648 2765 Gregorius
657 2667 741 2744 licet
751 2668 1009 2744 monasteriaet
1017 2668 1253 2769 Episcopatus
1261 2669 1397 2745 unierit
1405 2679 1513 2770 atque

293 2792 465 2857 vacantes
477 2782 656 2883 episcopos
667 2783 881 2859 vacantibus
892 2783 1103 2859 civitatibus
1119 2783 1410 2876 incardinaverit‚
1422 2810 1514 2861 nun·

294 2919 400 2993 quam
411 2906 533 2973 tamen
541 2895 697 2994 aliquem
709 2897 924 2998 Episcopum
941 2897 1511 2999 asuaecclesiavelipseinaliam

292 3010 538 3100 commutavit,
551 3010 610 3086 vel
629 3011 696 3085 sub
708 3035 935 3111 quacumque
952 3013 1136 3088 occasione
1148 3012 1307 3108 migrare
1323 3013 1513 3089 consensit.

813 3235 993 3320 CLXXVI.

390 3469 588 3564 Gregorius
604 3468 643 3540 in
662 3471 694 3538 V
713 3467 803 3542 libro
818 3465 1018 3540 moralium.
1036 3467 1126 3565 Sepe
1143 3465 1238 3540 enim
1256 3464 1341 3564 quia
1352 3464 1512 3563 intelligi

291 3604 361 3655 non
377 3581 501 3657 valent
509 3580 744 3657 deterioribus
756 3580 946 3681 displicent
958 3579 1018 3653 vel
1030 3579 1126 3657 dicta
1134 3580 1194 3656 vel
1207 3581 1302 3656 sacta
1315 3579 1512 3656 meliorum.

291 3697 359 3771 Sed
375 3720 416 3771 eo
431 3696 476 3770 ab
494 3696 546 3772 eis
563 3706 696 3772 temore
714 3696 1001 3795 reprehendenda
1019 3719 1088 3771 non
1106 3705 1192 3770 suut
1208 3719 1278 3794 quo
1293 3694 1510 3796 apprehendi

290 3810 470 3886 veraciter
486 3835 713 3910 nequaquam
731 3824 889 3908 possunt.
906 3812 995 3908 Sepe
1012 3810 1147 3909 aliquid
1163 3836 1184 3883 a
1203 3810 1395 3886 maioribus
1412 3811 1513 3887 dissi·

292 3923 480 3999 mulatorie
496 3925 633 4021 agitur,
650 3926 780 4022 quoda
797 3924 994 4000 minoribus
1007 3947 1106 4000 error
1118 3934 1277 4026 putatur.
1294 3928 1384 4027 Sepe
1397 3927 1512 4001 multa

291 4064 313 4112 a
336 4038 471 4114 foribus
488 4039 661 4115 dicuntur
677 4042 770 4140 quod
787 4041 918 4117 iccirco
935 4040 1068 4115 infirmi
1085 4040 1296 4130 diiudicant,
1308 4042 1394 4139 quia
1410 4041 1510 4137 igno·

289 4163 381 4227 rant.
395 4150 497 4241 Quod
511 4152 602 4229 bane
613 4154 730 4229 bubus
746 4155 1021 4231 calcitrantibus
1034 4155 1208 4231 inclinata
1224 4154 1289 4228 illa
1301 4157 1510 4231 testamenti

288 4292 372 4343 arca
389 4268 623 4365 significavit.
650 4271 743 4356 Quia
761 4270 822 4369 qui
840 4295 1006 4346 casuram
1024 4272 1153 4347 cedens
1171 4270 1291 4346 levitis
1309 4279 1350 4344 ut
1366 4270 1509 4367 erigere

288 4380 413 4470 voluit,
431 4406 512 4458 mox
528 4384 744 4459 sententiam
762 4384 887 4459 mortis
900 4385 1048 4482 accepit.
1061 4384 1156 4473 Quid
1168 4394 1222 4459 est
1239 4409 1394 4484 namque
1408 4409 1508 4460 mens

289 4495 386 4584 iusti,
403 4496 473 4571 uisi
490 4521 574 4572 arca
596 4500 831 4575 testamenti?
847 4523 927 4598 quta
943 4509 1048 4595 gesta
1064 4526 1086 4574 a
1102 4500 1218 4576 bubus
1234 4498 1508 4577 calcitrantibus
