3608 5498
957 410 998 422 ..
1024 377 1045 439 2
1070 410 1110 424 ..

418 493 477 567 tire
494 493 537 566 ab
555 493 715 590 antiquis
733 494 893 592 patribus
911 493 1049 589 legitur
1065 495 1266 592 impensum
1284 496 1407 583 luisse,
1421 507 1461 572 ut
1479 497 1539 572 ille
1557 500 1643 572 insi-

417 607 502 703 gnis
517 619 657 706 martyr
670 608 878 707 Cyprianus
889 608 1069 685 Africanae
1083 611 1277 707 provincie
1291 611 1431 686 Primas
1445 612 1591 709 legatur
1603 614 1641 687 in

417 721 494 794 suis
510 722 669 820 epistolis
687 723 977 821 presbyterorum
996 733 1032 798 et
1056 723 1286 799 diaconorum
1305 728 1499 800 Romanam
1517 726 1640 803 Eccle-

418 835 510 911 siam
528 848 606 934 post
624 838 841 936 martyrium
861 838 1013 912 Faviani
1031 838 1314 933 gubernantium
1333 839 1480 915 statutis
1498 840 1641 914 humili·

418 961 472 1026 ter
486 952 656 1049 paruisse,
670 962 840 1027 eteorum
855 953 1041 1051 qureapud
1059 979 1160 1027 suam
1180 954 1401 1050 provinciam
1419 955 1641 1050 gerebantur

416 1064 562 1141 directis
579 1067 624 1140 ad
641 1091 699 1141 eos
717 1065 877 1164 epistolis
894 1069 1067 1142 rationem
1089 1069 1290 1144 reddidisse.
1305 1070 1400 1156 Quin
1418 1070 1527 1144 etiam
1546 1070 1640 1146 idern

416 1177 536 1254 clerus
558 1179 695 1276 legitur
720 1180 758 1254 iu
784 1180 944 1277 epistolis
960 1181 1005 1254 ad
1023 1182 1188 1257 eumdem
1207 1183 1431 1279 Cyprianum
1456 1183 1586 1272 missis
1603 1193 1639 1257 et

415 1292 460 1366 ad
478 1293 640 1367 Siciliam
666 1305 701 1368 et
718 1294 881 1369 diversas
901 1305 1021 1392 partos
1041 1296 1209 1394 epistolas
1229 1297 1412 1384 direxisse,
1429 1307 1465 1372 et
1483 1296 1639 1372 nondum

415 1407 627 1505 praesidente
641 1408 806 1484 Cornelio
819 1432 882 1506 pro
899 1408 1173 1485 imminentibus
1191 1420 1279 1485 tunc
1294 1411 1451 1506 negotiis
1468 1410 1577 1485 etiam
1595 1411 1639 1485 ad

414 1521 663 1598 celebrandam
681 1527 800 1599 Romae
817 1525 983 1599 sinodum
1000 1524 1191 1622 Episcopus
1209 1548 1434 1601 convocasse.
1449 1527 1537 1611 Qua
1556 1549 1640 1599 cum

415 1634 466 1710 ita
483 1635 567 1724 sint,
585 1638 673 1711 satis
690 1638 843 1735 impium·
860 1639 1015 1725 videtur,
1032 1637 1228 1735 quemlibet
1251 1639 1312 1736 qui
1337 1664 1420 1712 cum
1443 1636 1640 1712 christiano

415 1750 556 1825 nomine
569 1751 757 1845 glorietur,
771 1753 978 1828 christianis
991 1750 1210 1849 temporibus
1220 1755 1387 1824 Romanae
1396 1749 1555 1825 ecclesiae
1569 1772 1640 1823 mo

414 1862 500 1938 nitis
517 1889 588 1938 non
601 1866 838 1964 acquiescere,
851 1867 910 1941 cui
925 1866 992 1940 sub
1005 1864 1263 1963 persecutionis
1277 1863 1490 1939 crudelitate
1505 1865 1577 1937 Deo
1589 1862 1640 1936 di-

413 1979 480 2074 gni
498 1981 683 2087 poutifices
699 1991 772 2054 tam
790 1982 915 2056 devote
933 1989 1142 2079 paruerunt,
1159 1979 1267 2052 etiam
1285 1978 1371 2050 dum
1388 1987 1527 2052 careret
1552 1979 1640 2049 Pon·

414 2080 520 2168 tilioe.
538 2081 714 2169 Arbitrati
730 2094 860 2193 quippe
877 2105 963 2169 sunt
980 2104 1099 2192 patres
1116 2094 1245 2191 spiritu
1261 2092 1324 2167 Dei
1339 2091 1447 2189 pleni,
1459 2091 1579 2165 beatos
1593 2097 1640 2165 A·

414 2207 566 2304 postolos
583 2211 731 2284 Petrum
749 2219 785 2283 et
802 2208 956 2283 Paulum
974 2208 1013 2281 in
1031 2231 1072 2281 oa
1089 2205 1295 2300 magnificis
1313 2204 1450 2279 meritis
1464 2204 1588 2278 vivere
1601 2206 1641 2279 ¹et

413 2344 575 2417 praeesse,
593 2322 770 2420 fidemque
784 2346 892 2420 quam
905 2322 952 2396 ab
968 2320 1100 2395 eisdem
1118 2319 1380 2416 suscepitque
1397 2318 1435 2391 in
1454 2328 1525 2393 toto
1539 2319 1640 2391 mun·

412 2433 455 2510 do
467 2435 588 2510 eodem
605 2436 706 2512 beato
724 2437 836 2511 Paulo
852 2445 1046 2512 attestante
1063 2432 1278 2507 annuntiata
1301 2443 1355 2507 est
1373 2443 1408 2507 et
1426 2433 1582 2521 laudata,
1601 2432 1639 2504 in

413 2549 537 2623 eadem
556 2574 669 2648 usque
687 2550 875 2626 insaecula
893 2574 963 2624 uon
980 2549 1141 2631 deficere,
1153 2546 1215 2621 sed
1228 2557 1269 2620 ut
1286 2545 1400 2621 eidem
1419 2546 1521 2621 beato
1533 2549 1639 2620 Petro

414 2661 628 2759 imperatum
647 2663 775 2752 fuerat,
793 2687 1048 2762 usquequaque
1070 2661 1200 2760 positos
1222 2660 1352 2735 fratres
1374 2660 1411 2733 in
1433 2659 1555 2735 eadem
1572 2658 1640 2734 fide

412 2775 633 2850 confirmare.
653 2779 738 2851 Haec
756 2786 792 2852 et
809 2776 840 2850 si
857 2776 1038 2852 interdum
1051 2775 1214 2849 adversis
1229 2774 1354 2848 mundi
1367 2772 1513 2847 flatibus
1525 2771 1640 2869 oppri-

415 2887 537 2976 mitur,
556 2889 696 2964 meritis
713 2901 835 2965 tamen
853 2890 1061 2987 Principum
1082 2888 1330 2986 Apostolorum
1344 2887 1406 2985 qui
1421 2887 1458 2960 in
1476 2911 1518 2961 ea
1534 2895 1571 2960 et
1587 2884 1640 2958 vi·

413 3011 506 3075 vunt
523 3012 558 3076 et
576 3003 766 3100 praesident
782 3027 853 3078 nou
870 3002 1044 3077 obruitur.
1062 3002 1238 3089 Quoniam
1256 3011 1292 3075 et
1311 3001 1340 3075 si
1364 3000 1555 3099 aliquando
1578 3024 1638 3098 ap

412 3113 617 3212 probatione
647 3125 755 3214 portae
785 3116 891 3191 inseri
916 3117 1090 3192 adversus
1114 3140 1193 3190 cam
1219 3115 1354 3204 valent,
1380 3126 1500 3190 tamen
1531 3113 1637 3189 Ihesu

413 3227 564 3301 Domino
581 3239 704 3304 orante
722 3253 785 3327 pro
807 3230 874 3305 lide
900 3230 999 3306 Petri
1024 3256 1068 3306 ne
1093 3229 1481 3320 deficiat,nullatenus
1505 3254 1639 3327 praeva·

413 3339 497 3415 lent.

508 3457 632 3555 Itaque
650 3479 718 3552 ego
734 3459 961 3533 auctoritatis
974 3458 1088 3556 ipsius
1106 3457 1341 3555 privilegium
1355 3480 1425 3555 quo
1436 3456 1533 3531 omni
1546 3455 1639 3530 chri-

411 3571 530 3643 stiano
549 3569 625 3644 orbi
647 3570 833 3668 praeminet
851 3571 1103 3665 ignorantibus
1120 3570 1322 3669 patefacere
1344 3569 1504 3667 cupiens,
1522 3568 1638 3642 Domi·

413 3705 459 3756 no
476 3682 565 3755 mihi
582 3705 683 3780 opem
706 3682 852 3771 ferento,
869 3708 913 3758 err
930 3685 1042 3757 variis
1067 3693 1273 3759 sanctorum
1299 3686 1451 3757 Patrum
1477 3692 1512 3758 et
1537 3680 1638 3755 Chri-

412 3794 612 3869 stianorum
631 3794 833 3892 principum
850 3796 1128 3873 auctoritatibus
1153 3795 1348 3894 potioribus
1373 3795 1575 3893 quibusque
1600 3793 1638 3866 in

413 3932 527 3982 unum
540 3907 735 4003 congestis,
753 3933 907 4005 praesens
924 3910 1096 3985 defloravi
1112 3908 1338 4008 opusculum,
1351 3907 1572 4007 quadrifaria
1590 3907 1639 3980 di·

411 4023 602 4119 spartitum
620 4021 820 4119 partitione.
839 4026 931 4097 Nam
950 4023 1087 4122 primus
1108 4022 1198 4097 liber
1219 4021 1380 4098 continet
1404 4019 1637 4119 privilegium

411 4135 639 4210 auctoritatis
654 4135 813 4210 eiusdem
831 4139 998 4212 Romanae
1015 4136 1196 4214 Ecclesia.
1213 4139 1261 4212 Et
1282 4134 1449 4234 quoniam
1476 4133 1638 4210 Ecclesia
1710 4171 1721 4195 s

411 4247 489 4322 sine
505 4247 601 4322 clero
618 4271 683 4322 suo
699 4273 775 4325 esse
793 4273 863 4324 non
882 4259 1007 4348 potest,
1024 4275 1090 4327 nec
1104 4248 1224 4325 clerus
1240 4247 1495 4356 absquepebus
1507 4245 1639 4344 quibus

412 4360 653 4467 temporaliter
670 4362 858 4455 subsistat;
870 4363 955 4438 huic
972 4363 1143 4438 subiunxi
1161 4362 1360 4438 secundum
1377 4372 1414 4437 et
1430 4360 1578 4437 tertium
1595 4359 1637 4434 de

412 4473 507 4552 clero
523 4485 560 4549 et
577 4474 682 4550 rebus
699 4476 857 4552 eiusdem
875 4475 1045 4552 ecclesie.
1059 4475 1150 4564 Quia
1165 4497 1250 4549 vero
1263 4474 1386 4550 soeculi
1400 4482 1556 4572 potestus
1573 4471 1638 4546 Dei
