3608 5498
936 377 1132 440 -350-

420 498 699 588 antaeisma,vel
710 497 1077 595 heresiminiquorum
1089 498 1263 597 scriptum
1275 498 1643 594 est‚igncramus.Sed

420 614 585 711 deinceps
602 615 794 690 suademus
812 623 940 689 vestrae
958 613 1245 688 clementissimae
1262 612 1510 711 imperialique
1524 621 1643 710 poten·

421 729 493 821 tiae,
506 739 547 805 nt
560 729 706 803 minime
720 729 756 802 in
772 754 918 803 suarum
934 728 1176 804 exarationum
1187 728 1277 801 serie
1288 727 1503 801 universalis
1516 725 1645 800 deseri*

421 843 536 934 batur,
553 843 779 942 quiacontra
796 850 1000 920 sanctorum
1018 863 1195 917 canonum
1214 840 1381 915 instituta
1398 864 1475 914 esse
1489 838 1644 912 videtur.

420 960 462 1033 In
479 958 635 1034 secundo
650 958 745 1033 enim
764 957 885 1033 ordine
903 957 973 1031 nisi
991 980 1053 1055 per
1070 965 1204 1030 sanate
1216 966 1347 1029 nostra
1360 952 1544 1029 catholica
1557 963 1593 1027 et
1610 978 1645 1024 a·

421 1072 599 1169 postolicae
607 1072 777 1148 aecolesiae
790 1071 1039 1148 auctoritatem
1049 1070 1145 1144 sicut
1157 1068 1438 1166 omnibuspatet
1447 1090 1645 1165 numquam

421 1186 537 1261 valuit
553 1210 682 1261 nomen
699 1185 839 1261 habero.
858 1186 950 1273 Quia
968 1184 1139 1258 nimirum
1157 1182 1188 1256 si
1207 1183 1423 1258 universalis
1437 1207 1544 1281 super
1558 1206 1646 1278 prae-

422 1299 532 1374 latam
545 1300 613 1375 sibi
627 1309 788 1375 sanctam
800 1303 995 1374 Romanam
1009 1297 1198 1374 ecclesiam
1208 1306 1351 1396 quaeest
1363 1307 1472 1396 caput
1484 1296 1645 1372 omnium

421 1414 488 1489 Dei
504 1414 737 1490 ecclesiarum
756 1413 980 1489 describatur
998 1421 1181 1509 tamquam
1199 1421 1407 1486 sanctarum
1428 1411 1644 1508 synodorum

425 1527 603 1616 rebellem,
620 1539 727 1626 atque
744 1526 945 1603 hereticum
964 1550 1002 1602 se
1020 1525 1249 1600 manifestare
1266 1534 1406 1600 certum
1425 1534 1488 1600 est.
1506 1523 1597 1612 Quia
1615 1522 1646 1597 si

358 1627 363 1637 ⁸
422 1640 637 1715 universalis
655 1650 719 1728 est,
736 1641 843 1714 etiam
863 1648 992 1714 nostra
1009 1638 1104 1714 sedis
1121 1638 1315 1736 primatum
1341 1637 1471 1715 habere
1496 1637 1648 1713 dinosci-

421 1763 493 1843 tur,
502 1754 595 1852 quod
609 1753 801 1830 ridiculum
815 1753 980 1829 omnibns
995 1752 1157 1827 fidelibus
1170 1751 1380 1827 christianis
1392 1761 1549 1850 apparet,
1563 1750 1648 1849 quia

427 1868 463 1940 in
482 1877 554 1943 toto
570 1867 651 1942 orbe
668 1877 846 1943 terrarum
864 1867 910 1942 ab
926 1867 1002 1965 ipso
1019 1866 1251 1963 Redemptum
1274 1866 1398 1940 mundi
1416 1865 1519 1942 beato
1544 1868 1648 1941 Petro
1682 1885 1689 1892 ·
1707 1946 1714 1961 ⁸

422 1979 589 2078 Apostolo
606 1980 828 2079 principatus
845 1991 881 2055 et
897 1990 1053 2078 potestas
1070 1980 1151 2054 data
1169 1987 1234 2069 est,
1252 1988 1288 2054 et
1305 2003 1366 2076 per
1387 1979 1550 2054 eumdem
1569 2000 1650 2075 apo·

423 2092 553 2167 stolum
571 2092 677 2168 cuius
693 2093 864 2168 immeriti
883 2092 981 2168 vices
998 2092 1173 2189 gerimus
1190 2101 1315 2166 sancta
1329 2093 1505 2168 catholiea
1522 2102 1559 2168 et
1570 2115 1648 2187 apo·

423 2207 549 2281 stolica
567 2211 724 2282 Romana
742 2206 903 2283 Ecclesia
923 2231 1036 2305 usque
1054 2207 1092 2281 in
1109 2232 1217 2283 evum
1231 2217 1330 2283 tenet
1347 2207 1588 2305 principatum
1605 2228 1649 2279 ac

424 2321 607 2419 potestatis
624 2320 885 2397 auctoritatem.
901 2320 940 2395 Si
957 2331 1077 2397 autem
1096 2322 1189 2420 quod
1205 2345 1276 2396 non
1289 2321 1470 2397 oredimus
1483 2320 1650 2416 deinceps

424 2433 601 2531 quispiam
617 2433 716 2508 bunc
732 2432 976 2510 universalem
994 2434 1270 2532 nuncupaverit,
1293 2433 1351 2509 vel
1375 2458 1561 2510 assensum
1588 2432 1651 2506 tri-

422 2546 553 2635 buerit,
568 2545 660 2621 sciat
676 2571 714 2622 se
730 2546 929 2623 orthodoxae
946 2547 1028 2623 fidei
1044 2547 1217 2637 alienum,
1233 2558 1269 2622 et
1285 2557 1416 2621 nostrae
1433 2554 1567 2620 sanctae
1593 2568 1651 2619 ca·

423 2657 564 2735 tholicae
581 2668 617 2734 et
633 2659 834 2758 apostolica
852 2660 1024 2737 acclesiae
1042 2660 1220 2736 rebellem.

1014 2827 1058 2911 ll.

458 2977 507 3032 Ex
520 2978 659 3045 epistola
670 2979 784 3033 Domni
795 2981 897 3044 Papae
910 2978 1042 3033 Adriani
1052 2981 1191 3034 recitata
1202 2981 1235 3031 in
1247 2980 1276 3031 11
1289 2980 1417 3032 actione
1430 2980 1490 3031 vn
1504 2977 1628 3045 synodi.

521 3114 682 3188 Domnus
700 3113 855 3189 Karalus
872 3140 934 3190 rex
950 3118 1170 3191 Francorum
1192 3123 1228 3190 et
1247 3114 1560 3210 Langobardorum
1586 3118 1652 3187 Pa-

424 3225 547 3300 tritius
563 3228 802 3301 Romanorum
820 3227 951 3302 nostris
967 3239 1214 3325 optemperans
1240 3227 1385 3303 monitis
1409 3236 1517 3325 atque
1542 3227 1652 3301 adim-

425 3336 527 3435 plens
543 3336 581 3410 in
597 3338 763 3413 omnibus
776 3339 991 3429 voluntates,
1009 3365 1070 3438 per
1083 3367 1149 3415 sua
1161 3341 1333 3417 laboriosa
1346 3341 1544 3418 certamina
1558 3342 1652 3416 eius·

425 3450 504 3526 dem
522 3453 721 3552 apostolicae
735 3452 905 3529 Ecclesia
921 3453 965 3530 ob
978 3454 1131 3528 nimium
1145 3478 1301 3530 amorem
1315 3479 1406 3554 pura
1418 3455 1509 3530 dona
1523 3455 1653 3552 imper-

424 3572 572 3662 petuum
589 3565 719 3641 obtulit
734 3567 954 3665 possidenda,
966 3578 1039 3642 tam
1057 3567 1259 3664 provincias
1276 3592 1455 3666 quamque
1472 3568 1652 3656 civitates,

424 3701 488 3752 seu
505 3687 623 3752 castra
635 3689 671 3754 et
684 3680 875 3770 territoria,
893 3680 1002 3756 immo
1015 3692 1051 3756 et
1065 3681 1278 3779 patrimonia
1292 3706 1371 3780 quae
1384 3706 1404 3754 a
1418 3682 1550 3779 perfida
1563 3683 1653 3755 Lan·

425 3789 662 3886 gobardorum
680 3801 790 3888 gente
806 3792 1068 3882 detinebantur,
1085 3791 1229 3869 brachio
1250 3795 1333 3868 forti
1350 3795 1463 3870 eidem
1483 3793 1548 3869 Dei
1563 3799 1653 3890 Apo-

426 3903 515 3979 stolo
532 3906 700 3996 restitnit,
717 3907 823 3982 cuius
839 3917 876 3983 et
893 3907 974 3982 iura
991 3933 1068 3985 esse
1085 3908 1371 3984 dinoscebantur.
1389 3909 1458 3984 Sed
1471 3918 1507 3984 et
1519 3933 1650 3982 aurum

425 4027 533 4117 atque
550 4029 743 4115 argentum
761 4019 889 4096 cotidie
906 4043 968 4119 pro
984 4020 1261 4097 luminariorum
1279 4022 1565 4112 concinnatione,
1587 4045 1651 4096 seu

426 4129 606 4206 alimoniis
619 4156 817 4231 pauperum
830 4156 900 4208 non
913 4134 1045 4209 desinit
1057 4135 1192 4224 offerre,
1205 4135 1377 4233 quatinus
1390 4135 1469 4210 eius
1485 4135 1653 4210 memoria

427 4266 498 4318 non
515 4242 785 4343 derelinquatur
801 4244 839 4318 in
857 4246 1039 4322 seculum.
1057 4246 1193 4323 Iocirco
1214 4246 1367 4320 nimium
1392 4247 1586 4343 diligentes
1610 4271 1655 4321 ac

429 4365 643 4431 venerantes
659 4367 822 4434 vestrum
839 4383 861 4432 a
878 4360 952 4434 Deo
975 4381 1184 4434 eoncessum
1211 4358 1413 4456 imperium,
1439 4383 1654 4457 magnopere

430 4478 671 4564 suggerentes
694 4492 793 4569 quos,
809 4479 852 4545 ut
877 4471 1108 4569 praesentium
1133 4481 1306 4563 vectores,
1324 4471 1492 4548 videlicet
1508 4475 1657 4549 Petrum
