3608 5498
681 430 722 444 ..
746 396 789 460 25
815 429 856 442 ..

154 512 316 601 Qualiter
333 538 396 611 per
413 525 567 591 rectores
584 517 722 592 eosdem
740 516 888 615 corripit
905 517 1095 616 Episcopos
1109 519 1201 594 male
1214 528 1375 617 agentes.

225 630 309 726 Cap.
327 632 436 704 LXII.
454 633 579 704 LXIII.
598 632 795 705 LXXVIII.

154 742 317 830 Qualiter
342 743 447 819 iidem
475 754 629 821 rectores
656 770 693 820 se
715 745 869 819 habeant
889 768 978 840 erga
999 744 1156 821 subditos
1174 748 1376 822 eorumdem

225 857 487 955 Episcoporum.
506 860 589 957 Cap.
607 861 750 933 LXlllI.
768 861 878 933 LXV.
895 861 1005 933 LXX.
1023 861 1150 934 LXXI.

153 973 314 1061 Qualiter
327 973 545 1071 quibuslibet
557 997 654 1071 opem
670 974 797 1047 ferant.
811 972 895 1069 Cap.
909 974 1037 1045 LXXI.
1051 975 1196 1047 LXXII.
1210 976 1374 1049 LXXIII.

153 1092 204 1162 De
228 1087 530 1163 commendatione
555 1085 756 1181 legatorum
783 1089 880 1161 Rom.
909 1085 1090 1162 Ecclesiae.
1120 1088 1205 1186 Cap.
1231 1088 1377 1164 CXIIII.

225 1202 336 1276 CXV.
354 1201 466 1275 CXX.
483 1200 520 1272 in
538 1199 598 1273 lib.
616 1201 701 1274 ΙΙΙΙο
721 1203 793 1274 LV.

154 1317 204 1390 De
220 1315 276 1389 his
294 1314 355 1412 qui
373 1313 589 1416 legationem
608 1314 781 1389 Ecclesiae
799 1314 1007 1411 impediunt.
1027 1314 1111 1413 Cap.
1129 1318 1247 1389 XXX.
1265 1316 1377 1392 CXX.

153 1434 204 1506 De
236 1428 543 1506 commonitorium
563 1429 639 1526 (sic)
656 1427 708 1502 eis
727 1432 824 1502 Rom.
842 1427 1006 1502 Pontifex
1023 1429 1140 1504 faeere
1158 1429 1271 1505 debet.
1291 1431 1376 1527 Cap.

225 1546 461 1619 LXXXVIII.
478 1543 514 1616 in
534 1545 566 1616 1⁰
584 1543 641 1616 lib.
659 1567 734 1640 cap.
752 1544 842 1616 XLI.
861 1540 1003 1617 CXCV.

157 1661 209 1734 De
227 1659 398 1756 rescripto
415 1661 640 1753 Legatorum.
658 1657 742 1755 Cap.
760 1657 978 1729 LXXXVII.

156 1773 295 1860 Quibus
312 1771 472 1846 ecclesie
490 1771 636 1845 decimae
652 1770 792 1844 dentur.
811 1767 895 1865 Cep.
912 1770 1065 1842 XXVII.

155 1887 255 1973 Quod
272 1885 439 1980 sacrilegi
458 1884 532 1958 siut
550 1882 611 1982 qui
629 1884 787 1958 decimas
805 1882 963 1958 ecclesiae
980 1883 1158 1958 auferunt.
1176 1884 1261 1983 Cap.
1273 1889 1365 1960 LVI.

156 2001 207 2074 De
232 1998 434 2074 nolentibus
459 1998 543 2072 dare
568 1997 735 2072 decimas.
760 1998 844 2094 Cap.
869 1999 995 2071 LVIII.
1021 1999 1178 2073 CXLVI.
1203 1999 1380 2076 CXLVII.

228 2113 423 2188 CXLVIII.

155 2230 206 2303 De
226 2225 424 2302 Abbatibus
442 2226 504 2324 qui
528 2224 704 2323 primitias
729 2234 763 2299 et
789 2225 945 2300 decimas
970 2224 1038 2298 sibi
1063 2224 1264 2300 vendicant.
1295 2227 1379 2326 Cap.

225 2345 334 2416 LVII.
352 2342 388 2414 in
408 2343 457 2415 ΙΙο
476 2340 535 2414 lib.
552 2362 627 2437 oap.
646 2340 776 2415 CXXI.

158 2457 209 2530 De
227 2454 402 2529 oblatione
420 2454 464 2527 ad
481 2454 675 2528 Missurum
694 2451 891 2528 sollemnia.
909 2454 993 2550 Cap.
1010 2452 1096 2527 item
1115 2456 1224 2528 LVII.

156 2571 207 2644 De
225 2569 282 2643 his
299 2569 360 2667 qui
376 2567 525 2664 fugiunt
539 2566 707 2641 matrices
721 2567 779 2642 vel
792 2565 1023 2665 baptismales
1035 2567 1310 2666 ecclesiasCap.
1323 2572 1378 2643 LI.

154 2800 205 2872 De
223 2796 280 2871 his
298 2795 359 2895 qui
378 2795 495 2872 tribus
512 2793 708 2870 Dominicis
733 2793 864 2868 absunt
881 2804 1095 2870 econventu
1109 2793 1277 2870 eeclesiae
1295 2796 1380 2894 Cap.

224 2913 366 2986 XXIIII
384 2910 421 2983 in
439 2911 472 2984 1⁰
490 2909 550 2983 lib.

154 3028 207 3101 De
224 3026 415 3124 privilegio
433 3023 739 3100 monasteriorum.
757 3022 843 3120 Cap.
862 3025 923 3096 VI.
941 3023 1017 3099 XC.
1388 3108 1392 3116 ¹

157 3141 210 3215 De
226 3139 283 3213 his
301 3140 362 3238 qui
389 3138 457 3213 sibi
483 3137 623 3213 faciunt
647 3138 843 3214 diversoria
867 3138 1044 3237 episcopia
1070 3138 1128 3214 vel
1153 3137 1378 3214 monasteria.

225 3255 309 3352 Cap.
328 3256 443 3327 VIIII.

153 3371 204 3445 De
222 3369 278 3442 his
295 3368 356 3468 qui
375 3369 412 3442 in
436 3367 649 3442 monasterio
674 3367 865 3443 convertiti
890 3365 1077 3441 dimidium
1103 3365 1274 3440 bonorum
1300 3389 1378 3440 suo-

224 3511 304 3560 rum
322 3483 429 3558 titulo
446 3483 659 3581 relinquant.
678 3483 761 3579 Cap.
780 3481 924 3555 LVIIII.

151 3602 201 3674 Ut
209 3599 327 3674 Missae
336 3596 479 3696 publice
496 3597 534 3670 in
545 3599 756 3671 monasterio
765 3596 891 3693 populo
901 3618 969 3669 non
984 3597 1081 3671 fiant.
1091 3595 1176 3692 Cep.
1194 3597 1378 3669 LXXXII.

151 3829 201 3902 Ut
216 3824 363 3923 capellae
379 3823 513 3923 absquo
539 3822 659 3898 Missis
684 3822 837 3921 publicis
860 3833 1131 3899 consecrentur.
1156 3823 1240 3920 Cap.
1266 3823 1377 3899 CVII.

225 3940 354 4016 CVIII.

152 4056 200 4129 Ut
217 4052 398 4151 proprium
417 4051 674 4150 Presbyterum
692 4075 762 4125 non
781 4049 944 4125 habeant.
963 4051 1047 4147 Cap.
1065 4050 1176 4124 CVII.
1194 4050 1323 4125 CVIII.

152 4169 204 4242 De
221 4165 384 4241 ecclesiis
401 4190 482 4262 quaa
499 4164 639 4239 noviter
656 4163 915 4239 haedifieorrtur.
933 4164 1017 4262 Cap.
1037 4165 1097 4236 Vl.
1111 4162 1222 4238 CVII.
1236 4163 1377 4238 CXLV.

151 4281 204 4355 De
221 4279 315 4355 olero
332 4279 549 4354 earumdem.
567 4279 652 4375 Cap.
670 4279 810 4352 CXLV.

152 4395 201 4468 Ut
218 4393 326 4466 Misse
344 4390 506 4490 publicae
524 4393 562 4465 in
579 4391 631 4466 eis
648 4415 718 4465 non
737 4393 835 4466 fiant.
853 4394 938 4490 Cap.
955 4393 1066 4468 CVII.
1084 4392 1215 4468 CVIII.

152 4509 204 4582 De
221 4504 449 4581 immunitate
466 4505 710 4582 ecelesiarum.
728 4507 766 4579 in
782 4510 869 4584 ΙΙΙΙο
887 4507 946 4583 lib.
964 4509 1085 4586 CLIII.
