3608 5498
921 395 1117 459 -218-

405 507 617 611 simpliciter
634 519 669 585 et
687 511 807 584 minus
825 510 979 586 fideliter
992 511 1092 586 vobis
1106 513 1317 604 renuntiari,
1329 537 1408 612 quae
1420 514 1480 591 hic
1492 539 1513 588 a
1526 515 1627 590 nobis

403 631 439 699 et
455 631 559 718 gesta
571 633 658 696 sunt
670 633 706 698 et
718 633 907 719 geruntur,
922 625 1164 699 necessarium
1177 626 1263 700 duxi
1276 626 1342 700 has
1354 627 1398 700 ad
1412 650 1475 702 vos
1488 627 1627 703 litteras

405 736 534 821 faeere,
551 734 681 832 quibus
697 736 797 811 vobis
813 747 917 812 actus
930 738 1043 811 nostri
1055 748 1092 813 et
1104 738 1303 836 disciplinae
1315 750 1350 814 et
1362 739 1561 836 diligentiae
1575 767 1628 814 ra·

405 848 454 923 tio
467 848 681 924 redderetur.
695 852 741 924 Et
754 851 858 924 infra.
871 851 934 925 Bis
942 851 986 924 ad
995 850 1133 926 clerum
1146 851 1286 927 litteras
1299 851 1377 928 leci.
1387 855 1434 926 Et
1444 852 1566 950 legere
1575 856 1628 930 eis

408 961 586 1049 mandavi,
603 972 644 1036 ut
661 963 690 1036 si
709 963 791 1061 quis
803 964 921 1040 libello
934 990 955 1037 a
969 964 1191 1064 martyribus
1204 972 1349 1063 accepto
1365 967 1407 1041 de
1426 966 1556 1042 saeculo
1573 993 1630 1043 ex-

406 1074 557 1170 cederet,
574 1076 804 1173 exonrologisi
819 1078 925 1168 lacta,
938 1088 974 1153 et
992 1102 1099 1151 manu
1116 1078 1168 1152 eis
1182 1077 1219 1151 in
1232 1077 1438 1175 paenitentia
1452 1078 1628 1178 imposita,

406 1211 488 1261 eum
509 1211 595 1284 pace
612 1189 712 1264 sibia
731 1191 951 1289 martyribus
968 1191 1151 1288 promissa,
1170 1215 1192 1263 a
1212 1189 1353 1264 domino
1375 1190 1628 1266 remitteretur.

408 1303 485 1375 Nec
502 1301 540 1374 iu
556 1302 621 1377 hoc
639 1302 756 1400 legem
774 1305 864 1393 dedi,
877 1315 940 1380 ant
953 1329 1010 1380 me
1022 1311 1204 1376 auctorem
1217 1311 1351 1376 temere
1365 1302 1545 1377 constitui.
1559 1302 1629 1378 Sed

408 1439 491 1489 enm
509 1415 693 1492 videretur
706 1428 742 1493 et
754 1417 864 1493 honor
877 1418 1033 1493 moribus
1046 1414 1238 1504 habendae,
1250 1423 1420 1489 eteorum
1433 1415 1495 1513 qui
1510 1417 1629 1490 omnia

403 1529 547 1605 turbare
561 1532 762 1630 cupiebant,
772 1533 926 1632 impetus
935 1526 1233 1631 comprimendus,
1242 1535 1277 1602 et
1289 1551 1372 1601 oum
1386 1537 1557 1626 praeterea
1570 1554 1630 1605 ve·

405 1653 479 1716 stra
496 1645 628 1741 scripta
641 1644 810 1740 legissem
825 1671 904 1744 quae
916 1647 988 1723 huo
1002 1643 1046 1718 ad
1058 1641 1195 1717 clerum
1213 1648 1373 1714 nostrum
1388 1667 1450 1741 per
1464 1644 1630 1720 Cremen-

409 1756 498 1830 tium
518 1758 806 1857 Yppodiaeonum
823 1784 938 1857 nuper
951 1756 1126 1835 feceratis.
1139 1764 1176 1829 et
1188 1755 1245 1828 his
1258 1755 1318 1852 qni
1332 1767 1410 1853 post
1423 1755 1563 1857 lapsum
1577 1759 1631 1832 in·

406 1869 500 1942 firmi
509 1871 720 1969 apprehensi
729 1883 857 1961 esseut,
867 1882 903 1947 et
913 1871 1111 1972 penitentes
1123 1869 1483 1945 communicationem
1497 1872 1631 1948 deside·

406 1983 1260 2082 rarcntsubveniretur,standnmputavi,etcnm
1270 1992 1390 2057 vestra
1400 1985 1576 2060 sententia
1585 2010 1630 2061 ne

404 2106 508 2171 aetus
521 2107 650 2187 noster,
659 2099 721 2197 qui
734 2100 913 2174 adunatus
926 2123 1002 2174 esse
1014 2106 1051 2171 et
1063 2095 1265 2171 consentire
1278 2095 1374 2171 eirea
1386 2098 1505 2171 omnia
1517 2098 1631 2189 debet,

404 2210 443 2285 in
456 2211 577 2310 aliquo
589 2213 817 2314 discreparet,
833 2225 875 2290 ut
887 2240 972 2291 cnm
986 2236 1072 2312 pace
1087 2235 1109 2283 a
1128 2209 1276 2284 Domino
1293 2208 1393 2284 nobis
1405 2211 1497 2301 data,
1510 2211 1631 2312 plures

404 2327 580 2424 praepositi
598 2327 636 2400 in
654 2355 767 2402 uuum
794 2328 986 2405 convenire
1004 2325 1164 2425 cepimus
1181 2333 1217 2398 et
1237 2324 1500 2401 communicato
1518 2325 1628 2400 etiam

403 2438 589 2513 vobiscum
615 2439 767 2529 silentio,
791 2442 976 2539 disponere
994 2438 1151 2536 singula,
1168 2447 1204 2513 et
1227 2437 1419 2513 reformare
1444 2440 1630 2538 possimus.

405 2553 495 2647 Opto
513 2575 575 2625 vos
594 2553 724 2628 fratres
741 2554 924 2628 karissimi
941 2577 1080 2650 semper
1095 2552 1184 2626 bene
1202 2549 1332 2624 valere.
1354 2552 1445 2625 Item
1470 2551 1563 2627 idem
1590 2551 1628 2624 in

404 2662 474 2736 alia
492 2665 650 2762 epistola,
667 2690 746 2765 quae
760 2667 991 2765 pertitulatnr
1004 2666 1048 2740 ad
1062 2665 1199 2740 clerum
1215 2663 1380 2738 urbicum
1398 2663 1489 2738 idest
1502 2668 1629 2740 Roma-

405 2801 503 2850 num.
521 2779 727 2876 Cyprianus
744 2781 969 2879 Presbyteris
986 2789 1022 2854 et
1040 2777 1256 2854 Diaconibus
1273 2781 1392 2852 Roma
1405 2777 1629 2854 consistenti-

403 2890 470 2966 bus
486 2891 659 2967 fratribus
675 2893 839 2969 salutem.
857 2894 977 2970 Factis
994 2893 1038 2966 ad
1060 2915 1122 2967 vos
1138 2890 1269 2967 litteris
1287 2891 1416 2967 fratres
1429 2891 1627 2981 karissimi,

404 3005 535 3102 quibus
547 3018 651 3083 actus
664 3017 782 3083 noster
794 3007 985 3106 expositus,
997 3019 1033 3082 et
1046 3003 1294 3106 disciplinaeac
1307 3004 1504 3102 diligentiae
1517 3029 1626 3104 quan·

406 3118 630 3219 tolaecnnqne
649 3121 738 3197 ratio
755 3121 933 3197 declarata
951 3132 1016 3212 est,
1031 3119 1129 3193 aliud
1145 3118 1307 3208 accessit,
1320 3119 1411 3217 qnod
1428 3144 1494 3194 nec
1511 3120 1628 3218 ipsum

406 3257 469 3308 vos
478 3233 589 3310 latere
602 3258 671 3308 non
685 3235 816 3310 debuit.
826 3237 919 3309 Nam
933 3235 1043 3310 frater
1056 3243 1175 3308 noster
1187 3231 1379 3323 Lucienus,
1393 3243 1429 3308 et
1443 3233 1518 3330 ipse
1532 3258 1626 3307 unus

405 3346 448 3421 de
465 3347 735 3438 confessoribus
753 3348 820 3423 fide
836 3347 980 3445 quidem
1001 3347 1139 3423 calidus
1155 3356 1191 3423 et
1207 3347 1343 3422 virtute
1367 3346 1544 3436 robustus,
1566 3347 1628 3423 sed

405 3459 1627 3559 minusdominicalectionefuudatnS,quaedamconatusestimperite

404 3573 613 3673 iampridem
630 3601 668 3650 se
684 3586 830 3653 auctore
847 3575 1078 3651 constituens.
1093 3577 1139 3647 Et
1152 3573 1255 3647 iufra.
1273 3573 1455 3648 Lucienus
1468 3574 1626 3672 Epistola

403 3687 588 3786 exemplar
604 3688 648 3762 ad
666 3712 729 3764 vos
746 3689 958 3778 transmisit,
975 3696 1011 3763 et
1028 3687 1153 3786 quales
1166 3686 1211 3760 ad
1229 3685 1365 3762 clerum
1379 3686 1519 3762 litteras
1536 3689 1626 3765 lece·

406 3801 463 3888 rit,
480 3802 618 3898 etquid
636 3802 726 3877 mihi
744 3802 938 3878 Caldouius
958 3800 1098 3897 collega
1122 3809 1242 3874 noster
1267 3823 1329 3898 pro
1353 3800 1564 3898 integritate
1589 3812 1626 3878 et

404 3912 471 3987 fide
488 3938 553 3987 sua
571 3913 765 4015 scripserit,
782 3913 937 4013 quidque
954 3915 987 3991 ei
1012 3937 1098 4010 rogo
1115 3913 1348 4014 rescripserit,
1365 3926 1558 4014 utrumque
1580 3917 1626 3992 ad

403 4050 467 4102 vos
484 4027 677 4124 legendum
695 4029 904 4103 transmisit.
929 4027 1120 4128 Exemplar
1144 4051 1282 4126 qnoque
1308 4028 1465 4126 epistola
1490 4031 1625 4107 Celeris

403 4139 484 4215 boni
502 4153 537 4217 et
554 4142 688 4217 robusti
706 4141 926 4218 confessoris.
944 4146 990 4217 Et
1006 4142 1111 4216 infra.
1133 4145 1323 4238 Oportunae
1349 4169 1433 4219 vere
1459 4168 1625 4241 superve-

403 4279 486 4330 nere
504 4254 618 4330 literae
635 4270 763 4331 vestra
779 4279 868 4354 quas
884 4256 1005 4356 accepi
1023 4256 1067 4330 ad
1084 4255 1221 4331 clerum
1239 4256 1364 4346 laetas,
1385 4257 1422 4331 in
1441 4258 1571 4356 quibus
1593 4282 1628 4332 e·

403 4369 565 4463 vangelii
579 4368 829 4466 plennsvigor,
838 4378 873 4444 et
882 4369 1071 4468 disciplina
1085 4368 1228 4444 robusta
1243 4369 1335 4466 legis
1347 4370 1534 4446 dominica
1546 4394 1627 4446 con-

402 4481 550 4558 tinetur.
563 4485 651 4559 Haeo
664 4506 728 4559 nos
743 4482 802 4560 hie
815 4493 939 4560 eontra
956 4483 1140 4560 individia
1153 4483 1325 4585 impetum
1343 4485 1428 4561 totis
1448 4484 1528 4562 fidei
1542 4485 1627 4560 viri·
