3608 5498
816 395 990 458 ..35-

296 519 358 615 qui
371 518 414 592 ob
427 517 551 614 culpas
565 541 648 589 suas
662 515 913 613 Episcoporum
928 537 1074 588 suorum
1086 517 1237 592 offensas
1250 529 1518 607 contraxerunt,

296 631 407 727 digne
421 631 529 706 etiam
543 655 564 702 a
578 628 705 704 ceteris
718 628 1016 704 excommunicati
1030 630 1197 707 similiter
1208 632 1419 723 habeantur,
1432 659 1516 733 quo

295 769 409 843 usque
428 745 465 818 in
483 743 664 819 communi
682 743 739 818 vel
757 742 825 840 ipsi
847 742 1019 843 Episcopo
1037 769 1101 821 suo
1118 748 1237 822 visum
1256 749 1377 839 fuerit,
1394 750 1519 824 buma-

295 860 429 934 niorem
448 858 545 934 circa
559 881 617 932 eos
630 857 722 932 ferre
744 858 971 932 sententiam.
985 858 1169 933 Habeatur
1180 872 1300 936 autem
1315 862 1425 937 semel
1437 885 1519 940 con·

297 973 422 1048 cilium
440 984 523 1048 ante
540 971 615 1047 dies
632 970 928 1069 quadragesimae,
945 981 986 1045 ut
1010 973 1175 1048 omnibus
1200 976 1230 1050 si
1256 1000 1335 1073 quae
1360 987 1447 1051 sunt
1470 977 1518 1052 si-

294 1087 505 1163 multatibus
526 1085 720 1182 amputatis
746 1085 991 1182 mundumque
1011 1085 1178 1186 sollaeque
1196 1089 1272 1187 (sic)
1290 1093 1363 1165 Deo
1385 1114 1518 1164 munus

294 1200 403 1299 possit
419 1200 547 1276 offerri.
565 1199 769 1275 Secundum
788 1221 872 1273 vero
889 1208 1023 1294 agatur
1040 1200 1137 1275 circa
1154 1211 1298 1299 tempus
1311 1204 1488 1277 autumni.

553 1496 558 1504 ,
656 1429 720 1511 ΙΙΙ.
739 1426 799 1510 Ex
817 1426 950 1513 eodem
968 1451 1049 1534 cap.
1068 1432 1150 1516 llll.

388 1653 602 1751 Episcopum
615 1662 751 1750 oportet
763 1653 807 1727 ab
819 1655 985 1730 omnibus
998 1659 1183 1757 Episcopis
1196 1661 1226 1734 si
1241 1662 1317 1737 fieri
1329 1671 1443 1758 potest
1455 1663 1518 1760 qui

281 1778 381 1842 sunt
397 1766 554 1841 eiusdem
573 1765 766 1863 provincie
782 1765 950 1843 ordinari.
968 1770 1007 1843 Si
1025 1795 1110 1846 vero
1134 1772 1200 1849 boc
1225 1773 1370 1850 difficile
1395 1775 1517 1863 fuerit,

293 1881 351 1957 vel
367 1882 488 1980 aliqua
506 1891 660 1977 urgente
677 1881 903 1969 necessitate,
921 1881 978 1957 vel
996 1882 1138 1960 itineris
1161 1886 1397 1981 longitudine,
1422 1896 1518 1963 certe

293 2006 364 2070 tres
382 1997 545 2094 Episcopi
564 1996 691 2071 debent
708 2021 785 2072 esse
803 1996 1026 2091 congregati.
1045 2000 1101 2071 Ita
1119 2008 1160 2071 ut
1176 2000 1285 2073 etiam
1304 2023 1428 2074 eornm
1456 2000 1518 2099 qui

293 2110 457 2185 absentes
474 2120 560 2183 sunt
576 2133 790 2184 consensum
816 2108 947 2183 litteris
963 2119 1122 2197 teneant,
1140 2123 1175 2184 et
1193 2111 1244 2184 ita
1269 2111 1405 2186 faciant
1428 2112 1520 2186 ordi·

292 2225 482 2301 nationem.
501 2229 661 2300 Potestas
678 2248 762 2299 sane
780 2223 839 2299 vel
856 2222 1079 2298 confirmatio
1096 2224 1289 2319 pertinebit
1309 2249 1372 2323 per
1390 2226 1515 2322 singu·

293 2337 345 2412 las
363 2338 565 2436 provincias
581 2338 625 2411 ad
643 2336 956 2434 Metropolitanum
975 2336 1201 2433 Episcopum.

386 2454 428 2525 ln
441 2452 570 2526 eodem.
583 2453 624 2524 ln
641 2475 711 2524 nna
721 2450 870 2526 civitate
884 2448 953 2522 duo
966 2448 1131 2546 Episcopi
1141 2473 1220 2525 esse
1233 2475 1303 2526 non
1318 2451 1517 2527 videantur.

388 2565 478 2638 Item
496 2563 534 2635 in
551 2563 681 2637 eodem.
698 2561 832 2638 Nullus
849 2561 1005 2638 clericus
1022 2563 1060 2636 in
1077 2564 1216 2640 duabus
1232 2564 1395 2642 ecclesiis
1413 2566 1518 2639 mini-

292 2685 405 2750 strare
423 2686 624 2773 praesumat.
1073 2688 1074 2692 ’

651 2907 732 2990 ΗΠ.
751 2905 811 2990 Ex
829 2905 962 2991 eodem
981 2930 1062 3013 cap.
1081 2909 1142 2993 Vl.

364 3134 431 3205 Per
447 3133 562 3206 omnia
583 3145 704 3209 autem
723 3134 953 3208 manifestum
971 3144 1026 3208 est
1043 3135 1128 3232 quia
1146 3134 1176 3207 si
1194 3135 1276 3232 quis
1301 3145 1431 3232 prater
1455 3158 1515 3209 vo·

292 3244 465 3320 luntatem
479 3255 515 3320 et
527 3245 782 3322 conscientiam
800 3245 1062 3344 metropolitani
1076 3248 1241 3347 Episcopi
1255 3249 1366 3324 luerit
1378 3248 1516 3324 ordina·

290 3367 360 3445 tus,
379 3357 445 3433 hoc
470 3358 672 3434 Concilium
692 3383 864 3454 magnum
891 3370 927 3435 et
950 3372 1116 3437 sanctum
1135 3363 1277 3437 censuit
1297 3386 1368 3438 non
1389 3362 1516 3438 debere

290 3493 366 3544 esse
384 3471 609 3568 Episcopum.
627 3475 720 3547 Sane
737 3473 768 3547 si
785 3475 966 3549 communi
985 3477 1144 3551 omnium
1162 3501 1337 3554 consensu
1364 3478 1518 3552 rationa-

289 3581 409 3658 biliter
426 3584 569 3680 probato
583 3586 779 3662 secundum
794 3587 1075 3665 ecclesiasticam
1092 3590 1272 3687 regulam,
1289 3591 1358 3666 duo
1371 3591 1430 3666 vel
1443 3601 1517 3666 tres

289 3697 515 3774 animositate
528 3700 626 3775 ducti
642 3725 703 3797 per
715 3702 978 3776 contentionem
992 3703 1253 3792 contradicunt,
1266 3704 1425 3802 optineat
1438 3704 1516 3802 plu·

289 3811 460 3887 rimorum
478 3813 655 3889 sententia
672 3816 905 3891 sacerdotum.
923 3820 970 3890 Et
987 3827 1115 3893 cetera.
1127 3820 1217 3892 Item
1232 3819 1271 3892 in
1284 3819 1514 3916 subscriptio

288 3924 404 3999 nibus.
423 3927 529 4000 Osius
547 3928 744 4024 Episcopus
762 3927 1003 4003 Cordubensis
1016 3930 1209 4027 provincia
1223 3929 1405 4027 Hispania
1418 3931 1517 4025 lega·

288 4047 348 4111 tus
366 4039 566 4137 Apostolice
583 4041 686 4116 Sedis
702 4054 836 4117 sanctae
857 4046 950 4114 llum.
969 4041 1129 4117 Ecclesie
1147 4041 1232 4116 dixi.
1249 4044 1305 4116 Ita
1322 4043 1436 4117 credo.
1451 4042 1513 4113 Vi·

288 4158 365 4223 otor
382 4160 418 4224 et
436 4151 652 4227 Vincentius
667 4153 871 4252 Presbyteri
890 4166 927 4229 et
940 4156 1067 4251 Legati
1080 4166 1216 4230 sancte
1229 4155 1442 4254 Apostolicae
1456 4158 1516 4229 Se·

288 4262 343 4336 dis
360 4264 531 4341 Ecclesia
549 4269 646 4342 Rom.
664 4267 965 4365 subscripserunt.
