3608 5498
803 403 1000 467 -383-

290 551 474 604 servornm
492 535 589 616 sunt,
607 526 835 623 imperatores
852 547 938 601 voro
954 524 1103 599 Romani
1128 523 1247 623 populi
1270 524 1402 598 domini
1425 524 1510 599 libe·

290 666 421 717 rorum.
438 641 535 716 Idem
553 640 591 714 in
607 639 729 715 eodem
747 650 897 734 regesto.
914 637 1088 712 Omnibus
1105 646 1228 713 notum
1254 646 1309 712 est
1329 638 1508 736 piissimos

289 754 450 829 dominos
467 752 692 850 disciplinam
710 751 872 847 diligere,
888 750 1029 825 ordines
1053 775 1209 840 servare,
1226 773 1379 827 canones
1404 774 1510 827 vene·

290 864 374 955 rari,
391 874 428 942 et
443 864 482 938 in
499 862 619 939 causis
635 889 673 939 se
690 863 968 940 sacerdotalibus
985 885 1057 938 non
1074 862 1234 938 miscere.

833 1027 957 1113 LXIII.

388 1201 586 1299 Gregorius
608 1202 798 1276 Sabiniano
823 1202 978 1276 Diacono
1002 1210 1121 1288 nostro
1145 1200 1239 1299 apud
1260 1199 1512 1276 Constantino-

290 1316 411 1413 polim,
437 1316 531 1392 inter
556 1325 684 1392 cetera.
709 1314 890 1389 Maximus
907 1313 1159 1412 praevaricator
1183 1313 1317 1411 scripta
1341 1338 1419 1389 mea
1445 1338 1508 1411 prr·

289 1427 380 1504 blico
406 1429 551 1517 relucta,
568 1428 708 1526 publico
724 1428 839 1503 scindi
856 1425 954 1515 fecit,
969 1435 1077 1525 atque
1094 1427 1131 1499 in
1148 1435 1392 1523 contemptum
1409 1427 1506 1502 sedis

288 1539 488 1636 apostoliam
500 1539 658 1637 apertius
674 1538 821 1613 exilium
839 1539 931 1637 quod
948 1562 1015 1635 ego
1032 1539 1185 1637 qualiter
1197 1540 1312 1637 patiar
1324 1540 1407 1627 scis,
1421 1541 1507 1638 quia
1549 1622 1551 1627 ,

288 1664 371 1728 ante
388 1653 543 1750 paratior
560 1678 639 1726 sum
655 1653 754 1741 mori,
767 1676 873 1749 quam
887 1652 981 1727 beati
996 1652 1093 1726 Petri
1111 1653 1309 1728 aecclesiam
1327 1653 1417 1728 meis
1434 1653 1506 1728 die·

288 1764 355 1838 bus
367 1764 587 1860 degenerari.
600 1767 716 1839 Mores
727 1774 848 1838 autem
863 1789 956 1841 meos
969 1767 1057 1841 bene
1070 1767 1204 1842 habens
1213 1768 1386 1864 cognitos,
1394 1793 1506 1866 quan·

289 1878 348 1951 diu
367 1887 494 1974 potero.
511 1877 579 1952 Sed
597 1878 627 1950 si
645 1876 754 1950 semel
770 1876 1057 1953 deliberationem
1075 1901 1145 1953 non
1162 1890 1313 1977 portare,
1330 1890 1454 1956 contra
1471 1903 1506 1954 o·

290 1991 387 2064 mnia
404 1990 573 2088 pericula,
590 1990 693 2064 laetus
712 1991 808 2066 vado.
826 1991 928 2066 Unda
946 2016 1090 2067 necesse
1107 2003 1163 2067 est
1183 2019 1264 2069 cum
1284 1993 1348 2067 Dei
1374 1993 1507 2067 auxilio

289 2103 447 2202 periculo
459 2128 679 2192 succurrere,
692 2128 758 2179 nec
768 2115 919 2198 cogatur
928 2105 1126 2181 excedendo
1134 2131 1290 2204 peccare.
1303 2107 1401 2182 Idem
1416 2109 1505 2180 Nar·

289 2242 347 2291 sae.
364 2217 471 2290 Omni
487 2218 622 2291 virtute
636 2226 672 2290 et
684 2216 780 2291 omni
793 2217 944 2314 pondere
957 2243 1103 2292 oausam
1117 2219 1405 2319 presbyterorum
1419 2244 1501 2294 curn

289 2329 445 2404 Iohanne
462 2329 748 2404 reverentissimo
764 2329 966 2426 patriarcha
991 2332 1381 2430 Constantinopolitano
1405 2333 1508 2406 auxi·

288 2444 399 2517 liante
417 2446 490 2518 Deo
505 2468 648 2520 exerere
664 2454 810 2543 paratus
827 2469 916 2518 sum.
929 2447 971 2519 In
985 2469 1056 2544 qua
1069 2447 1100 2520 si
1112 2446 1234 2521 videro
1247 2446 1348 2522 Sedis
1363 2452 1510 2543 Aposto-

289 2555 369 2631 licoe
385 2578 540 2631 canones
556 2579 627 2629 non
643 2556 791 2646 servari,
808 2557 906 2632 dabit
921 2558 1143 2657 omnipotens
1160 2561 1255 2634 Deus
1273 2559 1359 2657 quid
1382 2570 1509 2634 contra

291 2679 549 2768 contemptores
565 2671 643 2745 eius
656 2670 797 2746 faciam.

828 2835 970 2922 IXIHI.

387 3009 585 3107 Gregorius
603 3007 810 3103 Augustino
827 3008 1029 3106 Anglorum
1043 3011 1214 3110 episcopo.
1228 3011 1268 3084 Si
1280 3010 1362 3108 quis
1373 3009 1509 3107 aliquid

292 3121 334 3195 de
352 3122 502 3198 ecclesia
519 3121 645 3196 furtim
662 3118 861 3208 abstulerit,
876 3145 920 3196 ex
940 3145 1088 3220 persona
1114 3122 1206 3197 suris
1231 3121 1373 3222 pensari
1395 3130 1510 3219 potest

293 3234 448 3332 qualiter
464 3233 583 3309 valeat
599 3231 745 3327 corrigi.
762 3233 856 3306 Sunt
868 3232 964 3306 enim
977 3234 1122 3331 quidam
1134 3234 1196 3332 qui
1210 3233 1382 3308 habentes
1394 3233 1510 3307 subsi-

293 3348 351 3421 dia
367 3347 505 3422 furtum
522 3354 735 3443 perpetrant.
754 3347 801 3417 Et
816 3353 903 3419 sunt
918 3345 981 3419 alii
999 3347 1060 3444 qui
1078 3347 1144 3422 hac
1161 3347 1200 3421 in
1214 3370 1252 3422 re
1264 3371 1309 3422 ex
1321 3344 1439 3443 inopia
1452 3345 1508 3419 do·

293 3461 474 3557 linquunt.
491 3457 595 3534 Unde
612 3481 757 3532 neccsse
775 3465 840 3545 est,
856 3467 898 3530 ut
914 3457 1059 3554 quidam
1076 3458 1228 3548 damnis,
1252 3457 1397 3556 quidam
1421 3479 1508 3531 vero

293 3571 513 3660 verberibus,
530 3579 566 3645 et
581 3569 725 3667 quidam
748 3567 959 3659 districtius,
979 3569 1124 3667 quidam
1149 3593 1234 3645 vero
1258 3569 1377 3645 lenius
1400 3569 1509 3644 corri-

294 3694 439 3779 gantur.
457 3686 503 3756 Et
519 3708 603 3758 cum
621 3679 727 3779 paulo
743 3679 943 3755 districtius
959 3681 1094 3778 agitur,
1106 3706 1151 3759 ex
1162 3681 1312 3758 caritate
1325 3679 1506 3776 agendum

294 3807 359 3884 est,
375 3807 412 3872 et
428 3818 497 3869 non
515 3820 560 3871 ex
576 3795 706 3878 furore,
718 3793 802 3890 quia
819 3793 887 3890 ipsi
903 3791 970 3869 hoc
987 3802 1176 3892 praestatur
1192 3793 1284 3891 quod
1300 3790 1508 3886 corrigitur,

293 3909 457 4004 gehenne
474 3906 621 4003 ignibus
637 3904 809 3980 tradatur.
826 3905 886 3980 Sic
902 3906 999 3981 enim
1015 3929 1080 3981 nos
1093 3905 1257 3980 fidelibus
1269 3915 1390 3980 tenere
1403 3902 1508 3978 disci·

294 4021 430 4120 plinam
444 4018 624 4105 debemus,
636 4017 732 4092 sicut
743 4016 824 4091 boni
838 4027 957 4114 patres
969 4017 1175 4094 carnalibus
1187 4017 1272 4090 filiis
1284 4016 1408 4105 solent,
1420 4038 1509 4113 quos

294 4144 329 4208 et
348 4157 408 4231 pro
424 4131 540 4229 culpis
557 4129 764 4206 verberibus
780 4129 929 4221 feriunt,
942 4139 1110 4207 ettamen
1123 4131 1217 4229 ipsos
1229 4152 1317 4228 quos
1329 4128 1509 4203 doloribus

294 4245 465 4340 affligunt
480 4242 610 4318 habere
626 4241 771 4318 heredes
787 4253 955 4339 quarunt
978 4254 1014 4320 et
1038 4268 1118 4342 quae
1139 4242 1319 4341 possident
1342 4241 1411 4340 ipsi
1436 4266 1509 4318 ser·

295 4367 394 4446 rant,
411 4380 498 4455 quos
515 4357 597 4430 irati
622 4356 763 4454 insequi
779 4356 958 4431 videntur.
976 4359 1062 4431 Haec
1085 4379 1171 4453 ergo
1188 4354 1320 4431 caritas
1335 4353 1375 4428 in
1392 4364 1510 4428 mente

295 4471 446 4544 tenenda
459 4479 513 4544 est
525 4479 562 4543 ot
574 4468 650 4568 ipsa
664 4468 804 4543 modum
818 4467 1049 4565 correptionis
1061 4466 1227 4557 dicatita
1241 4474 1282 4540 nt
1294 4463 1330 4538 in
1344 4466 1396 4539 eis
1408 4474 1509 4540 extra
