3608 5498
801 385 1000 450 -358-

287 504 486 595 erubeseat,
502 506 681 608 glorificet
697 515 817 582 autem
832 509 947 582 Deum
964 503 1002 580 in
1017 505 1088 580 isto
1100 505 1253 594 nomine,
1268 503 1353 603 quia
1366 513 1508 605 tempus

286 628 399 696 estut
416 617 567 718 incipiat
583 619 757 721 iudicium
775 620 817 695 de
834 621 936 695 dom'o
953 617 1028 695 Dei.
1042 617 1080 692 Si
1097 627 1219 693 antem
1238 618 1394 716 primum
1410 643 1432 690 a
1448 626 1512 691 no'

287 731 452 830 bis‚·quis
477 731 559 805 finis
583 752 706 831 eorum
724 732 785 830 qui
811 757 881 807 non
906 731 1058 807 credunt
1075 730 1139 806 Dei
1165 729 1380 826 evangelio?
1406 733 1453 804 Et
1477 729 1508 803 si

264 861 265 865 ’
289 845 408 919 iustus
425 845 487 918 vix
503 844 714 935 salvabitur,
731 844 865 943 impius
885 853 922 920 et
938 854 1103 944 peccator
1128 844 1189 918 ubi
1214 844 1416 942 parebunt?
1440 846 1514 917 Ita:

290 982 359 1057 que
372 956 411 1032 hi
424 958 486 1057 qui
503 957 692 1057 patiuntur
709 958 907 1062 secundum
925 951 1146 1033 voluntatem
1160 958 1237 1048 Dei,
1252 957 1346 1033 fideli
1359 956 1508 1033 creatori

293 1061 542 1150 commendent
557 1071 698 1148 animas
715 1098 799 1148 suas
816 1071 855 1146 in
871 1070 1078 1149 benefactis.

808 1274 990 1359 XXVIIII.

613 1479 663 1532 Ex
681 1478 824 1544 epistola
841 1477 935 1532 Pauli
953 1474 1000 1548 ad¹
1014 1477 1189 1539 Romanos.

391 1642 506 1716 Ourus
523 1639 645 1714 anima
662 1639 897 1738 potestatibus
913 1636 1184 1714 sublimioribus
1201 1637 1342 1714 subdita
1359 1637 1417 1718 sit.
1433 1642 1514 1713 Non

296 1761 352 1829 est
368 1752 465 1829 enim
482 1761 636 1850 potestas
653 1752 725 1826 nisi
741 1778 762 1826 a
780 1755 862 1828 Deo.
880 1755 967 1840 Quae
983 1761 1104 1827 autem
1122 1762 1219 1842 sunt,
1230 1778 1253 1826 a
1264 1754 1337 1828 Deo
1352 1751 1515 1827 ordinata

298 1874 394 1941 sunt.
411 1867 536 1964 ltaque
552 1865 614 1964 qui
633 1865 768 1942 resistit
784 1867 950 1965 potestati
968 1867 1033 1942 Dei
1051 1866 1264 1941 ordinationi
1283 1867 1427 1943 resistit.
1444 1864 1514 1953 Qui

296 1989 418 2055 autem
438 1979 622 2070 resistunt,
638 1980 706 2080 ipsi
725 1980 791 2055 sibi
809 1981 1072 2056 damnationem
1089 1981 1292 2080 acquirunt.
1309 1984 1402 2055 Nam
1421 1980 1518 2078 prin-

215 2131 217 2134 >
297 2093 395 2191 cipes
411 2114 482 2168 non
500 2103 586 2167 sunt
603 2093 723 2168 timori
739 2092 821 2169 boni
840 2095 966 2192 operis,
979 2094 1039 2170 sed
1058 2093 1152 2169 mali.
1165 2095 1233 2168 Vis
1242 2104 1370 2169 autem
1387 2119 1457 2169 non
1473 2095 1517 2169 tiss

298 2231 396 2282 mere
421 2212 660 2305 potestatem?
684 2210 823 2282 Bonum
843 2208 899 2283 sao
917 2218 954 2283 et
969 2207 1116 2284 babebis
1132 2207 1275 2283 laudem
1293 2233 1338 2282 ex
1361 2208 1434 2282 illa.
1451 2207 1517 2283 Dei

298 2321 394 2424 enim
415 2320 578 2396 minister
595 2331 649 2397 est
667 2321 731 2397 tibi
749 2322 787 2395 in
803 2321 946 2396 bonum.
965 2321 1003 2395 Si
1020 2331 1141 2397 autem
1159 2322 1293 2396 malum
1320 2322 1458 2411 seceris,
1475 2322 1520 2396 ti·

299 2460 367 2524 me,
382 2458 454 2509 non
471 2435 567 2510 enim
585 2435 664 2510 sine
680 2459 789 2536 eausa
813 2434 976 2532 gladium
1007 2444 1133 2533 portat.
1150 2435 1215 2510 Dei
1236 2435 1335 2536 *enim
1356 2434 1520 2530 minister

299 2559 365 2637 est,
383 2546 514 2623 vindex
531 2548 569 2621 in
594 2547 685 2650 iram
703 2548 735 2623 ei
753 2548 815 2646 qui
833 2547 967 2622 malum
993 2547 1081 2644 agit.
1098 2547 1179 2623 Ideo
1203 2549 1416 2623 necessitate
1438 2547 1521 2623 snb-

300 2662 365 2738 diti
382 2670 504 2751 estote,
519 2685 591 2736 non
614 2661 729 2737 solum
748 2671 892 2761 propter
914 2661 1017 2750 iram,
1035 2660 1095 2736 sed
1120 2671 1156 2736 et
1172 2670 1315 2760 propter
1338 2661 1521 2736 conscien-

300 2776 398 2852 tiam.
410 2775 491 2851 Ideo
502 2774 598 2851 enim
612 2783 648 2851 et
664 2775 799 2851 tributa
811 2775 997 2876 praestatis.
1011 2774 1169 2849 Ministri
1182 2775 1277 2850 enim
1293 2776 1357 2851 Dei
1372 2784 1468 2866 sunt,
1481 2774 1521 2850 in

301 2892 368 2967 hoo
381 2889 499 2988 ipsum
517 2889 724 2965 servientes,
741 2890 888 2965 Reddite
905 2888 1070 2963 omnibus
1094 2888 1221 2964 debita.
1239 2889 1308 2964 Oui
1333 2889 1521 2992 tributum,

301 3004 489 3080 tributum.
506 3002 575 3080 cui
592 3004 764 3101 vectigal,
788 3003 955 3102 vectigal.
981 3002 1051 3079 Cui
1067 3002 1243 3092 timorem,
1260 3003 1433 3079 timorem.
1451 3003 1522 3079 Cui

303 3117 483 3207 honorem,
496 3117 673 3193 honorem.
682 3118 828 3192 Nemini
840 3117 1032 3216 quiequam
1043 3116 1211 3206 debeatis,
1224 3116 1296 3191 nisi
1309 3126 1351 3192 ut
1363 3112 1521 3218 invicem

307 3229 480 3327 diligatis.
497 3229 567 3318 Qui
584 3230 681 3306 enim
698 3229 820 3326 diligit
835 3230 1036 3330 proximum
1055 3256 1173 3321 suurn,
1189 3230 1307 3328 legem
1325 3229 1498 3331 implevit.

752 3629 789 3680 In
807 3628 914 3693 prima
931 3627 1081 3694 epistola.

404 3791 606 3867 Alexander
623 3790 818 3889 Episcopus
838 3789 1003 3867 omnibus
1027 3784 1237 3866 orthodoxis
1255 3791 1311 3864 Ad
1335 3789 1430 3864 hano
1447 3816 1528 3864 san-

310 3914 405 3981 etam
423 3905 601 4004 perlatum
619 3914 674 3980 est
684 3904 810 3980 Sedem
827 3905 920 4003 quod
937 3904 1046 4001 pudet
1062 3904 1192 3994 dicere,
1200 3914 1236 3979 et
1252 3927 1322 3977 non
1340 3903 1454 3978 solum
1473 3928 1529 3976 sa-

306 4020 492 4108 cerdotali,
510 4020 572 4096 sed
596 4019 704 4095 etiam
723 4020 818 4096 omni
836 4017 1032 4095 christiano
1049 4018 1192 4092 nomine
1217 4017 1417 4094 inimicum.
1433 4017 1529 4093 ldest

305 4133 405 4232 quod
421 4132 612 4208 nonnullos
629 4133 810 4232 episcopos
827 4131 884 4207 vel
902 4132 1184 4221 sacerdotes,aut
1197 4141 1294 4207 metu
1308 4140 1530 4230 extorquent,

313 4256 378 4319 aut
394 4246 431 4319 vi
449 4246 679 4344 compellunt,
694 4256 759 4320 aut
776 4245 899 4320 fraudo
922 4245 1117 4344 decipiunt,
1133 4245 1273 4344 aliquas
1298 4246 1531 4321 confessionis

313 4386 389 4435 sum
405 4359 444 4433 in
468 4360 627 4459 aliquam
653 4371 790 4459 partem
819 4383 927 4460 quam
957 4382 1027 4434 non
1052 4359 1191 4450 debent,
1207 4368 1272 4433 aut
1295 4383 1358 4457 pro
1382 4384 1532 4434 suarum

309 4472 633 4576 :uonrequisitione
651 4483 856 4567 rerum,aut
867 4474 959 4575 quod
975 4474 1132 4552 deterius
1148 4484 1203 4552 est
1219 4473 1258 4549 in
1274 4472 1383 4550 alieni
1400 4476 1534 4553 erroris
