3608 5498
660 427 855 491 -147-

152 572 234 623 men
252 547 305 622 illi
325 573 472 647 scysma
489 572 559 623 non
572 550 744 638 fecerant,
761 574 828 625 nec
842 549 936 625 saras
948 550 1087 646 egressi
1100 559 1223 625 contra
1240 549 1305 625 Dei
1318 574 1372 623 sa·

149 662 309 739 cerdotes
326 663 552 762 impudenter
568 674 675 763 atque
687 663 865 739 hostiliter
883 663 1155 754 rebellaverant,
1168 663 1261 761 quod
1273 688 1372 739 nunc

149 776 392 854 hiEcclesiam
405 779 661 869 scindenteset
669 790 793 855 contra
803 801 925 875 pacem
935 787 1043 875 atque
1051 777 1227 851 unitatem
1237 775 1373 851 Christi

149 890 298 966 rebelles
312 892 517 967 cathedram
536 892 602 967 sibi
620 893 849 975 constituere,
862 903 898 967 et
911 892 1106 990 primatum
1120 914 1302 965 assumere
1317 912 1372 965 eo-

150 1015 293 1080 nantur.
318 1009 365 1081 Et
382 1015 459 1104 post
476 1031 599 1104 pauca.
617 1012 735 1106 Atque
752 1017 794 1082 ut
812 1007 930 1103 magis
946 1006 1104 1103 intelligi
1122 1005 1232 1104 possit
1248 1015 1373 1081 contra

148 1119 320 1194 eiusmodi
337 1119 524 1194 audaciam
541 1145 621 1219 quae
639 1121 686 1195 sit
702 1146 855 1197 censura
878 1121 1001 1195 divina
1019 1121 1226 1196 invenimus
1244 1120 1282 1194 in
1307 1118 1372 1194 tali

148 1232 305 1308 facinore
322 1257 392 1308 non
409 1233 523 1309 solum
550 1235 658 1310 duces
676 1245 712 1310 et
729 1245 903 1324 auctores
920 1235 983 1310 sed
1000 1244 1036 1309 et
1052 1233 1244 1332 participes
1261 1232 1373 1332 paenis

149 1345 332 1436 destinari,
345 1347 415 1420 nisi
433 1372 471 1423 se
488 1373 509 1420 a
527 1347 776 1424 communione
796 1348 969 1423 malorum
985 1347 1231 1446 separaverint
1251 1346 1372 1445 praeci·

149 1458 268 1556 piente
285 1483 347 1557 per
364 1463 514 1558 Moysen
531 1462 681 1536 Domino
697 1471 733 1536 et
755 1462 905 1538 dicente.
923 1461 1146 1561 Separamini
1164 1486 1186 1534 a
1211 1460 1374 1535 taberna·

149 1573 243 1648 culis
266 1574 452 1649 hominum
478 1575 628 1649 istorum
654 1575 928 1651 durissimorum
954 1586 991 1651 et
1014 1574 1124 1651 nolite
1147 1584 1299 1670 tangere
1327 1571 1373 1646 ab

149 1687 313 1764 omnibus
329 1714 408 1788 quae
424 1699 511 1766 sunt
527 1691 590 1779 eie,
607 1716 652 1765 ne
671 1690 779 1765 simul
796 1690 950 1788 pereatis
964 1689 1002 1763 in
1016 1701 1160 1788 peceato
1177 1713 1309 1765 earum.
1326 1690 1374 1760 Et

149 1803 240 1901 quod
249 1806 488 1880 comminatus
501 1830 563 1903 per
576 1809 727 1904 Moysen
738 1805 912 1879 Dominus
925 1803 1216 1902 sueratimplevit
1228 1803 1373 1901 utquis-

149 1940 218 2014 que
235 1943 273 1994 se
289 1943 309 1991 a
325 1918 439 1994 Chore
454 1929 490 1994 et
506 1921 622 1993 Datan
640 1929 676 1995 et
695 1920 829 1994 Abiron
842 1942 912 1993 non
925 1929 1135 2017 separasset,
1147 1943 1283 2016 paenam
1302 1926 1374 1991 sta·

147 2032 213 2106 tim
222 2033 403 2132 proimpia
416 2034 665 2110 commuuione
678 2034 905 2132 persolveret.
915 2037 992 2120 Quo
1004 2033 1164 2129 exemplo
1172 2031 1371 2107 ostenditur

148 2156 184 2221 et
200 2147 381 2244 probatur,
397 2148 562 2224 obnoxios
578 2171 700 2224 omnes
716 2159 753 2223 et
769 2147 883 2245 culpae
909 2158 943 2223 et
966 2173 1076 2246 paeuae
1093 2147 1234 2220 futuros
1250 2144 1313 2243 qui
1332 2168 1370 2218 se

147 2262 377 2359 scysmaticis
390 2272 512 2337 contra
530 2262 733 2360 praepositos
749 2271 786 2337 et
803 2263 1001 2339 sacerdotes
1019 2260 1214 2356 irriligiosa
1228 2258 1370 2335 temeri·

147 2382 221 2448 tate
247 2375 466 2450 miscuerint.
484 2375 545 2450 Sic
562 2375 671 2450 etiam
689 2400 751 2474 per
777 2378 875 2451 Oseae
893 2375 1099 2474 prophetam
1117 2374 1274 2472 Spiritus
1291 2397 1371 2447 sau·

10 2509 17 2525 ·
148 2498 229 2564 ctus
246 2499 466 2565 contestatur
483 2506 519 2565 et
536 2491 632 2566 dicit.
649 2490 834 2567 Sacrificia
851 2512 974 2564 eorum
991 2500 1175 2587 tamquam
1197 2485 1300 2585 panis
1318 2485 1372 2559 lu·

148 2612 229 2678 ctus
245 2625 368 2679 omnes
385 2604 446 2702 qui
464 2605 684 2680 manducant
696 2603 1064 2680 excomminabuntur.
1078 2605 1216 2677 Docens
1233 2599 1372 2675 seilicet

148 2727 184 2793 et
199 2720 387 2794 ostendens
411 2742 533 2796 omnes
559 2719 668 2793 simul
692 2745 775 2796 curn
794 2716 973 2793 actoribus
998 2713 1173 2814 supplicio
1197 2712 1370 2809 coniungi

148 2832 209 2930 qui
227 2832 362 2907 fuerint
379 2856 498 2909 eorum
517 2843 661 2932 peccato
678 2832 920 2909 contaminati.

685 3026 831 3112 Olllll'l.

276 3234 368 3288 Idem
384 3235 439 3290 lib.
460 3236 502 3289 de
520 3236 675 3289 Eccleeiae
695 3234 853 3287 catholice
871 3233 996 3286 unitate
1015 3233 1100 3285 inter
1119 3231 1238 3284 cetera.

243 3406 414 3504 quuitur
427 3408 602 3482 Dominus
619 3408 664 3483 ad
682 3411 839 3482 Petrum.
852 3410 942 3503 Ego,
958 3405 1077 3503 inquit
1089 3404 1167 3480 dico
1183 3400 1249 3480 tibi
1265 3406 1368 3477 Petro

149 3518 235 3615 quia
251 3527 291 3593 tu
309 3544 347 3593 es
372 3522 501 3596 Petrus
518 3531 555 3596 et
579 3546 687 3619 super
702 3521 796 3597 hanc
822 3532 959 3620 petram
976 3520 1145 3597 edificabo
1171 3518 1367 3597 Ecclesiam

149 3656 264 3706 meam
282 3642 318 3708 et
330 3643 439 3730 portoe
456 3633 652 3710 inferorum
670 3657 740 3709 non
759 3635 908 3710 vincent
923 3659 1002 3710 eam
1015 3645 1052 3711 et
1063 3633 1129 3709 tibi
1142 3633 1231 3708 dabo
1247 3631 1369 3708 claves

149 3744 252 3840 regni
275 3744 445 3821 celorum.
464 3749 510 3820 Et
534 3771 767 3845 quaecumque
784 3747 960 3844 ligaveris
977 3772 1083 3846 super
1104 3757 1237 3823 terram
1262 3751 1371 3819 erunt

148 3855 261 3950 ligata
279 3856 317 3929 in
335 3857 421 3932 caelo
437 3867 473 3933 et
490 3881 725 3958 quaecumque
743 3861 892 3936 solveris
908 3871 1017 3936 erunt
1033 3861 1149 3936 soluta
1166 3869 1203 3936 et
1219 3859 1258 3932 iu
1275 3857 1369 3934 caelc.

148 3971 195 4043 Et
213 3969 306 4045 idem
326 3980 403 4067 post
416 3972 713 4048 resurrectionem
731 3974 820 4050 dicit
832 3974 897 4049 illi.
915 3977 1026 4051 Pasce
1038 3999 1123 4051 oves
1135 3997 1241 4049 meas.
1254 3974 1370 4069 Super

149 4080 252 4155 illum
279 4083 422 4160 edificat
447 4085 645 4161 Ecclesiam
672 4098 707 4161 et
732 4087 786 4161 illi
812 4089 1007 4185 pascendas
1031 4112 1114 4163 oves
1143 4085 1298 4160 mandat.
1322 4086 1370 4158 Et

148 4195 314 4291 quamvis
329 4197 505 4295 Apostolis
517 4199 683 4273 omnibus
696 4224 817 4296 parem
834 4203 971 4277 tribuat
987 4212 1207 4300 potestatem,
1224 4210 1261 4277 et
1272 4199 1370 4276 dicat

147 4308 243 4384 sicut
260 4309 360 4386 misit
377 4337 434 4387 me
452 4315 559 4388 Pater
575 4325 611 4389 et
628 4336 696 4409 ego
713 4315 816 4389 1111110
831 4339 905 4402 vos,
923 4315 1075 4413 accipite
1097 4315 1272 4414 Spiritum
1289 4337 1369 4387 san·

147 4433 258 4513 ctum,
275 4436 310 4500 et
323 4426 354 4500 si
368 4428 428 4502 cui
446 4427 657 4504 remiseritis
674 4438 820 4527 peecata
838 4429 1073 4505 remittuntur
1089 4429 1133 4520 ei,
1150 4429 1181 4503 si
1198 4427 1303 4504 euius
1318 4453 1370 4502 re

146 4537 328 4613 timueritis
348 4540 577 4631 tenebuntur,
592 4552 713 4618 tamen
731 4551 772 4616 ut
788 4544 964 4618 unitatem
984 4544 1240 4630 manifestaret,
1257 4565 1367 4616 unam
