3608 5498
912 30 938 65 ff

896 68 948 217 t

801 394 997 458 -121-

289 527 345 591 tes
362 516 531 614 quoniam
550 539 611 612 per
625 516 822 590 triennium
835 525 938 591 nocte
956 526 992 590 et
1005 516 1061 590 die
1074 539 1145 590 non
1159 516 1297 591 cessavi
1312 541 1395 592 cum
1409 517 1515 595 lacri-

288 630 357 703 mis
366 642 992 728 monensunumquemquevestrum.
1002 633 1099 707 Idem
1114 658 1240 706 rursus
1254 656 1315 729 per
1328 631 1512 730 epistolam

290 742 387 818 dicit.
405 742 558 818 Obsecro
573 765 634 816 vos
653 744 781 819 fratres
803 754 842 818 ut
860 745 968 840 digne
985 746 1188 834 ambuletis,
1204 747 1289 822 hinc
1306 769 1393 842 ergo
1410 747 1510 822 colli-

287 868 353 954 gat
374 858 404 930 si
422 857 612 954 aliquando
628 858 765 955 aliquid
784 869 878 935 recte
895 859 1016 948 sentit,
1032 871 1167 958 quanta
1184 860 1389 934 humilitate
1408 860 1511 936 debet

288 972 461 1068 magistro
475 970 570 1069 loqui
584 971 776 1070 discipulos
793 974 823 1047 si
842 975 915 1072 ipse
934 975 1107 1070 magister
1124 976 1289 1071 gentium
1308 976 1345 1048 in
1359 974 1417 1050 his
1431 1001 1510 1073 quae

158 1162 161 1167 ,
288 1113 371 1163 cum
388 1088 600 1163 auctoritate
618 1089 786 1185 praedicat
798 1100 871 1163 tam
889 1089 1065 1163 submisse
1081 1089 1275 1186 discipulos
1292 1100 1407 1186 rogat,
1425 1089 1511 1167 lrinc

289 1202 536 1301 unusquisque
553 1203 712 1298 colligat,
729 1205 781 1277 eis
802 1229 824 1277 a
841 1203 970 1300 quibus
987 1202 1075 1278 bene
1093 1202 1240 1277 vivendi
1258 1203 1419 1300 exempla
1436 1228 1513 1299 per·

288 1317 395 1414 oepit,
411 1316 478 1392 hoc
491 1316 584 1414 quod
599 1317 688 1392 bene
700 1317 878 1412 intelligit
894 1342 1000 1416 quam
1014 1315 1198 1391 humiliter
1212 1317 1319 1405 dicat,
1332 1317 1361 1390 si
1376 1317 1512 1391 Paulus

288 1429 420 1504 humili
440 1452 526 1505 voce
542 1453 580 1504 se
598 1428 652 1503 illi
669 1429 827 1504 subdidit
844 1453 931 1528 quos
947 1431 991 1503 ad
1009 1430 1121 1504 vitam
1141 1429 1215 1527 ipse
1233 1429 1434 1506 suscitavit.

800 1594 999 1679 dlxxvii.

383 1764 581 1861 Gregorius
597 1765 635 1837 in
653 1764 772 1839 llibro
787 1765 984 1841 moralium.
997 1768 1058 1842 lob
1070 1767 1203 1843 dicitur
1216 1768 1349 1857 dolens
1363 1773 1415 1845 Us
1432 1793 1513 1844 con-

290 1882 436 1957 siliator.
449 1879 663 1954 Intuendum
679 1889 733 1954 est
746 1905 851 1977 quam
867 1879 990 1955 nullus
1005 1882 1101 1956 dolor
1118 1883 1165 1957 sit
1179 1883 1311 1958 mentis
1324 1882 1362 1956 in
1375 1884 1513 1959 actione

288 1995 586 2095 precipitationis.
600 1994 669 2081 Qui
688 1994 784 2067 enim
802 1995 878 2070 sine
893 1995 1052 2071 consiliis
1067 1996 1209 2083 vivunt,
1222 1996 1283 2093 qui
1302 1997 1509 2093 semetipsos

290 2136 410 2187 rernm
432 2108 620 2186 eventibus
637 2109 837 2207 precipites
858 2112 1026 2185 deserunt
1042 2109 1142 2184 nullo
1163 2109 1308 2184 interim
1329 2110 1513 2205 cogitatio-

289 2252 375 2300 num
397 2226 512 2300 dolore
530 2225 741 2319 fatigantur.
758 2228 849 2297 Nam
869 2225 930 2322 qui
944 2224 1105 2299 sollerter
1119 2224 1157 2296 in
1171 2224 1255 2297 vite
1268 2223 1415 2299 consilio
1433 2225 1514 2320 figit

290 2349 444 2414 mentem
458 2347 562 2414 caute
576 2361 652 2411 esse
667 2337 813 2410 inomni
827 2338 966 2413 actione
980 2338 1298 2436 circumspiciendo
1314 2339 1513 2414 considerat

290 2464 326 2529 et
339 2479 382 2529 ne
401 2478 444 2528 ex
461 2477 500 2528 re
517 2476 596 2550 quar
612 2451 736 2547 agitur
754 2453 962 2550 repentinus
980 2452 1061 2525 linis
1074 2452 1316 2550 adversusque
1330 2451 1514 2550 supripiat‚

289 2566 356 2642 hoc
368 2567 467 2667 prius
476 2566 609 2640 mollito
617 2565 729 2663 posito
738 2567 824 2664 pede
834 2566 1061 2662 cogitationis
1071 2566 1201 2664 palpat.
1212 2570 1343 2640 Pensat
1351 2591 1396 2641 ne
1404 2566 1448 2640 ab
1457 2565 1514 2642 his

290 2706 369 2780 quae
395 2680 535 2777 agenda
552 2690 638 2753 sunt
655 2680 803 2754 formido
820 2703 889 2754 non
908 2680 1111 2778 praepediat,
1130 2705 1174 2754 ne
1192 2679 1230 2751 in
1247 2678 1305 2752 his
1321 2702 1401 2776 quae
1418 2678 1514 2753 diffe-

291 2796 400 2871 renda
417 2805 503 2868 sunt
516 2794 748 2892 praecipitatio
760 2793 932 2891 impellat,
941 2819 986 2868 ne
999 2818 1109 2890 prava
1120 2818 1180 2891 per
1190 2793 1516 2891 concupiscentiam
1611 2820 1615 2827 ·

289 2917 410 3007 aperto
427 2908 518 2984 bello
535 2917 715 3005 superent,
732 2933 777 2983 ne
792 2919 888 2984 recta
902 2932 964 3005 per
981 2907 1124 2982 inanem
1139 2907 1291 3003 gloriam
1314 2907 1514 2982 insidiando

290 3021 530 3120 supplantent.
551 3021 611 3096 Iob
636 3045 722 3117 ergo
743 3022 838 3096 intra
861 3026 939 3095 Hus
960 3021 1098 3095 habitat
1118 3022 1203 3095 dum
1230 3021 1363 3096 mentis
1389 3021 1513 3097 electis

290 3159 359 3234 quo
376 3135 495 3231 magis
508 3159 569 3233 per
582 3135 770 3211 consilium
790 3135 913 3212 vivere
930 3136 1071 3223 nititur,
1084 3159 1124 3209 oo
1140 3136 1288 3230 angusti
1303 3135 1444 3210 itineris
1458 3135 1515 3209 do·

291 3249 364 3326 lore
378 3250 564 3346 fatigatur.
577 3250 665 3324 Boni
683 3250 779 3325 enim
795 3251 865 3322 viri
879 3251 979 3325 freno
991 3248 1131 3322 consilii
1148 3247 1303 3323 retinent
1315 3247 1513 3349 praecipita·

291 3364 421 3439 tionem
440 3363 539 3437 verbi
552 3372 588 3438 et
604 3374 708 3438 caute
727 3353 953 3438 considerant
970 3387 1014 3437 ne
1033 3362 1233 3437 relaxantes
1259 3363 1384 3458 lingue
1409 3360 1515 3437 lasci-

291 3478 400 3567 viam,
424 3478 626 3552 auditorum
652 3477 907 3553 conscientiam
925 3476 1072 3552 incauta
1090 3475 1268 3552 locutione
1285 3476 1513 3571 transfigant.

291 3592 387 3666 Idem
401 3591 439 3664 in
452 3592 747 3666 eisdemGrande
761 3591 948 3668 consilium
963 3590 1078 3665 cordis
1088 3615 1227 3666 omnem
1238 3590 1516 3666 inconstantiam

292 3705 497 3801 vagationis
510 3704 665 3801 expellit.
675 3709 769 3779 Sunt
785 3706 882 3780 enim
896 3705 1057 3780 homines
1071 3706 1132 3803 qui
1147 3706 1219 3780 levi
1235 3715 1343 3794 motu,
1355 3728 1422 3779 nec
1435 3703 1515 3793 ista,

293 3842 359 3892 nec
377 3817 440 3890 illa
465 3817 676 3901 desiderent.
702 3820 935 3916 Omnipotens
961 3843 1046 3894 vero
1071 3822 1168 3893 Deus
1192 3819 1277 3917 quia
1303 3819 1398 3915 ipsas
1418 3817 1516 3892 leves

296 3930 546 4007 fluctuationes
560 3932 704 4005 initium
724 3956 793 4007 non
812 3932 942 4009 leviter
956 3943 1091 4032 pensat,
1105 3933 1317 4029 vagationes
1330 3931 1446 4007 cordis
1463 3955 1515 4007 rc·

291 4045 481 4142 linquendo
496 4045 677 4119 diiudicat.
688 4046 755 4120 Sed
769 4071 853 4121 cum
871 4047 1098 4144 pergratiam
1116 4045 1261 4143 respicit
1274 4069 1407 4141 vagam
1421 4069 1517 4119 men·
1615 4096 1623 4108 -

291 4171 363 4235 tem
382 4160 419 4232 in
433 4159 574 4235 consilii
595 4160 829 4235 stabilitatem
842 4161 933 4257 figit.
949 4163 1040 4236 Cum
1059 4184 1145 4236 vero
1157 4160 1255 4235 leves
1275 4168 1390 4233 motus
1407 4159 1517 4232 homi·

292 4273 350 4347 nis
370 4272 645 4350 misericorditer
660 4275 827 4379 respicit,
844 4274 910 4351 hoc
931 4276 1093 4376 protinus
1113 4277 1157 4350 ad
1175 4275 1385 4351 constantie
1404 4285 1518 4348 matu·

292 4386 433 4462 ritatem
462 4388 591 4462 format
619 4399 726 4487 atque
748 4389 792 4463 ad
810 4414 972 4487 supernae
996 4389 1123 4484 gratiae
1141 4398 1341 4485 respectum
1360 4411 1420 4469 cor
1436 4388 1515 4464 eius

292 4499 337 4573 ad
354 4501 572 4597 gravitatem
591 4501 732 4577 consilii
752 4512 895 4602 repente
913 4502 1084 4601 perducit.
