<?xml version="1.0" encoding="UTF-8"?>
<!DOCTYPE html PUBLIC "-//W3C//DTD XHTML 1.0 Transitional//EN"
    "http://www.w3.org/TR/xhtml1/DTD/xhtml1-transitional.dtd">
<html xmlns="http://www.w3.org/1999/xhtml" xml:lang="en" lang="en">
 <head>
  <title>
</title>
<meta http-equiv="Content-Type" content="text/html;charset=utf-8" />
  <meta name='ocr-system' content='tesseract 3.04.00' />
  <meta name='ocr-capabilities' content='ocr_page ocr_carea ocr_par ocr_line ocrx_word'/>
</head>
<body>
  <div class='ocr_page' id='page_1' title='image "./collectiocanonu00deusgoog_0536.png"; bbox 0 0 3608 5498; ppageno 0'>
   <div class='ocr_carea' id='block_1_1' title="bbox 805 407 1002 469">
    <p class='ocr_par' dir='ltr' id='par_1_1' title="bbox 805 407 1002 469">
     <span class='ocr_line' id='line_1_1' title="bbox 805 407 1002 469; baseline 0.005 -1"><span class='ocrx_word' id='word_1_1' title='bbox 805 407 1002 469; x_wconf 82' lang='lat'>-505-</span> 
     </span>
    </p>
   </div>
   <div class='ocr_carea' id='block_1_2' title="bbox 289 526 1511 740">
    <p class='ocr_par' dir='ltr' id='par_1_2' title="bbox 289 526 1511 740">
     <span class='ocr_line' id='line_1_2' title="bbox 289 526 1511 624; baseline -0.002 -21"><span class='ocrx_word' id='word_1_2' title='bbox 289 539 381 604; x_wconf 88' lang='lat' dir='ltr'>state</span> <span class='ocrx_word' id='word_1_3' title='bbox 400 540 484 604; x_wconf 90' lang='lat' dir='ltr'>sunt</span> <span class='ocrx_word' id='word_1_4' title='bbox 501 528 539 601; x_wconf 92' lang='lat' dir='ltr'>in</span> <span class='ocrx_word' id='word_1_5' title='bbox 557 551 678 603; x_wconf 88' lang='lat' dir='ltr'>eorum</span> <span class='ocrx_word' id='word_1_6' title='bbox 698 536 868 624; x_wconf 81' lang='lat' dir='ltr'>potestate</span> <span class='ocrx_word' id='word_1_7' title='bbox 882 529 1025 601; x_wconf 89' lang='lat' dir='ltr'>omnino</span> <span class='ocrx_word' id='word_1_8' title='bbox 1038 527 1178 601; x_wconf 90' lang='lat' dir='ltr'>dimitto</span> <span class='ocrx_word' id='word_1_9' title='bbox 1191 536 1227 601; x_wconf 90' lang='lat' dir='ltr'>et</span> <span class='ocrx_word' id='word_1_10' title='bbox 1239 527 1283 601; x_wconf 84' lang='lat' dir='ltr'>ad</span> <span class='ocrx_word' id='word_1_11' title='bbox 1296 526 1511 600; x_wconf 85' lang='lat' dir='ltr'>ordinandas</span> 
     </span>
     <span class='ocr_line' id='line_1_3' title="bbox 290 638 1486 740; baseline -0.005 -23"><span class='ocrx_word' id='word_1_12' title='bbox 290 667 330 717; x_wconf 92' lang='lat' dir='ltr'>ea</span> <span class='ocrx_word' id='word_1_13' title='bbox 355 642 551 717; x_wconf 90' lang='lat' dir='ltr'>secundum</span> <span class='ocrx_word' id='word_1_14' title='bbox 571 638 685 715; x_wconf 85' lang='lat' dir='ltr'>Deum</span> <span class='ocrx_word' id='word_1_15' title='bbox 706 666 822 715; x_wconf 91' lang='lat' dir='ltr'>meum</span> <span class='ocrx_word' id='word_1_16' title='bbox 842 665 904 740; x_wconf 89' lang='lat' dir='ltr'>pro</span> <span class='ocrx_word' id='word_1_17' title='bbox 921 663 998 714; x_wconf 91' lang='lat' dir='ltr'>meo</span> <span class='ocrx_word' id='word_1_18' title='bbox 1016 663 1114 736; x_wconf 86' lang='lat' dir='ltr'>posse</span> <span class='ocrx_word' id='word_1_19' title='bbox 1134 638 1285 714; x_wconf 86' lang='lat' dir='ltr'>fideliter</span> <span class='ocrx_word' id='word_1_20' title='bbox 1301 638 1486 713; x_wconf 88' lang='lat' dir='ltr'>adiuvabo.</span> 
     </span>
    </p>
   </div>
   <div class='ocr_carea' id='block_1_3' title="bbox 409 825 1392 894">
    <p class='ocr_par' dir='ltr' id='par_1_3' title="bbox 409 825 1392 894">
     <span class='ocr_line' id='line_1_4' title="bbox 409 825 1392 894; baseline -0.003 -15"><span class='ocrx_word' id='word_1_21' title='bbox 409 832 458 880; x_wconf 80' lang='lat' dir='ltr'>Ex</span> <span class='ocrx_word' id='word_1_22' title='bbox 475 827 557 880; x_wconf 88' lang='lat' dir='ltr'>libro</span> <span class='ocrx_word' id='word_1_23' title='bbox 576 831 796 882; x_wconf 82' lang='lat' dir='ltr'>Romanorum</span> <span class='ocrx_word' id='word_1_24' title='bbox 815 828 1006 881; x_wconf 82' lang='lat' dir='ltr'>Pontificum</span> <span class='ocrx_word' id='word_1_25' title='bbox 1025 829 1080 894; x_wconf 81' lang='lat' dir='ltr'>qui</span> <span class='ocrx_word' id='word_1_26' title='bbox 1098 828 1234 879; x_wconf 84' lang='lat' dir='ltr'>vocatur</span> <span class='ocrx_word' id='word_1_27' title='bbox 1247 825 1392 879; x_wconf 80' lang='lat' dir='ltr'>diurnus.</span> 
     </span>
    </p>
   </div>
   <div class='ocr_carea' id='block_1_4' title="bbox 289 974 1513 4026">
    <p class='ocr_par' dir='ltr' id='par_1_4' title="bbox 289 974 1513 4026">
     <span class='ocr_line' id='line_1_5' title="bbox 385 974 1510 1050; baseline -0.002 -1"><span class='ocrx_word' id='word_1_28' title='bbox 385 979 427 1049; x_wconf 91' lang='lat' dir='ltr'>In</span> <span class='ocrx_word' id='word_1_29' title='bbox 445 975 586 1049; x_wconf 88' lang='lat' dir='ltr'>nomine</span> <span class='ocrx_word' id='word_1_30' title='bbox 605 974 745 1048; x_wconf 86' lang='lat' dir='ltr'><strong>Domini</strong></span> <span class='ocrx_word' id='word_1_31' title='bbox 761 975 824 1050; x_wconf 90' lang='lat' dir='ltr'>Dei</span> <span class='ocrx_word' id='word_1_32' title='bbox 840 976 1027 1050; x_wconf 87' lang='lat' dir='ltr'>salvatoris</span> <span class='ocrx_word' id='word_1_33' title='bbox 1044 975 1155 1050; x_wconf 78' lang='lat' dir='ltr'>nostri</span> <span class='ocrx_word' id='word_1_34' title='bbox 1174 979 1255 1050; x_wconf 89' lang='lat' dir='ltr'>lesu</span> <span class='ocrx_word' id='word_1_35' title='bbox 1273 974 1419 1049; x_wconf 84' lang='lat' dir='ltr'>Christi.</span> <span class='ocrx_word' id='word_1_36' title='bbox 1438 979 1510 1047; x_wconf 84' lang='lat' dir='ltr'>An-</span> 
     </span>
     <span class='ocr_line' id='line_1_6' title="bbox 290 1087 1511 1186; baseline -0.001 -24"><span class='ocrx_word' id='word_1_37' title='bbox 290 1114 335 1164; x_wconf 90' lang='lat' dir='ltr'>no</span> <span class='ocrx_word' id='word_1_38' title='bbox 360 1101 492 1164; x_wconf 85' lang='lat' dir='ltr'>sanetae</span> <span class='ocrx_word' id='word_1_39' title='bbox 517 1089 774 1163; x_wconf 83' lang='lat' dir='ltr'>incarnationis</span> <span class='ocrx_word' id='word_1_40' title='bbox 799 1089 878 1163; x_wconf 90' lang='lat' dir='ltr'>eius</span> <span class='ocrx_word' id='word_1_41' title='bbox 896 1093 943 1163; x_wconf 87' lang='lat' dir='ltr'>M.</span> <span class='ocrx_word' id='word_1_42' title='bbox 961 1089 1012 1164; x_wconf 92' lang='lat' dir='ltr'>ill.</span> <span class='ocrx_word' id='word_1_43' title='bbox 1029 1089 1201 1164; x_wconf 89' lang='lat' dir='ltr'>Promitte</span> <span class='ocrx_word' id='word_1_44' title='bbox 1219 1112 1286 1183; x_wconf 81' lang='lat' dir='ltr'>ego</span> <span class='ocrx_word' id='word_1_45' title='bbox 1311 1087 1361 1161; x_wconf 89' lang='lat' dir='ltr'>ill.</span> <span class='ocrx_word' id='word_1_46' title='bbox 1379 1088 1511 1186; x_wconf 90' lang='lat' dir='ltr'>episeo-</span> 
     </span>
     <span class='ocr_line' id='line_1_7' title="bbox 293 1201 1512 1303; baseline -0.002 -27"><span class='ocrx_word' id='word_1_47' title='bbox 293 1231 359 1303; x_wconf 91' lang='lat' dir='ltr'>pus</span> <span class='ocrx_word' id='word_1_48' title='bbox 373 1213 506 1278; x_wconf 75' lang='lat' dir='ltr'>sanctur</span> <span class='ocrx_word' id='word_1_49' title='bbox 519 1202 689 1278; x_wconf 82' lang='lat' dir='ltr'>aecelesiae</span> <span class='ocrx_word' id='word_1_50' title='bbox 703 1203 751 1276; x_wconf 93' lang='lat' dir='ltr'>ill.</span> <span class='ocrx_word' id='word_1_51' title='bbox 766 1203 866 1277; x_wconf 83' lang='lat' dir='ltr'>vobis</span> <span class='ocrx_word' id='word_1_52' title='bbox 878 1203 979 1277; x_wconf 84' lang='lat' dir='ltr'>beato</span> <span class='ocrx_word' id='word_1_53' title='bbox 999 1207 1100 1277; x_wconf 88' lang='lat' dir='ltr'>Petro</span> <span class='ocrx_word' id='word_1_54' title='bbox 1120 1202 1363 1299; x_wconf 84' lang='lat' dir='ltr'>Apostolorum</span> <span class='ocrx_word' id='word_1_55' title='bbox 1383 1201 1512 1299; x_wconf 87' lang='lat' dir='ltr'>prinoi-</span> 
     </span>
     <span class='ocr_line' id='line_1_8' title="bbox 291 1312 1511 1417; baseline -0.003 -26"><span class='ocrx_word' id='word_1_56' title='bbox 291 1319 327 1417; x_wconf 90' lang='lat' dir='ltr'>pi</span> <span class='ocrx_word' id='word_1_57' title='bbox 356 1317 561 1414; x_wconf 83' lang='lat' dir='ltr'>vicarioque</span> <span class='ocrx_word' id='word_1_58' title='bbox 587 1328 648 1390; x_wconf 87' lang='lat' dir='ltr'>tuo</span> <span class='ocrx_word' id='word_1_59' title='bbox 672 1316 875 1390; x_wconf 86' lang='lat' dir='ltr'>beatissimo</span> <span class='ocrx_word' id='word_1_60' title='bbox 902 1321 1005 1415; x_wconf 82' lang='lat' dir='ltr'>Papae</span> <span class='ocrx_word' id='word_1_61' title='bbox 1029 1315 1170 1391; x_wconf 91' lang='lat' dir='ltr'>domino</span> <span class='ocrx_word' id='word_1_62' title='bbox 1196 1339 1271 1390; x_wconf 89' lang='lat' dir='ltr'>meo</span> <span class='ocrx_word' id='word_1_63' title='bbox 1296 1312 1346 1386; x_wconf 91' lang='lat' dir='ltr'>ill.</span> <span class='ocrx_word' id='word_1_64' title='bbox 1363 1314 1511 1410; x_wconf 87' lang='lat' dir='ltr'>eiusque</span> 
     </span>
     <span class='ocr_line' id='line_1_9' title="bbox 291 1430 1509 1528; baseline -0.002 -24"><span class='ocrx_word' id='word_1_65' title='bbox 291 1430 554 1506; x_wconf 86' lang='lat' dir='ltr'>successoribus</span> <span class='ocrx_word' id='word_1_66' title='bbox 588 1455 649 1528; x_wconf 89' lang='lat' dir='ltr'>per</span> <span class='ocrx_word' id='word_1_67' title='bbox 675 1434 829 1520; x_wconf 86' lang='lat' dir='ltr'>Patrem,</span> <span class='ocrx_word' id='word_1_68' title='bbox 853 1441 889 1505; x_wconf 90' lang='lat' dir='ltr'>et</span> <span class='ocrx_word' id='word_1_69' title='bbox 914 1431 1057 1518; x_wconf 84' lang='lat' dir='ltr'>Filium,</span> <span class='ocrx_word' id='word_1_70' title='bbox 1083 1441 1118 1505; x_wconf 88' lang='lat' dir='ltr'>et</span> <span class='ocrx_word' id='word_1_71' title='bbox 1145 1430 1317 1527; x_wconf 85' lang='lat' dir='ltr'>Spiritum</span> <span class='ocrx_word' id='word_1_72' title='bbox 1344 1438 1509 1503; x_wconf 88' lang='lat' dir='ltr'>sanetum</span> 
     </span>
     <span class='ocr_line' id='line_1_10' title="bbox 291 1543 1511 1641; baseline -0.003 -24"><span class='ocrx_word' id='word_1_73' title='bbox 291 1544 503 1618; x_wconf 86' lang='lat' dir='ltr'>Trinitatem</span> <span class='ocrx_word' id='word_1_74' title='bbox 527 1543 808 1641; x_wconf 80' lang='lat' dir='ltr'>inseparabilem,</span> <span class='ocrx_word' id='word_1_75' title='bbox 822 1554 857 1618; x_wconf 90' lang='lat' dir='ltr'>et</span> <span class='ocrx_word' id='word_1_76' title='bbox 869 1545 934 1618; x_wconf 92' lang='lat' dir='ltr'>hoc</span> <span class='ocrx_word' id='word_1_77' title='bbox 951 1543 1231 1617; x_wconf 85' lang='lat' dir='ltr'>sacratissimum</span> <span class='ocrx_word' id='word_1_78' title='bbox 1251 1566 1378 1638; x_wconf 91' lang='lat' dir='ltr'>corpus</span> <span class='ocrx_word' id='word_1_79' title='bbox 1394 1552 1511 1628; x_wconf 85' lang='lat' dir='ltr'>tuum,</span> 
     </span>
     <span class='ocr_line' id='line_1_11' title="bbox 292 1654 1511 1755; baseline -0.003 -23"><span class='ocrx_word' id='word_1_80' title='bbox 292 1684 348 1733; x_wconf 91' lang='lat' dir='ltr'>me</span> <span class='ocrx_word' id='word_1_81' title='bbox 361 1682 500 1732; x_wconf 92' lang='lat' dir='ltr'>omnem</span> <span class='ocrx_word' id='word_1_82' title='bbox 522 1659 625 1733; x_wconf 89' lang='lat' dir='ltr'>fidem</span> <span class='ocrx_word' id='word_1_83' title='bbox 644 1669 680 1732; x_wconf 87' lang='lat' dir='ltr'>et</span> <span class='ocrx_word' id='word_1_84' title='bbox 696 1658 886 1755; x_wconf 85' lang='lat' dir='ltr'>puritatem</span> <span class='ocrx_word' id='word_1_85' title='bbox 901 1667 1033 1732; x_wconf 77' lang='lat' dir='ltr'>sanctae</span> <span class='ocrx_word' id='word_1_86' title='bbox 1048 1656 1125 1730; x_wconf 84' lang='lat' dir='ltr'>fidei</span> <span class='ocrx_word' id='word_1_87' title='bbox 1141 1655 1322 1731; x_wconf 78' lang='lat' dir='ltr'>catholica</span> <span class='ocrx_word' id='word_1_88' title='bbox 1336 1654 1511 1744; x_wconf 84' lang='lat' dir='ltr'>exhibere,</span> 
     </span>
     <span class='ocr_line' id='line_1_12' title="bbox 290 1769 1512 1870; baseline -0.003 -25"><span class='ocrx_word' id='word_1_89' title='bbox 290 1781 326 1845; x_wconf 92' lang='lat' dir='ltr'>et</span> <span class='ocrx_word' id='word_1_90' title='bbox 343 1772 378 1842; x_wconf 91' lang='lat' dir='ltr'>in</span> <span class='ocrx_word' id='word_1_91' title='bbox 400 1770 536 1845; x_wconf 87' lang='lat' dir='ltr'>unitate</span> <span class='ocrx_word' id='word_1_92' title='bbox 560 1770 639 1844; x_wconf 89' lang='lat' dir='ltr'>fidei</span> <span class='ocrx_word' id='word_1_93' title='bbox 658 1773 731 1844; x_wconf 89' lang='lat' dir='ltr'>Deo</span> <span class='ocrx_word' id='word_1_94' title='bbox 748 1781 913 1868; x_wconf 87' lang='lat' dir='ltr'>operante</span> <span class='ocrx_word' id='word_1_95' title='bbox 931 1771 1117 1870; x_wconf 88' lang='lat' dir='ltr'>persistere</span> <span class='ocrx_word' id='word_1_96' title='bbox 1135 1771 1171 1841; x_wconf 92' lang='lat' dir='ltr'>in</span> <span class='ocrx_word' id='word_1_97' title='bbox 1191 1794 1261 1867; x_wconf 84' lang='lat' dir='ltr'>qna</span> <span class='ocrx_word' id='word_1_98' title='bbox 1279 1769 1394 1843; x_wconf 88' lang='lat' dir='ltr'>omnis</span> <span class='ocrx_word' id='word_1_99' title='bbox 1419 1769 1512 1843; x_wconf 90' lang='lat' dir='ltr'>chri·</span> 
     </span>
     <span class='ocr_line' id='line_1_13' title="bbox 292 1883 1511 1982; baseline -0.002 -24"><span class='ocrx_word' id='word_1_100' title='bbox 292 1886 487 1958; x_wconf 90' lang='lat' dir='ltr'>stianornm</span> <span class='ocrx_word' id='word_1_101' title='bbox 507 1885 605 1958; x_wconf 88' lang='lat' dir='ltr'>salus</span> <span class='ocrx_word' id='word_1_102' title='bbox 622 1910 697 1959; x_wconf 85' lang='lat' dir='ltr'>esse</span> <span class='ocrx_word' id='word_1_103' title='bbox 715 1885 791 1959; x_wconf 87' lang='lat' dir='ltr'>sine</span> <span class='ocrx_word' id='word_1_104' title='bbox 813 1884 919 1959; x_wconf 92' lang='lat' dir='ltr'>dubio</span> <span class='ocrx_word' id='word_1_105' title='bbox 943 1884 1201 1982; x_wconf 89' lang='lat' dir='ltr'>comprobatur,</span> <span class='ocrx_word' id='word_1_106' title='bbox 1225 1893 1261 1959; x_wconf 88' lang='lat' dir='ltr'>et</span> <span class='ocrx_word' id='word_1_107' title='bbox 1287 1883 1386 1956; x_wconf 91' lang='lat' dir='ltr'>nullo</span> <span class='ocrx_word' id='word_1_108' title='bbox 1412 1883 1511 1956; x_wconf 91' lang='lat' dir='ltr'>modo</span> 
     </span>
     <span class='ocr_line' id='line_1_14' title="bbox 291 1996 1510 2073; baseline -0.004 0"><span class='ocrx_word' id='word_1_109' title='bbox 291 2009 414 2073; x_wconf 87' lang='lat' dir='ltr'>contra</span> <span class='ocrx_word' id='word_1_110' title='bbox 432 2001 605 2072; x_wconf 83' lang='lat' dir='ltr'>unit-atem</span> <span class='ocrx_word' id='word_1_111' title='bbox 631 1999 830 2073; x_wconf 88' lang='lat' dir='ltr'>communis</span> <span class='ocrx_word' id='word_1_112' title='bbox 855 2009 891 2072; x_wconf 88' lang='lat' dir='ltr'>et</span> <span class='ocrx_word' id='word_1_113' title='bbox 916 1997 1129 2073; x_wconf 85' lang='lat' dir='ltr'>universalis</span> <span class='ocrx_word' id='word_1_114' title='bbox 1154 1996 1324 2071; x_wconf 69' lang='lat' dir='ltr'>eecclesiae</span> <span class='ocrx_word' id='word_1_115' title='bbox 1346 1996 1510 2070; x_wconf 89' lang='lat' dir='ltr'>suadenti</span> 
     </span>
     <span class='ocr_line' id='line_1_15' title="bbox 290 2109 1508 2212; baseline -0.003 -27"><span class='ocrx_word' id='word_1_116' title='bbox 290 2112 471 2212; x_wconf 87' lang='lat' dir='ltr'>quippiam</span> <span class='ocrx_word' id='word_1_117' title='bbox 493 2111 703 2199; x_wconf 89' lang='lat' dir='ltr'>consentire,</span> <span class='ocrx_word' id='word_1_118' title='bbox 717 2112 775 2185; x_wconf 89' lang='lat' dir='ltr'>sed</span> <span class='ocrx_word' id='word_1_119' title='bbox 791 2123 831 2185; x_wconf 92' lang='lat' dir='ltr'>nt</span> <span class='ocrx_word' id='word_1_120' title='bbox 845 2111 917 2184; x_wconf 85' lang='lat' dir='ltr'>dixi</span> <span class='ocrx_word' id='word_1_121' title='bbox 933 2111 1047 2199; x_wconf 88' lang='lat' dir='ltr'>fidem,</span> <span class='ocrx_word' id='word_1_122' title='bbox 1061 2121 1096 2183; x_wconf 90' lang='lat' dir='ltr'>et</span> <span class='ocrx_word' id='word_1_123' title='bbox 1110 2109 1300 2207; x_wconf 88' lang='lat' dir='ltr'>puritatem</span> <span class='ocrx_word' id='word_1_124' title='bbox 1318 2133 1443 2196; x_wconf 87' lang='lat' dir='ltr'>meam,</span> <span class='ocrx_word' id='word_1_125' title='bbox 1456 2118 1508 2181; x_wconf 90' lang='lat' dir='ltr'>at·</span> 
     </span>
     <span class='ocr_line' id='line_1_16' title="bbox 291 2223 1511 2323; baseline -0.002 -24"><span class='ocrx_word' id='word_1_126' title='bbox 291 2252 359 2323; x_wconf 93' lang='lat' dir='ltr'>que</span> <span class='ocrx_word' id='word_1_127' title='bbox 379 2250 592 2301; x_wconf 88' lang='lat' dir='ltr'>concursum</span> <span class='ocrx_word' id='word_1_128' title='bbox 607 2226 670 2299; x_wconf 91' lang='lat' dir='ltr'>tibi</span> <span class='ocrx_word' id='word_1_129' title='bbox 686 2225 971 2322; x_wconf 87' lang='lat' dir='ltr'>utilitatibusque</span> <span class='ocrx_word' id='word_1_130' title='bbox 988 2223 1157 2299; x_wconf 81' lang='lat' dir='ltr'>aecclesiae</span> <span class='ocrx_word' id='word_1_131' title='bbox 1169 2235 1241 2297; x_wconf 84' lang='lat' dir='ltr'>tuae</span> <span class='ocrx_word' id='word_1_132' title='bbox 1253 2224 1312 2298; x_wconf 90' lang='lat' dir='ltr'>cni</span> <span class='ocrx_word' id='word_1_133' title='bbox 1326 2248 1347 2294; x_wconf 84' lang='lat' dir='ltr'>a</span> <span class='ocrx_word' id='word_1_134' title='bbox 1361 2223 1511 2297; x_wconf 91' lang='lat' dir='ltr'>Domino</span> 
     </span>
     <span class='ocr_line' id='line_1_17' title="bbox 291 2336 1510 2435; baseline -0.001 -24"><span class='ocrx_word' id='word_1_135' title='bbox 291 2341 363 2412; x_wconf 93' lang='lat' dir='ltr'>Deo</span> <span class='ocrx_word' id='word_1_136' title='bbox 385 2340 466 2412; x_wconf 88' lang='lat' dir='ltr'>data</span> <span class='ocrx_word' id='word_1_137' title='bbox 483 2348 537 2413; x_wconf 86' lang='lat' dir='ltr'>est</span> <span class='ocrx_word' id='word_1_138' title='bbox 555 2348 707 2435; x_wconf 89' lang='lat' dir='ltr'>potestas</span> <span class='ocrx_word' id='word_1_139' title='bbox 726 2338 863 2434; x_wconf 85' lang='lat' dir='ltr'>ligandi</span> <span class='ocrx_word' id='word_1_140' title='bbox 881 2338 1121 2434; x_wconf 81' lang='lat' dir='ltr'>solvendique,</span> <span class='ocrx_word' id='word_1_141' title='bbox 1138 2347 1173 2412; x_wconf 90' lang='lat' dir='ltr'>et</span> <span class='ocrx_word' id='word_1_142' title='bbox 1191 2337 1357 2435; x_wconf 83' lang='lat' dir='ltr'>praedicto</span> <span class='ocrx_word' id='word_1_143' title='bbox 1375 2336 1510 2411; x_wconf 86' lang='lat' dir='ltr'>vicario</span> 
     </span>
     <span class='ocr_line' id='line_1_18' title="bbox 291 2450 1511 2549; baseline 0 -25"><span class='ocrx_word' id='word_1_144' title='bbox 291 2462 352 2525; x_wconf 89' lang='lat' dir='ltr'>tuo</span> <span class='ocrx_word' id='word_1_145' title='bbox 368 2463 474 2549; x_wconf 90' lang='lat' dir='ltr'>atque</span> <span class='ocrx_word' id='word_1_146' title='bbox 493 2450 757 2524; x_wconf 84' lang='lat' dir='ltr'>successoribus</span> <span class='ocrx_word' id='word_1_147' title='bbox 775 2451 853 2524; x_wconf 88' lang='lat' dir='ltr'>eius</span> <span class='ocrx_word' id='word_1_148' title='bbox 870 2478 930 2549; x_wconf 92' lang='lat' dir='ltr'>per</span> <span class='ocrx_word' id='word_1_149' title='bbox 947 2451 1066 2526; x_wconf 92' lang='lat' dir='ltr'>omnia</span> <span class='ocrx_word' id='word_1_150' title='bbox 1091 2451 1265 2527; x_wconf 82' lang='lat' dir='ltr'>exhibere.</span> <span class='ocrx_word' id='word_1_151' title='bbox 1292 2451 1511 2525; x_wconf 90' lang='lat' dir='ltr'>Promittens</span> 
     </span>
     <span class='ocr_line' id='line_1_19' title="bbox 289 2565 1509 2665; baseline -0.002 -25"><span class='ocrx_word' id='word_1_152' title='bbox 289 2566 458 2640; x_wconf 84' lang='lat' dir='ltr'>festinare</span> <span class='ocrx_word' id='word_1_153' title='bbox 477 2565 609 2663; x_wconf 90' lang='lat' dir='ltr'>pariter</span> <span class='ocrx_word' id='word_1_154' title='bbox 626 2565 722 2639; x_wconf 92' lang='lat' dir='ltr'>omni</span> <span class='ocrx_word' id='word_1_155' title='bbox 739 2567 881 2655; x_wconf 90' lang='lat' dir='ltr'>annisu,</span> <span class='ocrx_word' id='word_1_156' title='bbox 895 2576 935 2641; x_wconf 88' lang='lat' dir='ltr'>ut</span> <span class='ocrx_word' id='word_1_157' title='bbox 947 2590 1084 2664; x_wconf 89' lang='lat' dir='ltr'>semper</span> <span class='ocrx_word' id='word_1_158' title='bbox 1103 2591 1171 2664; x_wconf 82' lang='lat' dir='ltr'>pax</span> <span class='ocrx_word' id='word_1_159' title='bbox 1187 2592 1295 2665; x_wconf 86' lang='lat' dir='ltr'>quam</span> <span class='ocrx_word' id='word_1_160' title='bbox 1314 2569 1411 2641; x_wconf 88' lang='lat' dir='ltr'>Deus</span> <span class='ocrx_word' id='word_1_161' title='bbox 1429 2566 1509 2640; x_wconf 92' lang='lat' dir='ltr'>dili-</span> 
     </span>
     <span class='ocr_line' id='line_1_20' title="bbox 291 2681 1511 2778; baseline -0.001 -25"><span class='ocrx_word' id='word_1_162' title='bbox 291 2681 348 2775; x_wconf 77' lang='lat' dir='ltr'>git</span> <span class='ocrx_word' id='word_1_163' title='bbox 364 2681 456 2754; x_wconf 88' lang='lat' dir='ltr'>inter</span> <span class='ocrx_word' id='word_1_164' title='bbox 471 2704 649 2754; x_wconf 88' lang='lat' dir='ltr'>romanam</span> <span class='ocrx_word' id='word_1_165' title='bbox 666 2682 918 2778; x_wconf 86' lang='lat' dir='ltr'>rempublicam</span> <span class='ocrx_word' id='word_1_166' title='bbox 933 2691 969 2755; x_wconf 89' lang='lat' dir='ltr'>et</span> <span class='ocrx_word' id='word_1_167' title='bbox 981 2704 1055 2768; x_wconf 91' lang='lat' dir='ltr'>nos,</span> <span class='ocrx_word' id='word_1_168' title='bbox 1067 2681 1132 2756; x_wconf 89' lang='lat' dir='ltr'>hoo</span> <span class='ocrx_word' id='word_1_169' title='bbox 1146 2692 1200 2755; x_wconf 88' lang='lat' dir='ltr'>est</span> <span class='ocrx_word' id='word_1_170' title='bbox 1213 2691 1357 2776; x_wconf 84' lang='lat' dir='ltr'>gentem</span> <span class='ocrx_word' id='word_1_171' title='bbox 1374 2684 1511 2776; x_wconf 85' lang='lat' dir='ltr'>Lango-</span> 
     </span>
     <span class='ocr_line' id='line_1_21' title="bbox 289 2793 1509 2890; baseline 0.002 -24"><span class='ocrx_word' id='word_1_172' title='bbox 289 2793 476 2867; x_wconf 86' lang='lat' dir='ltr'>bardorum</span> <span class='ocrx_word' id='word_1_173' title='bbox 507 2803 748 2882; x_wconf 90' lang='lat' dir='ltr'>conservetnr,</span> <span class='ocrx_word' id='word_1_174' title='bbox 777 2805 812 2869; x_wconf 89' lang='lat' dir='ltr'>et</span> <span class='ocrx_word' id='word_1_175' title='bbox 838 2794 936 2869; x_wconf 92' lang='lat' dir='ltr'>nullo</span> <span class='ocrx_word' id='word_1_176' title='bbox 962 2795 1061 2869; x_wconf 91' lang='lat' dir='ltr'>modo</span> <span class='ocrx_word' id='word_1_177' title='bbox 1086 2804 1209 2870; x_wconf 86' lang='lat' dir='ltr'>eontra</span> <span class='ocrx_word' id='word_1_178' title='bbox 1234 2817 1352 2890; x_wconf 82' lang='lat' dir='ltr'>agere,</span> <span class='ocrx_word' id='word_1_179' title='bbox 1377 2793 1509 2881; x_wconf 86' lang='lat' dir='ltr'>faeere,</span> 
     </span>
     <span class='ocr_line' id='line_1_22' title="bbox 292 2907 1510 3008; baseline 0.001 -28"><span class='ocrx_word' id='word_1_180' title='bbox 292 2907 472 3006; x_wconf 86' lang='lat' dir='ltr'>quippiam</span> <span class='ocrx_word' id='word_1_181' title='bbox 492 2907 681 2982; x_wconf 88' lang='lat' dir='ltr'>adversum</span> <span class='ocrx_word' id='word_1_182' title='bbox 701 2908 876 3006; x_wconf 90' lang='lat' dir='ltr'>promitto,</span> <span class='ocrx_word' id='word_1_183' title='bbox 895 2920 1072 3008; x_wconf 87' lang='lat' dir='ltr'>quatenus</span> <span class='ocrx_word' id='word_1_184' title='bbox 1093 2910 1195 2983; x_wconf 85' lang='lat' dir='ltr'>fidem</span> <span class='ocrx_word' id='word_1_185' title='bbox 1221 2933 1334 2982; x_wconf 87' lang='lat' dir='ltr'>meam</span> <span class='ocrx_word' id='word_1_186' title='bbox 1349 2908 1386 2980; x_wconf 91' lang='lat' dir='ltr'>in</span> <span class='ocrx_word' id='word_1_187' title='bbox 1399 2909 1510 2981; x_wconf 90' lang='lat' dir='ltr'>omni-</span> 
     </span>
     <span class='ocr_line' id='line_1_23' title="bbox 289 3020 1509 3119; baseline 0 -26"><span class='ocrx_word' id='word_1_188' title='bbox 289 3020 356 3093; x_wconf 89' lang='lat' dir='ltr'>bus</span> <span class='ocrx_word' id='word_1_189' title='bbox 374 3020 651 3095; x_wconf 86' lang='lat' dir='ltr'>sincerissimam</span> <span class='ocrx_word' id='word_1_190' title='bbox 670 3022 864 3097; x_wconf 82' lang='lat' dir='ltr'>exhibeam.</span> <span class='ocrx_word' id='word_1_191' title='bbox 881 3023 982 3109; x_wconf 83' lang='lat' dir='ltr'>Quod</span> <span class='ocrx_word' id='word_1_192' title='bbox 999 3022 1028 3094; x_wconf 86' lang='lat' dir='ltr'>si</span> <span class='ocrx_word' id='word_1_193' title='bbox 1046 3022 1137 3119; x_wconf 90' lang='lat' dir='ltr'>quod</span> <span class='ocrx_word' id='word_1_194' title='bbox 1154 3021 1248 3094; x_wconf 88' lang='lat' dir='ltr'>absit</span> <span class='ocrx_word' id='word_1_195' title='bbox 1264 3030 1387 3096; x_wconf 86' lang='lat' dir='ltr'>eontra</span> <span class='ocrx_word' id='word_1_196' title='bbox 1400 3020 1509 3093; x_wconf 90' lang='lat' dir='ltr'>huius</span> 
     </span>
     <span class='ocr_line' id='line_1_24' title="bbox 291 3133 1508 3233; baseline 0.001 -28"><span class='ocrx_word' id='word_1_197' title='bbox 291 3133 532 3229; x_wconf 86' lang='lat' dir='ltr'>promissionis</span> <span class='ocrx_word' id='word_1_198' title='bbox 547 3160 621 3208; x_wconf 87' lang='lat' dir='ltr'>mee</span> <span class='ocrx_word' id='word_1_199' title='bbox 635 3135 773 3223; x_wconf 90' lang='lat' dir='ltr'>seriem,</span> <span class='ocrx_word' id='word_1_200' title='bbox 790 3134 926 3233; x_wconf 91' lang='lat' dir='ltr'>aliquid</span> <span class='ocrx_word' id='word_1_201' title='bbox 943 3135 1060 3209; x_wconf 87' lang='lat' dir='ltr'>lacere</span> <span class='ocrx_word' id='word_1_202' title='bbox 1077 3134 1234 3232; x_wconf 86' lang='lat' dir='ltr'>quolibet</span> <span class='ocrx_word' id='word_1_203' title='bbox 1252 3134 1362 3220; x_wconf 90' lang='lat' dir='ltr'>mode,</span> <span class='ocrx_word' id='word_1_204' title='bbox 1379 3144 1442 3208; x_wconf 88' lang='lat' dir='ltr'>aut</span> <span class='ocrx_word' id='word_1_205' title='bbox 1455 3134 1508 3206; x_wconf 93' lang='lat' dir='ltr'>in-</span> 
     </span>
     <span class='ocr_line' id='line_1_25' title="bbox 289 3247 1508 3347; baseline 0.001 -27"><span class='ocrx_word' id='word_1_206' title='bbox 289 3247 482 3342; x_wconf 83' lang='lat' dir='ltr'>genio,ch</span> <span class='ocrx_word' id='word_1_207' title='bbox 500 3249 681 3322; x_wconf 87' lang='lat' dir='ltr'>occasione</span> <span class='ocrx_word' id='word_1_208' title='bbox 700 3249 998 3347; x_wconf 84' lang='lat' dir='ltr'>temptavero,ve1</span> <span class='ocrx_word' id='word_1_209' title='bbox 1012 3260 1135 3323; x_wconf 86' lang='lat' dir='ltr'>contra</span> <span class='ocrx_word' id='word_1_210' title='bbox 1153 3248 1362 3323; x_wconf 87' lang='lat' dir='ltr'>catholicam</span> <span class='ocrx_word' id='word_1_211' title='bbox 1378 3247 1508 3343; x_wconf 82' lang='lat' dir='ltr'>legem,</span> 
     </span>
     <span class='ocr_line' id='line_1_26' title="bbox 294 3359 1511 3446; baseline 0.002 -15"><span class='ocrx_word' id='word_1_212' title='bbox 294 3385 376 3433; x_wconf 87' lang='lat' dir='ltr'>rous</span> <span class='ocrx_word' id='word_1_213' title='bbox 400 3359 564 3434; x_wconf 86' lang='lat' dir='ltr'>inveniar</span> <span class='ocrx_word' id='word_1_214' title='bbox 581 3372 711 3434; x_wconf 84' lang='lat' dir='ltr'>aetorno</span> <span class='ocrx_word' id='word_1_215' title='bbox 725 3360 866 3446; x_wconf 87' lang='lat' dir='ltr'>iudicio,</span> <span class='ocrx_word' id='word_1_216' title='bbox 880 3362 1048 3435; x_wconf 89' lang='lat' dir='ltr'>ultionem</span> <span class='ocrx_word' id='word_1_217' title='bbox 1066 3361 1239 3434; x_wconf 82' lang='lat' dir='ltr'>Annaniae</span> <span class='ocrx_word' id='word_1_218' title='bbox 1253 3362 1378 3435; x_wconf 90' lang='lat' dir='ltr'>Saffirc</span> <span class='ocrx_word' id='word_1_219' title='bbox 1392 3361 1511 3435; x_wconf 91' lang='lat' dir='ltr'>ineur-</span> 
     </span>
     <span class='ocr_line' id='line_1_27' title="bbox 293 3472 1509 3573; baseline 0.004 -30"><span class='ocrx_word' id='word_1_220' title='bbox 293 3498 379 3560; x_wconf 90' lang='lat' dir='ltr'>ram,</span> <span class='ocrx_word' id='word_1_221' title='bbox 393 3473 454 3570; x_wconf 93' lang='lat' dir='ltr'>qui</span> <span class='ocrx_word' id='word_1_222' title='bbox 473 3473 537 3545; x_wconf 89' lang='lat' dir='ltr'>tibi</span> <span class='ocrx_word' id='word_1_223' title='bbox 557 3472 663 3546; x_wconf 88' lang='lat' dir='ltr'>etiam</span> <span class='ocrx_word' id='word_1_224' title='bbox 681 3473 782 3547; x_wconf 89' lang='lat' dir='ltr'>beato</span> <span class='ocrx_word' id='word_1_225' title='bbox 800 3477 904 3547; x_wconf 90' lang='lat' dir='ltr'>Petro</span> <span class='ocrx_word' id='word_1_226' title='bbox 921 3475 963 3549; x_wconf 91' lang='lat' dir='ltr'>de</span> <span class='ocrx_word' id='word_1_227' title='bbox 982 3475 1086 3548; x_wconf 88' lang='lat' dir='ltr'>rebus</span> <span class='ocrx_word' id='word_1_228' title='bbox 1103 3474 1254 3573; x_wconf 90' lang='lat' dir='ltr'>propriis</span> <span class='ocrx_word' id='word_1_229' title='bbox 1268 3475 1403 3548; x_wconf 82' lang='lat' dir='ltr'>hadom</span> <span class='ocrx_word' id='word_1_230' title='bbox 1418 3474 1509 3548; x_wconf 86' lang='lat' dir='ltr'>sace·</span> 
     </span>
     <span class='ocr_line' id='line_1_28' title="bbox 291 3585 1509 3684; baseline 0.002 -27"><span class='ocrx_word' id='word_1_231' title='bbox 291 3611 338 3673; x_wconf 90' lang='lat' dir='ltr'>re,</span> <span class='ocrx_word' id='word_1_232' title='bbox 358 3596 392 3660; x_wconf 91' lang='lat' dir='ltr'>et</span> <span class='ocrx_word' id='word_1_233' title='bbox 410 3585 500 3658; x_wconf 88' lang='lat' dir='ltr'>falsa</span> <span class='ocrx_word' id='word_1_234' title='bbox 518 3585 635 3660; x_wconf 92' lang='lat' dir='ltr'>dicere</span> <span class='ocrx_word' id='word_1_235' title='bbox 653 3598 955 3684; x_wconf 83' lang='lat' dir='ltr'>presumpserunt.</span> <span class='ocrx_word' id='word_1_236' title='bbox 973 3591 1080 3662; x_wconf 92' lang='lat' dir='ltr'>Hune</span> <span class='ocrx_word' id='word_1_237' title='bbox 1097 3598 1218 3661; x_wconf 88' lang='lat' dir='ltr'>antem</span> <span class='ocrx_word' id='word_1_238' title='bbox 1235 3587 1432 3662; x_wconf 89' lang='lat' dir='ltr'>indiculum</span> <span class='ocrx_word' id='word_1_239' title='bbox 1456 3613 1509 3661; x_wconf 87' lang='lat' dir='ltr'>sa·</span> 
     </span>
     <span class='ocr_line' id='line_1_29' title="bbox 289 3699 1513 3800; baseline 0.002 -28"><span class='ocrx_word' id='word_1_240' title='bbox 289 3699 464 3772; x_wconf 86' lang='lat' dir='ltr'>crarncnti</span> <span class='ocrx_word' id='word_1_241' title='bbox 475 3722 542 3794; x_wconf 82' lang='lat' dir='ltr'>ego</span> <span class='ocrx_word' id='word_1_242' title='bbox 555 3699 604 3772; x_wconf 91' lang='lat' dir='ltr'>ill.</span> <span class='ocrx_word' id='word_1_243' title='bbox 626 3699 812 3799; x_wconf 89' lang='lat' dir='ltr'>episeopus</span> <span class='ocrx_word' id='word_1_244' title='bbox 831 3726 939 3774; x_wconf 87' lang='lat' dir='ltr'>manu</span> <span class='ocrx_word' id='word_1_245' title='bbox 953 3701 1091 3799; x_wconf 89' lang='lat' dir='ltr'>propria</span> <span class='ocrx_word' id='word_1_246' title='bbox 1107 3701 1289 3799; x_wconf 77' lang='lat' dir='ltr'>suscripsi,</span> <span class='ocrx_word' id='word_1_247' title='bbox 1303 3712 1409 3798; x_wconf 86' lang='lat' dir='ltr'>atquc</span> <span class='ocrx_word' id='word_1_248' title='bbox 1423 3702 1513 3800; x_wconf 91' lang='lat' dir='ltr'>posi·</span> 
     </span>
     <span class='ocr_line' id='line_1_30' title="bbox 293 3813 1512 3915; baseline 0.002 -29"><span class='ocrx_word' id='word_1_249' title='bbox 293 3824 369 3886; x_wconf 91' lang='lat' dir='ltr'>tum</span> <span class='ocrx_word' id='word_1_250' title='bbox 390 3839 497 3911; x_wconf 89' lang='lat' dir='ltr'>supra</span> <span class='ocrx_word' id='word_1_251' title='bbox 517 3814 796 3889; x_wconf 84' lang='lat' dir='ltr'>sacratissimum</span> <span class='ocrx_word' id='word_1_252' title='bbox 812 3838 939 3915; x_wconf 86' lang='lat' dir='ltr'>corpus</span> <span class='ocrx_word' id='word_1_253' title='bbox 956 3825 1072 3902; x_wconf 91' lang='lat' dir='ltr'>tuum,</span> <span class='ocrx_word' id='word_1_254' title='bbox 1086 3814 1180 3889; x_wconf 88' lang='lat' dir='ltr'>sicut</span> <span class='ocrx_word' id='word_1_255' title='bbox 1193 3813 1358 3912; x_wconf 90' lang='lat' dir='ltr'>superius</span> <span class='ocrx_word' id='word_1_256' title='bbox 1375 3815 1512 3909; x_wconf 82' lang='lat' dir='ltr'>legitur</span> 
     </span>
     <span class='ocr_line' id='line_1_31' title="bbox 293 3928 1510 4026; baseline 0.004 -27"><span class='ocrx_word' id='word_1_257' title='bbox 293 3929 365 4000; x_wconf 92' lang='lat' dir='ltr'>Deo</span> <span class='ocrx_word' id='word_1_258' title='bbox 375 3936 463 4002; x_wconf 87' lang='lat' dir='ltr'>teste</span> <span class='ocrx_word' id='word_1_259' title='bbox 478 3938 513 4001; x_wconf 93' lang='lat' dir='ltr'>et</span> <span class='ocrx_word' id='word_1_260' title='bbox 523 3928 639 4002; x_wconf 91' lang='lat' dir='ltr'>indice</span> <span class='ocrx_word' id='word_1_261' title='bbox 649 3928 797 4025; x_wconf 86' lang='lat' dir='ltr'>praestiti</span> <span class='ocrx_word' id='word_1_262' title='bbox 808 3937 1071 4004; x_wconf 83' lang='lat' dir='ltr'>sacramentum</span> <span class='ocrx_word' id='word_1_263' title='bbox 1081 3929 1325 4026; x_wconf 85' lang='lat' dir='ltr'>quodservare</span> <span class='ocrx_word' id='word_1_264' title='bbox 1336 3929 1510 4026; x_wconf 90' lang='lat' dir='ltr'>promitto.</span> 
     </span>
    </p>
   </div>
   <div class='ocr_carea' id='block_1_5' title="bbox 427 4080 1375 4225">
    <p class='ocr_par' dir='ltr' id='par_1_5' title="bbox 427 4080 1375 4225">
     <span class='ocr_line' id='line_1_32' title="bbox 427 4080 1375 4149; baseline 0.005 -18"><span class='ocrx_word' id='word_1_265' title='bbox 427 4080 564 4133; x_wconf 83' lang='lat' dir='ltr'>sinodus</span> <span class='ocrx_word' id='word_1_266' title='bbox 578 4082 693 4134; x_wconf 84' lang='lat' dir='ltr'>habita</span> <span class='ocrx_word' id='word_1_267' title='bbox 705 4083 737 4133; x_wconf 87' lang='lat' dir='ltr'>in</span> <span class='ocrx_word' id='word_1_268' title='bbox 750 4083 1051 4147; x_wconf 83' lang='lat' dir='ltr'>constantinopolis</span> <span class='ocrx_word' id='word_1_269' title='bbox 1065 4084 1127 4136; x_wconf 83' lang='lat' dir='ltr'>sub</span> <span class='ocrx_word' id='word_1_270' title='bbox 1140 4082 1272 4135; x_wconf 80' lang='lat' dir='ltr'>Nicolao</span> <span class='ocrx_word' id='word_1_271' title='bbox 1285 4095 1375 4149; x_wconf 85' lang='lat' dir='ltr'>papa</span> 
     </span>
     <span class='ocr_line' id='line_1_33' title="bbox 613 4160 1173 4225; baseline -0.002 -13"><span class='ocrx_word' id='word_1_272' title='bbox 613 4160 655 4213; x_wconf 83' lang='lat' dir='ltr'>de</span> <span class='ocrx_word' id='word_1_273' title='bbox 675 4161 801 4225; x_wconf 80' lang='lat' dir='ltr'>Ignatio</span> <span class='ocrx_word' id='word_1_274' title='bbox 820 4164 1017 4225; x_wconf 82' lang='lat' dir='ltr'>patriarcha.</span> <span class='ocrx_word' id='word_1_275' title='bbox 1038 4163 1129 4214; x_wconf 82' lang='lat' dir='ltr'>Actio</span> <span class='ocrx_word' id='word_1_276' title='bbox 1150 4164 1173 4212; x_wconf 89' lang='lat'>1.</span> 
     </span>
    </p>
   </div>
   <div class='ocr_carea' id='block_1_6' title="bbox 288 4272 1509 4611">
    <p class='ocr_par' dir='ltr' id='par_1_6' title="bbox 288 4272 1509 4611">
     <span class='ocr_line' id='line_1_34' title="bbox 387 4272 1505 4365; baseline 0.003 -20"><span class='ocrx_word' id='word_1_277' title='bbox 387 4272 574 4347; x_wconf 87' lang='lat' dir='ltr'>Residcnte</span> <span class='ocrx_word' id='word_1_278' title='bbox 589 4272 963 4365; x_wconf 76' lang='lat' dir='ltr'>hlicbaheleaugusto,</span> <span class='ocrx_word' id='word_1_279' title='bbox 976 4285 1012 4346; x_wconf 89' lang='lat' dir='ltr'>et</span> <span class='ocrx_word' id='word_1_280' title='bbox 1027 4272 1505 4348; x_wconf 85' lang='lat' dir='ltr'>residentibusaddexteram</span> 
     </span>
     <span class='ocr_line' id='line_1_35' title="bbox 291 4386 1509 4486; baseline 0.002 -28"><span class='ocrx_word' id='word_1_281' title='bbox 291 4386 368 4459; x_wconf 91' lang='lat' dir='ltr'>eins</span> <span class='ocrx_word' id='word_1_282' title='bbox 394 4386 542 4460; x_wconf 73' lang='lat' dir='ltr'>vicariis</span> <span class='ocrx_word' id='word_1_283' title='bbox 562 4387 763 4483; x_wconf 87' lang='lat' dir='ltr'>apostolieae</span> <span class='ocrx_word' id='word_1_284' title='bbox 788 4387 892 4474; x_wconf 74' lang='lat' dir='ltr'>sediS,</span> <span class='ocrx_word' id='word_1_285' title='bbox 919 4386 1101 4461; x_wconf 87' lang='lat' dir='ltr'>Radnaldo</span> <span class='ocrx_word' id='word_1_286' title='bbox 1119 4390 1323 4460; x_wconf 78' lang='lat' dir='ltr'>Portuensae</span> <span class='ocrx_word' id='word_1_287' title='bbox 1348 4388 1509 4486; x_wconf 90' lang='lat' dir='ltr'>episcopo</span> 
     </span>
     <span class='ocr_line' id='line_1_36' title="bbox 288 4499 1509 4611; baseline 0.001 -33"><span class='ocrx_word' id='word_1_288' title='bbox 288 4511 324 4578; x_wconf 86' lang='lat' dir='ltr'>ot</span> <span class='ocrx_word' id='word_1_289' title='bbox 337 4499 508 4575; x_wconf 86' lang='lat' dir='ltr'>Zacharia</span> <span class='ocrx_word' id='word_1_290' title='bbox 524 4501 716 4599; x_wconf 74' lang='lat' dir='ltr'>Anagnino</span> <span class='ocrx_word' id='word_1_291' title='bbox 729 4501 890 4611; x_wconf 87' lang='lat' dir='ltr'>episcope</span> <span class='ocrx_word' id='word_1_292' title='bbox 902 4511 937 4575; x_wconf 88' lang='lat' dir='ltr'>et</span> <span class='ocrx_word' id='word_1_293' title='bbox 949 4501 1088 4576; x_wconf 85' lang='lat' dir='ltr'>caeteris</span> <span class='ocrx_word' id='word_1_294' title='bbox 1100 4501 1375 4609; x_wconf 86' lang='lat' dir='ltr'>archiepiscopis</span> <span class='ocrx_word' id='word_1_295' title='bbox 1388 4514 1424 4578; x_wconf 90' lang='lat' dir='ltr'>et</span> <span class='ocrx_word' id='word_1_296' title='bbox 1438 4502 1509 4610; x_wconf 88' lang='lat' dir='ltr'>epi-</span> 
     </span>
    </p>
   </div>
   <div class='ocr_carea' id='block_1_7' title="bbox 0 0 1808 5498">
    <p class='ocr_par' dir='ltr' id='par_1_7' title="bbox 0 0 1808 5498">
     <span class='ocr_line' id='line_1_37' title="bbox 0 0 1808 5498; baseline 0 0"><span class='ocrx_word' id='word_1_297' title='bbox 0 0 1808 5498; x_wconf 95' lang='lat' dir='ltr'> </span> 
     </span>
    </p>
   </div>
  </div>
 </body>
</html>
