3608 5498
807 408 1003 472 -129-

298 526 448 604 differat.
464 527 575 604 Nobis
588 538 713 604 autem
729 529 773 604 de
790 528 847 604 his
864 529 1029 604 omnibus
1045 528 1141 604 sicut
1157 528 1302 604 divinus
1325 530 1428 604 favor
1451 529 1517 603 im-

299 642 501 739 puncxerit,
525 653 630 717 curat
654 643 687 719 ei
711 668 755 718 ac
780 643 982 718 sollicitudo
1006 643 1108 718 iuxta
1132 643 1312 719 tramitem
1337 644 1518 742 aequitatis

299 755 377 832 sine
394 756 501 831 dubio
516 756 722 846 deliberare,
738 765 845 856 atque
869 757 998 832 utilius
1022 758 1093 833 fine
1118 757 1288 833 canonico
1311 756 1516 833 terminare.

298 872 433 947 Datum
450 874 520 945 IIII
538 870 623 947 Idus
639 871 734 946 Iunii
752 873 950 949 Indictione
967 873 1065 946 XV'.

851 1067 946 1154 CXC.

640 1273 690 1325 Ex
706 1271 845 1336 registro
865 1269 1013 1334 Gregorii
1029 1270 1172 1324 iunioris.

393 1441 590 1537 Gregorius
615 1441 781 1516 omnibus
799 1443 981 1539 Episcopis
999 1444 1037 1516 in
1050 1441 1181 1517 Tuscia
1194 1439 1515 1537 Langobardorum.

297 1553 465 1629 Meminit
485 1554 644 1630 fraterna
668 1555 841 1631 sanctitas
858 1567 978 1631 vestra
1004 1566 1161 1654 tempore
1185 1553 1417 1628 ordinationis
1440 1578 1515 1627 suae

297 1690 362 1764 par
381 1667 626 1765 chyrographi
643 1679 680 1745 et
696 1683 961 1745 sacramentum
978 1669 1167 1746 vinculum
1180 1669 1282 1745 beato
1304 1670 1408 1741 Petro
1420 1665 1516 1763 prin-

296 1779 369 1880 cipi
386 1780 631 1879 Apostolorum
650 1783 886 1881 spopondisse,
904 1793 946 1857 ut
961 1783 998 1856 in
1012 1782 1281 1878 emergentibus
1298 1778 1516 1855 utilitatibus

296 1903 431 1970 sancte
446 1893 524 1970 eius
541 1895 711 1984 ecclesia,
728 1896 812 1972 totis
828 1897 968 1970 viribus
985 1896 1181 1972 elaboretis.
1193 1895 1314 1992 Igitur
1331 1895 1415 1993 quia
1428 1917 1514 1993 prae·

295 2016 414 2082 sentes
426 2008 761 2083 virosAnastasium
776 2009 946 2085 dilectum
961 2010 1074 2083 filium
1089 2019 1250 2084 nostrum
1264 2008 1513 2106 presbyterum

296 2132 332 2196 et
347 2121 567 2197 Adeodatum
581 2122 821 2219 regionarium
836 2124 1093 2200 subdiaconum
1107 2134 1245 2198 nostros
1258 2122 1389 2212 fideles,
1400 2122 1446 2196 ad
1457 2120 1515 2196 ob·

295 2236 506 2312 sectandum
524 2247 561 2311 et
582 2240 655 2311 Deo
674 2237 820 2313 favente
840 2238 1080 2337 optinendum,
1101 2259 1164 2335 pro
1185 2238 1255 2311 IIII
1275 2236 1415 2324 castris,
1435 2258 1514 2333 quae

294 2372 389 2424 anno
406 2350 583 2447 praeteritc
599 2350 702 2426 beato
715 2354 819 2425 Petro
831 2351 950 2425 ablata
963 2362 1049 2425 sunt
1062 2350 1309 2437 restituantur,
1322 2374 1344 2422 a
1357 2348 1441 2421 filiis
1454 2373 1514 2422 no·

295 2462 381 2537 stris
397 2462 640 2562 Liuthprandc
652 2473 688 2538 at
701 2463 910 2562 Hylprando
923 2465 1123 2563 supplicare
1135 2462 1406 2538 destinavimus.
1420 2464 1513 2537 Ecce

295 2576 519 2652 dilectissimi
536 2578 665 2652 fratres
681 2587 823 2675 tompus
839 2578 1057 2677 acceptabile
1071 2586 1113 2652 ut
1125 2578 1225 2652 iuxta
1243 2575 1512 2676 cyrographum

295 2700 457 2766 vestrum
467 2690 548 2766 boni
557 2694 673 2789 operis
681 2690 841 2766 fructum
850 2690 952 2767 beato
962 2697 1066 2767 Petro
1074 2690 1352 2780 afferatis,cuius
1360 2690 1513 2766 auctori-

294 2814 368 2880 tate
380 2827 443 2879 vos
456 2803 641 2880 hortamur
653 2806 691 2878 in
705 2805 865 2894 Domino,
875 2816 917 2882 ut
928 2806 973 2881 ad
987 2806 1125 2881 eosdem
1139 2831 1223 2880 cum
1236 2804 1415 2902 predictis
1428 2804 1512 2877 filiis

293 2919 425 2994 nostris
434 2920 804 3020 properetis,utaDe0
813 2919 988 3019 inspirati,
1001 2917 1257 3017 protectoribus
1268 2940 1391 2992 eorum
1400 2916 1513 2991 beatis

294 3033 515 3134 principibus
541 3033 788 3133 Apostolorum
807 3037 912 3108 Petro
935 3042 971 3107 et
993 3030 1105 3104 Paulo
1129 3029 1251 3104 eadem
1276 3039 1394 3104 castra
1412 3029 1513 3105 resti-

294 3158 454 3225 tuantur.
470 3153 564 3224 Nam
582 3148 612 3221 si
631 3148 724 3247 quod
741 3171 811 3222 non
829 3146 1008 3222 credimus
1025 3141 1238 3218 distuleritis
1262 3141 1331 3216 iter
1354 3141 1511 3238 arripere

294 3275 435 3366 propter
452 3265 578 3352 Deum,
595 3285 663 3359 ego
686 3286 905 3361 quamquam
922 3257 1114 3333 imbecillis
1131 3257 1199 3330 sim
1224 3279 1287 3356 pro
1304 3255 1512 3330 infirmitate

293 3377 459 3478 corporis,
476 3376 544 3452 iter
560 3375 729 3475 arripiam
746 3374 972 3463 laboriosum,
992 3381 1028 3448 et
1045 3370 1171 3445 videbo
1187 3393 1232 3445 ue
1256 3379 1376 3444 vestra
1397 3369 1512 3465 negli-

292 3492 417 3589 gentia
434 3491 533 3566 vobis
549 3490 593 3565 ad
607 3489 864 3586 obligationem
889 3512 934 3563 ex
949 3485 1039 3560 nodo
1055 3483 1149 3581 pacti
1169 3482 1353 3582 pertineat.
1377 3485 1510 3557 Datum

292 3607 376 3682 Idus
394 3605 558 3682 Octuber.
576 3604 726 3681 Indictio
743 3606 858 3679 VHII.

839 3830 952 3916 exul.

386 4051 560 4127 Iohannes
584 4050 790 4150 Episcopus.
815 4047 1021 4123 Willibartc
1046 4045 1304 4144 Agrippinensi
1329 4044 1510 4143 Episcopo.

291 4169 390 4242 Inter
406 4178 535 4241 cetera.
548 4166 718 4264 Optatam
736 4160 801 4236 tibi
824 4161 978 4235 Pallium
1001 4185 1068 4235 nec
1093 4160 1253 4235 conferre
1270 4157 1510 4256 nequivimus,

291 4277 376 4377 quia
393 4277 474 4352 fidei
491 4286 564 4351 tuae
581 4276 751 4374 paginam
770 4274 890 4347 minus
906 4298 1014 4371 quam
1032 4281 1190 4369 oporteat
1215 4270 1396 4345 continere
1414 4295 1511 4368 repe-

290 4393 414 4466 rimus.
440 4392 533 4467 Cum
549 4388 719 4464 videlicet
735 4388 874 4462 nullam
900 4388 938 4460 in
956 4412 998 4462 ea
1015 4396 1220 4462 sanctarum
1248 4384 1508 4461 universalium

289 4503 495 4580 sinodorum
508 4501 685 4602 inquibus
697 4511 828 4576 nostre
838 4501 917 4576 fidei
932 4500 1133 4600 symbolum
1148 4499 1363 4589 continetur,
1374 4521 1442 4574 nec
1453 4498 1511 4574 de·

1309 4615 1327 4668 a
