3608 5498
809 401 1006 465 -382-

292 530 497 623 cognoscat.
514 525 563 599 Et
587 522 657 598 nisi
676 523 733 601 vel
751 547 792 600 ea
808 548 888 621 quae
905 524 950 601 ab
966 526 1027 601 illo
1043 535 1130 603 sunt
1154 526 1246 603 male
1271 525 1389 606 ablata
1419 526 1533 603 resti·

294 643 416 732 tuerit,
433 641 491 716 vel
508 640 619 734 digna
636 638 831 738 penitentia
849 637 975 716 illicite
991 650 1072 716 acta
1095 641 1289 731 defleverit,
1305 668 1327 716 a
1352 643 1532 718 sacratis-

290 756 381 831 simo
398 777 542 852 corpore
564 777 606 828 ac
632 751 813 848 sanguine
830 752 896 827 Dei
922 761 959 827 et
975 753 1118 828 Domini
1135 755 1380 852 Redemptoris
1404 757 1527 831 nostri

294 869 403 945 Ihesu
422 867 558 944 Christi
583 865 723 942 alienus
740 866 812 955 liat,
828 874 935 964 atque
951 865 989 940 in
1006 875 1139 942 aeterno
1162 867 1327 943 examine
1343 866 1527 946 districtae

288 981 418 1058 ultioni
435 979 630 1058 subiaceat.

869 1119 940 1209 LX.

386 1322 586 1418 Gregorius
604 1321 848 1396 Constantine
865 1325 1042 1417 Augustae
1059 1329 1136 1416 post
1162 1318 1276 1395 multa
1301 1320 1381 1395 alia.
1406 1324 1456 1398 Et
1483 1324 1520 1397 si

290 1441 669 1539 Episcoporumoausae
678 1434 765 1507 mihi
779 1431 1047 1509 commissorum
1057 1432 1151 1530 apud
1160 1433 1338 1533 piissimos
1350 1433 1517 1510 dominos

290 1552 442 1626 aliorum
468 1548 663 1648 patrocinio
687 1548 933 1645 disponuntur,
957 1545 1085 1622 infelix
1108 1570 1175 1642 ego
1199 1548 1237 1621 in
1262 1547 1414 1623 ecclesia
1440 1549 1518 1624 ista

291 1665 376 1763 quid
388 1663 504 1739 facio?
518 1661 585 1736 Sed
597 1670 640 1734 ut
656 1659 808 1758 episcopi
824 1661 891 1735 mei
906 1685 962 1735 mc
974 1660 1182 1758 despiciant,
1196 1671 1232 1734 et
1248 1671 1443 1737 contremo
1461 1687 1530 1738 re-.

292 1777 436 1873 fugium
453 1775 497 1849 ad
514 1772 694 1849 seculares
711 1772 847 1847 iudices
862 1773 1002 1861 abeant,
1024 1773 1255 1870 omnipotenti
1279 1777 1352 1848 Deo
1368 1776 1517 1870 gratias

289 1912 371 1985 ago,
395 1886 551 1986 peccatis
568 1883 658 1960 meis
676 1885 817 1981 deputo,
839 1884 906 1960 hoc
923 1894 1044 1961 tamen
1067 1884 1225 1961 breviter
1242 1909 1401 1982 suggero
1425 1889 1520 1984 quia

289 1999 557 2099 aliquantulum
576 2007 730 2096 expecto,
747 2008 783 2073 et
799 1998 828 2071 si
846 1998 890 2072 ad
908 2023 964 2073 me
988 1997 1112 2073 venire
1135 1997 1328 2089 distulerit,
1345 2023 1518 2078 exercere

293 2115 335 2189 in
353 2140 392 2192 eo
409 2112 666 2190 districtionem
685 2112 893 2188 canonicam
910 2111 1112 2187 nullomodo
1128 2112 1281 2188 cessabo.

855 2277 944 2361 LXI.

387 2451 585 2549 Gregorius
600 2448 813 2524 Brunihilde
838 2449 987 2542 Reginae
1003 2453 1234 2539 Francorum,
1252 2449 1346 2525 inter
1368 2460 1518 2528 caetera.

292 2567 330 2640 Si
349 2589 436 2664 quos
454 2564 569 2660 igitur
590 2560 774 2650 violentos,
791 2562 823 2635 si
843 2585 931 2659 quos
954 2559 1144 2650 adulteros
1161 2562 1191 2635 si
1210 2585 1297 2660 quos
1318 2562 1427 2650 fures,
1445 2564 1512 2638 vel

289 2679 373 2754 aliis
391 2678 511 2778 pravis
528 2675 669 2751 actibus
686 2675 829 2751 studere
850 2673 1078 2771 cognoscitis,
1097 2675 1212 2748 Deum
1230 2675 1372 2748 deorum
1390 2698 1513 2750 corre-

290 2793 409 2890 ptione
426 2791 568 2891 placare
585 2787 762 2876 festinate,
779 2796 820 2863 ut
837 2813 900 2886 per
916 2810 979 2861 vos
991 2785 1177 2883 flagellum
1191 2787 1403 2884 perfidarum
1418 2810 1516 2882 gen·

289 2906 380 2981 tium
405 2904 496 3003 quod
518 2910 693 3001 quantum
711 2901 875 2976 videmus
895 2899 939 2973 ad
955 2899 1153 2975 vindictam
1179 2899 1374 2975 multarum
1393 2902 1515 2976 natio·

289 3044 378 3092 nurn
396 3017 592 3093 excitatum
610 3023 750 3090 estnon
767 3013 924 3089 inducat.
940 3016 995 3087 Ne
1012 3012 1152 3110 siquod
1169 3036 1239 3087 non
1260 3013 1440 3089 credimus
1457 3013 1516 3088 di·

289 3132 384 3206 vinae
400 3129 548 3205 ultionis
565 3127 751 3202 iracundia
768 3125 1021 3202 sceleratorum
1038 3126 1148 3200 fuerit
1164 3126 1303 3202 actione
1320 3136 1515 3219 commota,

287 3242 372 3318 belli
390 3241 500 3340 pestis
516 3239 710 3327 interimat,
727 3262 814 3337 quos
830 3237 1077 3336 delinquentes
1093 3238 1139 3312 ad
1156 3237 1381 3313 rectitudinis
1405 3238 1510 3314 viam

289 3355 354 3428 Dei
371 3363 546 3450 praecepta
563 3374 634 3425 nou
648 3358 827 3426 revocant.
839 3349 935 3425 Idem
948 3350 986 3424 in
1001 3360 1151 3447 regesto.
1165 3353 1270 3427 Petro
1284 3350 1513 3427 Subdiacono

289 3464 504 3563 campanie.
533 3462 717 3538 Violentus
742 3461 851 3537 laicos
878 3486 1051 3553 coercere,
1076 3486 1147 3538 non
1172 3472 1295 3539 contra
1320 3463 1422 3560 leges
1446 3487 1514 3542 eos

288 3599 410 3673 agere,
425 3575 487 3652 sed
504 3575 579 3673 legi
596 3575 689 3653 ferre
705 3575 914 3652 subsidium.

843 3740 950 3826 LXII.

383 3912 580 4009 Gregorius
593 3911 720 3987 Phocoe
733 3915 909 4008 Augusto,
922 3913 1017 3986 inter
1029 3921 1157 3988 cetera.
1171 3911 1403 3988 Felieissimis
1416 3922 1513 3990 tem·

288 4023 432 4123 poribus
449 4024 581 4099 vestris
598 4024 719 4099 redeat
734 4024 876 4099 cunctis
893 4024 931 4096 in
949 4022 1055 4098 rebus
1079 4025 1260 4122 perpetuis
1285 4049 1410 4100 secura
1429 4048 1513 4122 pos-

288 4137 407 4224 sessio
423 4144 466 4210 ut
482 4136 558 4210 siue
576 4136 703 4211 timore
720 4136 849 4211 habere
867 4160 905 4211 se
921 4137 1103 4232 gaudeant
1116 4161 1195 4233 quae
1208 4159 1278 4210 non
1292 4135 1435 4210 suntab
1452 4139 1513 4215 eis

287 4247 474 4322 fraudibus
489 4249 674 4346 acquisita.
692 4249 918 4324 Reformetur
935 4249 1006 4322 iam
1025 4247 1181 4344 siugulis
1197 4249 1263 4323 sub
1277 4249 1363 4344 iugo
1375 4247 1426 4347 pii
1439 4248 1511 4323 im·

287 4358 378 4458 perii
404 4357 550 4434 libertas
572 4385 649 4450 sua,
673 4359 740 4435 hoc
764 4384 919 4458 namque
943 4360 1038 4435 inter
1063 4383 1168 4457 reges
1191 4361 1356 4456 gentium
1381 4370 1418 4435 et
1440 4364 1514 4438 Ro-

290 4471 387 4544 mani
406 4472 531 4568 Populi
549 4472 779 4570 imperatores
803 4473 924 4561 distat,
940 4473 1032 4570 quod
1049 4496 1153 4569 reges
1176 4474 1344 4568 gentium
1368 4472 1512 4551 domini
