3608 5498
804 400 997 465 -l'll-

791 619 1006 705 CCXLVIII.

750 822 863 879 misso.
883 836 955 892 cap.
975 826 1047 878 vn.

386 991 609 1092 Precipimus
625 993 734 1070 etiam
752 1003 793 1070 ut
810 975 1078 1094 depredationes
1094 995 1133 1072 in
1145 996 1298 1073 confinio
1310 1007 1429 1074 nostro
1442 1023 1513 1075 non

289 1108 389 1198 fiant,
409 1116 446 1183 et
470 1131 549 1218 quae
573 1109 679 1186 factm
703 1121 800 1202 sunt,
815 1119 853 1187 et
868 1120 998 1187 ceterae
1022 1111 1221 1206 iniustitiae,
1245 1113 1443 1190 secundum
1465 1113 1513 1192 le·

289 1246 373 1321 gem
398 1223 444 1298 ab
459 1222 648 1324 utriusque
664 1225 826 1323 partibus
842 1226 1086 1303 emendentur.

789 1419 1018 1504 ccxlviii

745 1586 854 1678 Eiusd.
875 1633 948 1688 cap.
967 1625 1054 1677 vm.

385 1791 527 1868 Placuit
543 1792 651 1868 etiam
668 1795 769 1870 nobis
786 1805 828 1872 ut
844 1794 968 1871 cuncti
994 1795 1103 1872 duces
1127 1804 1163 1872 et
1180 1795 1329 1887 iudices,
1350 1796 1427 1873 sive
1447 1796 1511 1871 alii

294 1905 356 2004 qui
374 1905 516 1982 cunctis
533 1930 683 2005 praeesse
700 1909 841 2000 debent,
855 1910 893 1983 in
906 1918 1064 1983 nostram
1078 1911 1292 2008 presentiam
1306 1910 1391 1985 dum
1405 1913 1514 1986 Rome

295 2046 422 2096 sumus
438 2021 665 2098 conveniant.
683 2022 860 2097 Volumus
872 2023 968 2098 enim
984 2034 1019 2099 et
1032 2048 1224 2099 numerum
1237 2033 1274 2100 et
1286 2023 1429 2099 nomina
1446 2024 1514 2100 sci·

292 2159 341 2225 re,
358 2144 395 2210 et
411 2134 571 2233 singulis
587 2135 630 2211 de
647 2135 846 2212 ministerio
862 2136 929 2211 sibi
947 2135 1081 2217 credito
1093 2135 1368 2213 admonitionem
1385 2137 1513 2214 facere.

864 2328 955 2415 cot

736 2534 848 2588 Einad.
868 2546 940 2600 cap.
961 2535 1064 2587 VIIII.

385 2693 588 2772 Novissime
605 2695 832 2794 praecipimus
848 2705 885 2772 et
902 2720 1098 2788 monemus,
1112 2707 1154 2773 ut
1169 2697 1286 2773 omnis
1301 2697 1405 2773 homo
1417 2699 1513 2774 sicut

261 2807 267 2815 ’
294 2807 359 2882 Dei
375 2808 532 2905 gratiam
549 2819 586 2884 et
602 2818 759 2884 nostram
778 2808 907 2886 habere
924 2810 1112 2900 desiderat,
1126 2811 1176 2884 ita
1189 2820 1334 2910 prestet
1346 2810 1383 2884 in
1401 2811 1513 2886 omni-

292 2921 361 2995 bus
376 2920 610 2998 obedientiam
629 2932 665 2998 et
681 2924 920 2999 reverentiam
937 2926 1094 2998 Romano
1111 2923 1287 2999 Pontifici.

854 3127 962 3213 ocii.

408 3333 571 3403 nx·gasua
582 3338 689 3392 sancti
697 3336 847 3393 Bonifatii
857 3341 1010 3407 martyria
1021 3340 1268 3407 archiepiscopi
1279 3341 1395 3405 Legati

722 3440 879 3492 Romanae
898 3440 1063 3493 Ecclesiae.

387 3611 520 3685 Sancta
536 3613 695 3685 Romana
711 3610 874 3687 Ecclesia
892 3618 928 3686 et
942 3609 1136 3686 reverenda
1149 3619 1186 3685 et
1197 3608 1349 3683 amanda
1363 3617 1428 3699 est,
1440 3630 1512 3682 non

293 3723 377 3821 quia
392 3726 501 3798 Roma
514 3723 663 3798 fundata
677 3734 732 3800 est
744 3749 852 3825 super
864 3749 1009 3800 arenam
1024 3747 1087 3822 per
1100 3723 1292 3798 Romulum
1305 3733 1342 3798 et
1351 3726 1513 3812 Remum,

297 3837 442 3936 prolana
457 3837 637 3914 sacerdote
651 3849 687 3914 et
699 3862 769 3937 quo
780 3838 942 3915 nescitur
957 3836 1134 3935 sacrilego
1149 3837 1272 3926 editos,
1284 3836 1345 3912 sed
1357 3836 1442 3937 quia
1454 3835 1513 3910 he·

294 3949 436 4025 dificata
453 3959 632 4049 estsuper
650 3951 835 4027 Christum
854 3976 916 4050 per
934 3956 1081 4028 Petrum
1098 3962 1135 4027 et
1151 3951 1317 4026 Paulum.
1333 3954 1410 4027 Nec
1427 3950 1513 4048 quia

294 4062 394 4140 illius
410 4066 567 4139 fraterno
584 4065 690 4162 primi
708 4065 924 4142 maduerunt
940 4065 1119 4161 sanguine
1133 4066 1239 4153 muri,
1252 4064 1313 4140 sed
1326 4063 1411 4162 quia
1423 4072 1514 4162 post·

294 4176 437 4252 modum
450 4177 608 4253 fraterno
620 4201 736 4275 agone
748 4179 897 4255 fuerunt
909 4179 1099 4278 purificati,
1107 4203 1215 4255 cruce
1227 4177 1396 4253 videlicet
1404 4176 1514 4267 Petri,

294 4302 331 4368 et
346 4292 525 4390 sanguine
542 4292 658 4384 Pauli,
675 4317 763 4391 quos
779 4293 903 4369 eadem
921 4292 1009 4369 fides
1025 4303 1061 4368 et
1077 4291 1226 4381 devotio,
1243 4315 1286 4366 ac
1299 4290 1409 4365 unius
1421 4290 1516 4366 eius-

293 4406 444 4504 demque
461 4406 518 4483 dic
535 4407 652 4505 passio
668 4431 752 4483 vere
770 4426 963 4504 germanos
980 4415 1016 4481 et
1032 4429 1095 4504 per
1119 4406 1238 4479 omnia
1255 4402 1446 4480 concordes
1470 4403 1516 4479 ad

297 4518 491 4594 Dominum
509 4518 687 4595 virtutum
706 4529 843 4620 partem
861 4519 1116 4610 subrexerunt,
1127 4543 1210 4594 cum
1224 4517 1363 4617 spurios
1375 4515 1454 4592 illos
1466 4516 1518 4592 di·
