3608 5498
674 401 873 465 -345-

166 522 307 601 laudem
327 527 391 602 Dei
408 528 630 602 decorentur.
648 528 716 601 Pro
733 522 899 600 omnibus
915 533 1038 600 autem
1056 522 1241 600 licentiam
1260 524 1386 601 tribui·

167 665 248 714 mus
264 639 366 715 beato
383 640 556 717 Silvestro
580 650 616 716 et
640 638 906 716 successoribus
930 637 1009 713 eius
1034 663 1078 713 ex
1098 647 1217 714 nostro
1234 638 1385 731 indictu,

167 775 271 849 quem
289 752 453 851 placatus
470 752 607 851 proprio
625 751 772 827 consilio
783 751 960 843 ,clericare
978 750 1143 841 voluerit,
1160 751 1247 827 etin
1261 778 1385 829 nume·

168 889 205 940 ro
223 864 472 962 religiosorum
490 866 701 943 clericorum
720 890 989 956 connumerare,
1006 865 1148 962 nullum
1161 891 1206 941 ex
1222 866 1388 942 omnibus

166 990 441 1080 praesumentem
450 980 600 1081 superbe
610 1004 729 1076 agere.
739 979 974 1056 [lecrevimus
987 979 1111 1077 itaque*
1121 988 1158 1055 et
1170 980 1246 1071 hoo,
1259 989 1301 1055 ut
1313 981 1389 1080 ipse

165 1104 201 1170 et
217 1118 441 1171 successores
457 1094 547 1184 eius,
563 1094 762 1170 diademate
779 1093 950 1169 videlicet
966 1117 1095 1170 corona
1109 1118 1217 1192 quam
1231 1119 1275 1170 ex
1292 1093 1388 1195 oapi·

166 1217 202 1283 te
219 1217 338 1283 nostro
355 1207 409 1281 illi
427 1207 669 1283 concessimus
685 1233 730 1283 ex
745 1230 833 1281 auro
854 1207 1046 1307 purissimo
1071 1216 1107 1282 et
1131 1206 1286 1304 gemmis
1312 1231 1390 1306 pre·

166 1320 247 1396 tiosi
267 1321 319 1396 uti
336 1321 486 1397 debeant
502 1346 565 1420 pro
580 1321 712 1397 honore
727 1321 823 1397 beati
841 1321 950 1397 Petri.
964 1323 1044 1422 Ipse
1057 1343 1141 1396 vero
1156 1320 1390 1397 beatissimus

167 1437 263 1533 Papa
279 1460 386 1534 super
402 1422 784 1532 coronam'glerioatus
803 1459 910 1535 quem
927 1436 1026 1531 gerit
1043 1434 1089 1509 ad
1113 1434 1265 1530 gloriam
1294 1435 1390 1511 beati

166 1549 264 1625 Petri
277 1550 507 1649 ipsaexauro
520 1559 659 1625 nonest
672 1574 799 1648 passus
813 1550 865 1624 uti
880 1572 1017 1624 corona.
1027 1547 1194 1643 Frigium
1203 1561 1293 1624 'vero
1307 1573 1390 1624 cnn·

166 1664 245 1738 dido
262 1665 387 1754 nitore,
404 1664 625 1765 splendidam
645 1663 942 1741 resurrectionem
962 1661 1177 1738 dominicam
1194 1661 1390 1760 designans

167 1777 245 1853 eius
262 1778 502 1854 sacratissimo
519 1779 648 1856 vertici
668 1777 835 1853 manibus
860 1775 992 1850 nostris
1012 1775 1256 1874 imposuimus.
1277 1778 1325 1851 Et
1341 1786 1391 1851 te-

167 1899 292 1966 nentes
309 1890 452 1967 lrenum
470 1891 553 1989 equi
571 1892 697 1990 ipsius,
711 1915 773 1990 pro
791 1888 992 1966 reverentia
1007 1889 1100 1965 beati
1115 1888 1212 1964 Petri
1226 1890 1389 1965 stratoris

167 2004 325 2079 officium
344 2004 396 2078 illi
415 2004 655 2080 exhibuimus.
672 2008 883 2081 Statuentes
896 2003 1017 2079 eodem
1032 2003 1164 2100 frigido
1176 2026 1299 2078 omnes
1312 1999 1390 2078 cius

173 2142 395 2193 successores
412 2117 649 2214 singulariter
665 2119 719 2193 uti
737 2119 774 2193 in
792 2115 1075 2216 processionibus
1091 2117 1135 2191 ad
1153 2116 1390 2193 imitationem

170 2230 312 2329 imperii
323 2230 444 2305 nostri.
457 2231 558 2307 Unde
568 2241 610 2306 ut
619 2255 688 2306 non
700 2231 914 2331 pontificalis
924 2255 1014 2329 apex
1026 2231 1189 2320 vilescat,
1202 2231 1264 2306 sed
1273 2231 1391 2329 magis

167 2370 273 2444 quam
299 2345 433 2421 terreni
458 2346 599 2445 imperii
616 2346 788 2444 dignitas
805 2344 923 2444 gloria
948 2353 984 2419 ct
1009 2343 1166 2443 potentia
1191 2344 1389 2435 decoretur,

164 2469 337 2536 ecoctam
355 2459 527 2557 palatium
550 2469 713 2536 nostrum
727 2485 907 2561 quamque
924 2463 1119 2536 Romanam
1133 2459 1274 2550 urbem,
1294 2469 1331 2535 et
1355 2483 1390 2535 o

167 2571 392 2647 mnesltaliae
404 2596 467 2647 seu
482 2572 757 2648 occidentalium
768 2573 956 2671 regionum
971 2571 1385 2673 provinciaslocaslsic),

165 2687 333 2764 civitates
345 2686 549 2762 beatissimo
563 2687 727 2764 Pontifici
745 2700 781 2764 et
794 2687 992 2762 universali
1007 2691 1112 2788 Papae
1125 2687 1389 2764 Silvestrocon·

169 2801 355 2890 tradimus,
371 2810 478 2898 atque
497 2800 744 2899 relinquimus,
762 2811 799 2889 et
816 2803 860 2877 ab
878 2825 929 2892 eo,
947 2811 983 2877 et
999 2826 1019 2875 a
1033 2801 1299 2877 successoribus
1311 2802 1391 2878 eins

174 2915 438 3015 pragmaticum
457 2916 694 2991 constitutum
713 2916 939 2993 decernimus
956 2916 1170 3014 disponenda
1187 2925 1295 3014 atque
1319 2915 1392 2991 iuri

170 3039 303 3105 sanctae
318 3033 483 3104 Romame
496 3029 667 3106 Ecclesia
681 3030 911 3107 concedimus
925 3027 1174 3127 permanenda.
1191 3028 1294 3104 Unde
1309 3052 1392 3105 con·

172 3169 306 3243 gruum
324 3145 568 3242 perspeximus
586 3154 748 3220 nostrum
774 3144 967 3243 imperium
992 3152 1028 3218 et
1054 3141 1157 3239 regni
1179 3150 1390 3238 potestatem

168 3256 400 3334 orientalibus
425 3258 622 3335 transferre
648 3258 866 3356 regionibus,
882 3268 920 3333 et
943 3259 981 3333 in
999 3257 1173 3333 Bizantire
1199 3256 1392 3356 provinoiae

168 3374 301 3472 optimo
314 3374 390 3450 loco
403 3373 537 3448 nomini
551 3383 671 3449 nostro
684 3373 867 3450 civitatem
887 3370 1070 3461 aedilioari,
1086 3380 1122 3446 et
1140 3379 1301 3446 nostrum
1315 3370 1392 3448 illic

171 3488 341 3564 constitui
360 3487 559 3586 imperium.
578 3487 752 3576 Quoniam
772 3486 834 3561 ubi
859 3485 1082 3585 principatus
1107 3485 1330 3561 sacerdotum
1356 3496 1393 3563 et

169 3600 384 3679 Christianae
398 3601 586 3698 religionis
598 3610 708 3701 caput
719 3601 764 3675 ab
778 3601 992 3698 imperatore
1005 3599 1138 3675 caelesti
1155 3599 1393 3676 constitutum

169 3726 234 3807 est,
250 3717 388 3792 iustum
405 3741 476 3792 non
495 3725 550 3793 est
566 3727 609 3793 ut
620 3717 697 3793 illio
710 3715 903 3814 imperator
917 3724 1083 3791 terrenus
1095 3713 1226 3790 habeat
1241 3724 1393 3813 potesta·

169 3841 253 3908 tem.
272 3835 358 3909 Haeo
376 3856 460 3908 vero
476 3832 595 3907 omnia
607 3857 687 3931 quae
700 3830 867 3930 perhanc
881 3827 1105 3928 imperialem
1120 3853 1259 3905 sacram
1277 3838 1313 3904 ot
1330 3853 1393 3928 per

169 3946 242 4021 alia
258 3946 392 4021 divalia
409 3947 550 4023 decreta
568 3946 763 4022 statuimus
775 3954 811 4020 et
823 3944 1091 4034 confirmamus,
1104 3967 1217 4041 usque
1231 3942 1269 4016 iu
1282 3942 1392 4017 finem

170 4058 296 4134 mundi
314 4058 453 4134 illibata
470 4070 506 4136 et
523 4060 735 4136 inconcussa
749 4078 956 4158 permanere
970 4058 1210 4134 decernimus.
1223 4057 1325 4133 Unde
1339 4081 1395 4133 co·

170 4200 247 4248 ram
265 4177 338 4249 Deo
355 4174 438 4248 vivo
450 4175 511 4274 qui
525 4199 589 4250 nos
607 4200 760 4273 regnare
774 4173 951 4272 praecepit,
965 4181 1001 4248 et
1017 4195 1137 4248 coram
1151 4171 1303 4246 terribili
1316 4172 1394 4248 eius

170 4287 303 4362 iudicio
318 4287 537 4362 obtestamur
554 4313 677 4365 omnes
694 4300 832 4363 nostros
850 4311 1074 4363 successores
1096 4287 1338 4389 imperatores,
1354 4297 1391 4362 et

170 4409 319 4477 cunctos
340 4401 540 4499 optimates,
561 4413 722 4501 satrapas
743 4402 852 4478 etiam
873 4401 1208 4501 amplissimumque
1226 4411 1393 4476 senatum

170 4525 207 4590 et
221 4512 431 4591 universum
448 4515 618 4616 populum
632 4515 670 4592 in
684 4524 756 4595 toto
772 4516 854 4596 orbe
871 4523 1049 4596 terrarum
1064 4542 1162 4596 nuno
1179 4516 1267 4594 etin
1280 4526 1392 4618 poste·
