3608 5498
811 430 1006 493 -125-

290 556 371 628 dam
391 555 494 628 fratri
511 563 630 628 nostro
643 551 1043 649 Constantinopolitanae
1060 550 1220 626 civitatis
1236 553 1402 642 antistiti,
1419 554 1460 627 de
1479 562 1514 627 te

291 669 510 767 previdimus
527 668 767 755 scribendum,
784 678 826 741 ut
842 667 918 741 suis
935 691 998 740 nos
1016 665 1100 763 quid
1113 676 1234 740 aetum
1249 678 1342 743 esset
1354 667 1513 765 epistolis

290 783 508 858 informaret.
527 783 596 870 Qui
615 807 695 880 sepe
713 808 734 855 a
749 781 849 856 nobis
862 781 1065 854 admonitus
1078 781 1276 856 rescribens
1290 782 1447 855 innotuit
1459 805 1516 856 co·

289 897 404 972 dicem
422 908 542 995 aperte
560 897 670 972 fuisse
688 898 974 991 inventumque
992 892 1095 990 plura
1112 893 1388 968 continebantur
1414 894 1515 969 here-

291 1012 374 1093 tica,
387 1022 423 1086 et
435 1011 478 1085 ob
495 1011 561 1087 hoc
574 1036 611 1085 se
625 1012 798 1086 adversus
815 1007 1037 1083 dilectionem
1053 1016 1151 1080 tuam
1167 1007 1276 1082 fuisse
1290 1019 1515 1083 commotum.

293 1128 407 1212 Quem
425 1125 509 1223 quia
527 1125 571 1199 ad
589 1149 651 1199 nos
669 1125 808 1200 studuit
826 1145 887 1221 pro
904 1121 1147 1195 satisfactione
1164 1122 1408 1197 transmittere
1426 1122 1518 1220 prio-

291 1262 348 1312 res
364 1239 442 1311 eius
459 1249 577 1335 partes
594 1237 746 1312 sollicita
764 1236 916 1311 lectione
936 1234 1188 1332 percurrimus.
1202 1239 1248 1308 Et
1261 1235 1428 1333 quoniam
1444 1261 1517 1309 ma-

290 1352 419 1426 nifeste
433 1353 470 1425 in
484 1375 524 1427 eo
537 1352 702 1428 hereticae
720 1349 924 1426 infectionis
940 1372 1080 1423 venena
1095 1349 1325 1444 repperimus,
1341 1375 1386 1424 ne
1400 1351 1516 1425 denuo

291 1465 366 1561 legi
384 1466 562 1541 debuisset
579 1466 771 1540 vetuimus.
789 1465 858 1540 Sed
875 1463 959 1562 quia
980 1460 1057 1536 haec
1082 1472 1117 1536 te
1143 1463 1355 1561 simpliciter
1380 1463 1515 1560 legisse

291 1588 444 1653 testatus
460 1604 499 1653 es
515 1588 551 1653 et
568 1578 612 1652 ad
629 1578 881 1676 amputandam
901 1577 1083 1673 ambiguae
1096 1579 1310 1675 suspicionis
1328 1579 1514 1654 materiam

293 1692 451 1768 libellum
470 1693 570 1767 nobis
589 1718 696 1767 manu
714 1701 777 1766 tua
795 1691 979 1790 porrexisti
998 1693 1244 1789 praescriptum
1263 1694 1301 1766 in
1319 1717 1390 1791 quo
1409 1693 1512 1768 fidem

294 1819 392 1881 tuam
411 1831 602 1905 exponens,
615 1831 736 1882 omnes
748 1805 967 1902 generaliter
979 1804 1121 1879 hereses
1135 1806 1192 1880 vel
1206 1806 1379 1904 quidquid
1392 1808 1517 1881 adver·

295 1948 357 1996 sus
375 1922 570 1997 Catholicae
587 1921 814 2020 professionis
835 1918 1082 2014 integritatem
1108 1928 1164 1993 est
1187 1920 1410 2018 apertissime
1436 1944 1518 1994 con·

293 2037 503 2134 dampnasti,
519 2047 555 2111 et
572 2045 704 2112 cuncta
721 2059 801 2133 quar
818 2041 951 2108 sancta
968 2035 1069 2106 ΙΙΙΙΜ
1085 2033 1309 2107 universales
1322 2034 1450 2131 synodi
1466 2058 1518 2107 re·

294 2149 435 2248 cipiunt
459 2159 495 2224 te
520 2172 659 2246 semper
684 2147 869 2245 recepisse,
892 2170 934 2220 ac
952 2168 1031 2242 quae
1055 2145 1407 2243 condempnaverunt
1435 2167 1516 2219 con·

294 2262 479 2338 damnasse
496 2263 802 2358 condemnareque
820 2260 998 2356 professus
1016 2282 1066 2345 es,
1083 2283 1159 2331 eam
1187 2281 1324 2356 quoque
1350 2256 1515 2331 sinodum

293 2399 372 2473 quae
389 2374 617 2472 Imperatoris
634 2373 824 2447 Iustiniani
842 2372 1060 2470 temporibus
1076 2373 1119 2447 de
1136 2372 1252 2446 tribus
1274 2371 1442 2470 capitulis
1467 2374 1518 2445 fa·

293 2500 351 2564 ota
368 2498 424 2564 est
439 2499 475 2565 te
492 2499 528 2563 et
545 2488 724 2586 suscipere
742 2497 778 2562 et
795 2487 973 2563 custodire
991 2486 1196 2584 promisisti,
1220 2496 1257 2561 et
1277 2485 1476 2583 prohibitus
1497 2510 1517 2558 a

293 2604 393 2679 nobis
410 2605 565 2680 codicem
584 2603 700 2701 ipsum
719 2602 840 2698 legere
858 2602 895 2674 in
912 2624 981 2699 quo
999 2601 1167 2698 pestifere
1184 2601 1321 2675 fraudis
1342 2600 1444 2675 virus
1467 2601 1520 2674 in·

293 2744 424 2794 nexum
439 2729 493 2795 est
509 2717 742 2795 libentissime
759 2715 974 2801 consessisti‚
990 2716 1180 2813 reprobans
1194 2716 1302 2791 etiam
1316 2725 1423 2813 atque
1438 2739 1520 2791 con-

295 2832 472 2907 demnatis
490 2834 608 2906 omnia
625 2854 704 2928 quae
721 2830 758 2902 in
777 2853 817 2904 eo
841 2838 965 2905 oontra
990 2828 1210 2904 Catholicam
1237 2829 1340 2904 fidem
1368 2829 1517 2903 Domino

293 2946 513 3020 custodiente
530 2943 745 3043 praeclaruit,
761 2944 805 3016 ab
822 2943 917 3018 omni
935 2952 970 3016 te
987 2941 1154 3018 bereticae
1172 2942 1418 3038 perversitatis
1446 2968 1517 3015 ma-

294 3058 376 3133 cula
394 3059 493 3132 iuxta
511 3057 778 3155 promissionem
791 3065 890 3130 tuam
906 3056 1058 3131 liberum
1073 3081 1150 3130 esse
1163 3055 1399 3140 decernimus,
1412 3066 1448 3129 et
1460 3081 1518 3131 ca-

292 3172 464 3247 tholicum
483 3182 590 3270 atque
608 3171 745 3246 sincere
771 3170 808 3243 in
833 3170 997 3245 omnibus
1022 3169 1103 3244 fidei
1121 3169 1364 3267 promissorem
1392 3194 1435 3244 ao
1461 3195 1515 3244 se·

294 3297 464 3384 quentem
482 3286 587 3360 Ibesu
605 3285 739 3361 Christi
758 3283 956 3358 Salvatoris
980 3283 1136 3378 gratiam
1162 3282 1336 3358 claruisse
1363 3305 1516 3379 pronun·

293 3401 438 3487 tianius,
455 3400 601 3474 liberam
614 3422 753 3497 quoque
766 3398 954 3473 tribuendo
966 3397 1150 3472 licentiam
1164 3396 1208 3471 ad
1221 3407 1324 3470 tuum
1344 3406 1516 3471 monaste-

295 3514 389 3588 rium
408 3514 446 3587 in
464 3524 526 3588 tuo
543 3525 578 3588 te
595 3512 670 3588 loco
687 3514 745 3588 vel
762 3513 883 3589 ordine
901 3511 1134 3586 nihilominus
1153 3511 1314 3587 remeari.

804 3714 1000 3798 CLXXXV.

616 3922 666 3973 Ex
684 3919 841 3987 synodica
857 3918 949 3972 beati
968 3917 1117 3982 Gregorii
1135 3920 1195 3984 Pp.

390 4083 492 4159 Sicut
509 4084 625 4158 sancti
648 4080 842 4179 Evangelii
866 4079 1436 4155 1111⁰rlibr0ssi011110‘00ncilia
1462 4105 1520 4151 su-

294 4198 430 4295 scipere
447 4207 483 4272 et
499 4197 666 4273 venerari
684 4222 741 4272 me
755 4197 876 4270 fateor.
890 4198 916 4268 Ι.
929 4193 1108 4267 Nicenum
1127 4193 1266 4267 scilicet
1284 4194 1375 4268 CCC
1394 4193 1519 4267 XVIII

294 4311 546 4408 Episcoporum
561 4310 600 4384 in
610 4334 679 4409 quo
688 4334 895 4408 perversum
909 4307 1005 4380 Arrii
1020 4307 1366 4402 dogmadestruitur.
1376 4310 1419 4381 II.
1430 4309 1521 4383 Con·

294 4423 652 4522 stantinopolitanum
662 4420 1459 4521 verochatrumquoEunomiietMacedonii
1469 4445 1522 4496 er·

295 4559 353 4610 ror
365 4537 605 4612 convincitur.
614 4536 906 4633 metaplasmum
919 4557 1004 4610 vero
1018 4534 1175 4632 primurn
1189 4537 1250 4612 CC
1265 4536 1519 4634 Episcoporum
