3608 5498
933 408 1128 470 -214-

420 527 479 601 vel
493 549 555 624 per
567 527 735 600 nuntium
751 551 867 602 meum
888 516 1640 618 33331331313111,31133313313131331313

421 639 1640 742 singulisannisoccursurum,etcanoniceobediturumetLegatum

419 755 629 851 Apostolicae
647 756 747 831 Sedis
763 764 908 831 euntem
925 765 962 829 et
980 754 1184 830 redeuutem
1203 780 1286 832 cum
1303 755 1433 832 honore
1457 759 1640 856 suscipere

419 876 456 941 et
471 867 507 940 in
526 869 602 943 suis
618 869 891 946 necessitatibus
908 867 1087 944 adiuvare.
1105 867 1206 956 Quod
1224 869 1253 942 si
1273 877 1397 944 contra
1418 870 1496 947 1133
1520 871 1641 946 omnia

420 1005 499 1079 quae
515 982 681 1081 superins
697 982 938 1073 continentur,
955 980 1014 1057 vel
1032 991 1157 1058 contra
1174 980 1356 1079 quodlibet
1371 983 1498 1058 horum
1523 984 1640 1080 egisse

421 1093 610 1170 convictus
627 1095 737 1185 luero,
762 1094 906 1170 honoris
930 1097 999 1170 mei
1025 1095 1226 1193 periculum
1252 1121 1308 1171 me
1334 1098 1485 1195 spondeo
1503 1096 1641 1172 subitu-

424 1230 516 1282 rum.
532 1210 684 1306 Insuper
701 1209 809 1283 etiam
827 1209 993 1308 promitto
1009 1209 1101 1309 quod
1119 1208 1148 1283 si
1167 1208 1248 1307 quis
1265 1232 1327 1306 pro
1343 1209 1472 1285 3311113
1489 1236 1564 1285 333
1590 1235 1643 1286 13-

422 1321 536 1396 medio
554 1347 609 1397 me
626 1321 801 1398 haeredem
827 1322 1061 1422 inscripserit,
1085 1331 1149 1396 aut
1173 1347 1235 1420 331
1261 1323 1484 1398 donationem
1506 1324 1641 1423 aliquid

327 1472 329 1476 v
422 1431 511 1506 mihi
529 1433 680 1508 forsitan
696 1434 853 1532 largitus
868 1435 979 1511 luerit
1004 1434 1069 1512 hoc
1095 1445 1302 1513 1333311313
1315 1437 1642 1514 113311311133313

422 1547 484 1620 313
501 1548 652 1645 spondeo
669 1547 895 1623 collaturum.
914 1549 1014 1636 Quod
1031 1550 1061 1624 si
1079 1573 1149 1625 non
1168 1551 1283 1626 fecero
1300 1552 1641 1653 31111333133311313

421 1659 472 1733 ill.
489 1659 649 1736 33313313
665 1660 812 1737 licentia
828 1660 887 1736 vel
905 1662 1146 1738 sacerdotibus
1159 1664 1239 1739 eius
1252 1673 1435 1763 tamquam
1451 1667 1480 1740 si
1495 1666 1565 1741 hab
1577 1667 1640 1756 eis,

422 1772 593 1848 universa
610 1773 663 1847 illi
681 1774 857 1872 acquisita
874 1773 1010 1850 fuerint
1027 1775 1086 1851 vel
1104 1775 1232 1851 collata
1249 1802 1292 1852 ex
1308 1777 1377 1853 1133
1396 1803 1475 1853 mea
1487 1787 1523 1853 31
1540 1802 1641 1877 spon·

422 1886 519 1962 sione
537 1896 573 1962 et
589 1887 803 1984 professione
821 1887 1064 1965 indubitanter
1081 1889 1280 1966 vendicare.
1297 1892 1474 1966 Laetanias
1491 1892 1642 1968 1313113

424 2001 460 2075 in
478 2025 600 2077 mense
617 2001 713 2076 omni
731 2011 886 2101 tempore
906 2027 961 2076 me
979 2002 1159 2078 faciendas
1176 2004 1335 2101 spondeo.
1353 2007 1438 2079 Haec
1463 2004 1584 2102 itaque
1609 2029 1643 2080 o·

423 2115 521 2188 mnia
538 2141 621 2191 cum
638 2116 766 2191 timore
783 2125 819 2191 et
835 2115 1025 2213 disciplina
1051 2127 1093 2190 ut
1117 2116 1213 2190 Deus
1238 2116 1373 2215 placari
1392 2117 1512 2214 possit,
1531 2117 1641 2192 mein

424 2228 586 2305 aecclesia
599 2253 678 2305 moa
694 2229 948 2304 instituturum
965 2240 1073 2328 atque
1090 2228 1313 2304 diebusvitae
1326 2255 1413 2304 1333
1430 2255 1507 2304 3333
1525 2255 1644 2305 serva·

424 2353 547 2418 turum
567 2344 642 2444 ipso
658 2344 854 2418 auxiliante
867 2344 1043 2442 promitto.
1057 2346 1160 2419 Hanc
1172 2352 1293 2418 autom
1307 2344 1510 2420 cautionem
1528 2367 1642 2419 meam

424 2455 476 2530 ill.
501 2455 638 2530 notario
661 2455 831 2530 33313313
856 2481 943 2531 mere
968 2455 1190 2532 scribendam
1216 2456 1351 2544 notavi,
1373 2456 1497 2554 inqua
1522 2467 1558 2532 31
1576 2481 1643 2553 ego

425 2570 554 2645 subtus
572 2595 681 2644 manu
699 2571 838 2669 propria
856 2570 1050 2668 subscripsi
1067 2579 1103 2644 31
1119 2579 1230 2644 133133
1243 2580 1284 2643 31
1297 2569 1495 2644 3311131331
1507 2570 1644 2666 rogavi,

424 2685 641 2758 exortatione
651 2683 770 2757 domni
781 2693 817 2758 31
830 2683 1025 2758 beatissimi
1039 2687 1154 2782 Papae,
1167 2682 1426 2781 stipulantibus
1438 2683 1538 2757 vobis
1550 2683 1644 2757 dom-

424 2821 471 2873 no
487 2796 537 2870 ill.
556 2797 769 2894 Apostolicae
787 2797 887 2872 Sedis
907 2795 1240 2895 Archipresbytero,
1256 2807 1292 2871 31
1308 2796 1436 2871 domno
1452 2795 1502 2869 ill.
1519 2796 1644 2871 Archi-

424 2911 581 3000 diacono,
592 2922 628 2986 31
640 2912 767 2985 domno
784 2909 837 2984 ill.
855 2910 1074 3001 Primicerio,
1087 2919 1124 2985 31
1136 2910 1262 2984 domno
1280 2908 1329 2982 ill.
1343 2909 1595 2985 Secundicerio
1607 2910 1644 2983 in

424 3024 1187 3125 omuibussuperiuscomprehensisActum
1198 3023 1645 3112 Romaeanno,mense,die,

424 3139 630 3228 indictione,
639 3139 770 3238 quibus
783 3164 900 3237 supra.
913 3138 967 3213 Ill.
980 3137 1153 3233 indignus
1166 3134 1361 3233 Episcopus
1375 3143 1507 3208 sanctae
1521 3132 1645 3210 11133·

425 3252 657 3344 3133131313
675 3253 831 3329 cautioni
850 3263 885 3328 et
901 3251 1079 3351 sponsioni
1098 3275 1185 3324 1333
1201 3248 1397 3345 subscripsi
1410 3258 1446 3322 et
1459 3258 1568 3324 133133
1581 3248 1642 3345 qui

425 3366 689 3442 subscriberent
705 3365 841 3462 rogavi.
859 3365 912 3440 Ill.
930 3365 1097 3440 tribunus
1117 3361 1201 3436 huic
1219 3360 1378 3436 cautioni
1396 3360 1644 3458 sponsionique

426 3481 530 3556 factae
546 3479 591 3554 ab
607 3479 660 3553 ill.
676 3480 849 3578 Episcopo
865 3490 998 3556 333313
1011 3475 1062 3550 111.
1075 3475 1256 3566 33313313,
1274 3485 1422 3572 rogatus
1434 3473 1478 3547 ab
1491 3497 1531 3548 eo
1543 3474 1645 3549 tostis

425 3593 644 3695 subscripsit.
661 3591 714 3666 Ill.
732 3593 892 3668 notarius
909 3603 1042 3669 sanctae
1060 3590 1230 3667 33313313
1247 3590 1298 3664 ill.
1312 3600 1389 3687 post
1401 3588 1550 3664 testium
1563 3589 1644 3665 sub

426 3706 617 3804 scriptione
634 3706 820 3804 complevi.

903 3847 1174 3933 lxxxxv.

934 4027 983 4078 Ex
1001 4025 1128 4079 eodem.

520 4165 561 4237 In
572 4162 637 4237 Dei
651 4160 846 4236 Salvatoris
859 4160 971 4236 nostri
984 4160 1088 4235 Ibesu
1105 4159 1240 4236 Christi
1254 4160 1487 4258 nomino,ego
1500 4159 1646 4257 1111131-

426 4297 529 4371 scopo
537 4274 705 4350 aeoolesiae
713 4274 764 4348 ill.
773 4274 938 4372 promitto
950 4273 1050 4348 vobis
1063 4275 1165 4350 beato
1175 4277 1279 4348 Petro
1288 4274 1534 4373 Apostolorum
1544 4274 1648 4347 Prin·

426 4388 497 4488 cipi
515 4386 730 4487 vicarioque
747 4398 809 4462 tuo
825 4387 1029 4462 beatissimo
1046 4390 1151 4485 Papae
1163 4390 1207 4460 N.
1220 4387 1554 4487 successoribusque
1567 4387 1647 4462 eins

376 4528 389 4557 ·
427 4526 490 4604 per
507 4504 650 4579 Patrem
668 4514 704 4579 31
720 4502 854 4580 Filium
867 4510 903 4576 31
916 4501 1090 4602 Spiritum
1104 4508 1269 4576 sanctum
1282 4499 1495 4577 Trinitatem
1509 4500 1648 4602 insepa-
