3608 5498
662 430 859 491 -193-

154 559 291 625 ctorum
306 561 448 649 patrum
463 552 628 627 instituta
642 549 817 649 propriam
831 546 1019 623 ecclesiam
1032 544 1208 634 deserens,
1221 545 1292 618 iam
1307 569 1368 642 per

151 663 387 761 quinquennii
405 673 546 762 tempus
564 665 601 737 in
625 663 753 738 alienis
779 658 985 761 parroechiis
1009 669 1142 734 temere
1167 656 1368 732 inhabitare

152 777 386 877 praesumpsit.
405 780 519 864 Quem
536 777 748 853 auctoritate
765 775 848 850 fulti
865 773 1048 863 canonica,
1074 771 1286 870 Apostolicis
1311 770 1370 845 lit·

151 889 248 978 teris,
265 915 327 986 per
344 890 486 966 tertiam
500 900 735 988 quartamque
748 889 864 965 vicem
878 887 1097 964 vocavimus.
1111 891 1160 960 At
1175 884 1236 958 ubi
1255 885 1368 959 redire

151 1003 300 1092 distulit,
318 1005 453 1079 duobus
471 1004 702 1101 congregatis
719 1002 973 1100 Episcoporum
989 1000 1162 1088 conciliis,
1187 1024 1269 1074 curn
1290 997 1369 1072 eius

151 1139 219 1191 nou
234 1117 472 1215 potuissemus
481 1117 601 1192 videre
612 1116 848 1215 praeseutianr,
857 1138 933 1191 com
939 1113 1037 1188 muni
1050 1112 1282 1189 eumdecreto
1290 1135 1370 1184 san·

151 1237 209 1303 cta
226 1231 474 1306 communione
491 1229 727 1328 privavimus,
744 1227 904 1303 volentes
920 1225 1096 1325 siquidem
1112 1248 1174 1323 per
1190 1222 1300 1296 huius
1312 1247 1369 1306 exf

151 1343 484 1419 communicationis
502 1368 689 1418 censuram
707 1341 751 1415 ad
768 1340 960 1438 graemium
977 1348 1110 1414 sanctae
1125 1358 1229 1435 aquo
1241 1336 1370 1411 disces·

153 1465 249 1530 serat
266 1457 391 1530 matris
408 1455 579 1533 aecclesiae
603 1480 787 1555 personam
814 1453 993 1542 reducere,
1018 1452 1118 1526 iuxta
1143 1452 1231 1523 XVI
1252 1447 1368 1525 sancti

153 1570 484 1667 magniqueNiceni
494 1565 863 1671 Conciliicapitulum.
872 1567 919 1639 Et
928 1565 1022 1638 infra
1030 1564 1075 1638 ad
1088 1563 1262 1639 eumdem.
1274 1565 1368 1636 Nam

151 1682 274 1756 multis
289 1684 400 1759 modis
413 1695 448 1759 te
463 1683 767 1786 reprehendimus
775 1706 818 1757 ac
832 1678 1143 1779 reprehensibilem
1157 1678 1368 1753 iudicamus,

150 1796 242 1883 Quia
260 1797 303 1870 ad
322 1797 390 1872 duo
407 1822 469 1897 pro
486 1808 522 1875 te
539 1807 760 1894 congregata
777 1795 940 1885 concilia,
956 1816 1103 1869 occurre
1120 1791 1255 1880 distuli,
1271 1792 1368 1868 sicut

150 1908 188 1982 hi
206 1922 408 2008 presentes.
425 1911 635 2010 Nycholaus
653 1910 897 1997 Petronacius,
909 1918 1016 2007 atque
1033 1907 1206 1983 Iohannes
1223 1930 1369 1981 venera·

148 2022 238 2097 biles
256 2024 430 2123 Episcopi,
448 2050 511 2123 per
527 2050 615 2124 quos
628 2051 726 2101 nunc
738 2023 950 2098 auctoritate
963 2022 1134 2097 canonica
1147 2032 1182 2096 te
1194 2019 1367 2094 iussimus

147 2158 295 2212 evocare
312 2159 371 2212 ore
388 2137 526 2236 proprio
543 2138 762 2213 iudicabunt.
785 2137 824 2210 Si
847 2144 968 2211 autem
993 2136 1186 2211 constituto
1210 2143 1367 2231 tempore

146 2249 190 2322 ad
204 2250 410 2347 praedictum
426 2252 620 2326 concilium
634 2252 757 2326 venire
770 2249 984 2347 neglexeris,
1000 2250 1068 2324 sub
1083 2248 1368 2324 excommunica·

146 2364 241 2439 tione
258 2373 292 2440 to
311 2365 422 2439 modis
439 2365 604 2440 omnibus
620 2366 847 2441 decernimus
863 2388 940 2440 esse
959 2386 1181 2438 mansurum.

683 2568 822 2653 XLVII.

228 2780 264 2829 ln
281 2779 397 2832 eodem
410 2779 487 2846 cap.
507 2781 568 2832 xn
587 2782 681 2835 etex
699 2781 833 2834 conuitio
852 2779 997 2834 secundo
1016 2781 1118 2844 Papae
1137 2781 1275 2845 ungenti

445 2877 681 2944 Episcopomm
699 2879 779 2932 XLI.
798 2890 871 2944 cap.
891 2879 969 2932 item
986 2878 1058 2930 ΧΠ.

239 3046 323 3119 Sine
340 3058 466 3121 ornatu
484 3047 692 3123 sacerdotali
711 3057 812 3124 extra
829 3049 949 3124 domos
969 3047 1169 3123 sacerdotes
1193 3069 1362 3145 apparere

143 3156 344 3233 nullomodo
360 3162 539 3249 convenit,
557 3187 600 3237 nc
618 3171 659 3236 ut
671 3161 803 3260 aliquis
815 3160 1043 3237 saecularium
1057 3159 1209 3233 iniurias
1226 3159 1363 3259 patian-

142 3279 212 3344 tur.
230 3272 440 3347 Oontrarius
457 3273 609 3372 denique
634 3277 818 3364 inventus,
834 3286 899 3350 aut
920 3274 1070 3363 desinat,
1093 3281 1158 3347 eut
1182 3273 1362 3347 canonieae

142 3382 325 3459 subiaceat
342 3385 546 3483 discipline.
567 3388 742 3463 Similiter
759 3387 797 3462 in
815 3387 976 3463 Concilio
996 3386 1167 3463 Zacharie
1184 3388 1298 3483 Papae.

667 3579 823 3665 XLVIII.

350 3790 471 3844 micola!
489 3793 553 3845 PP.
574 3793 589 3844 1
608 3791 653 3846 ed
670 3792 885 3846 michahelem
904 3793 1148 3857 Imperatorem.

236 3950 396 4048 Denique
413 3952 499 4025 siin
518 3952 665 4052 epistola
682 3953 728 4028 nd
746 3951 894 4028 hebreos
911 3952 1069 4049 legimus
1086 3952 1178 4050 quod
1204 3952 1319 4028 minor
1339 3978 1361 4028 a

142 4062 272 4136 maiore
288 4061 530 4152 benedicatur,
549 4074 660 4139 restat
676 4066 833 4163 profecto
850 4077 891 4140 ut
908 4067 1075 4163 exigente
1093 4066 1228 4140 ratione
1252 4068 1361 4142 etiam

141 4174 384 4251 maledicatur.
414 4177 594 4275 Siquidem
625 4178 702 4254 lraec
731 4181 856 4279 utique
882 4190 1140 4279 praenoscentes
1164 4180 1362 4278 periculosa

140 4298 295 4387 tempora
309 4289 364 4363 illi
378 4291 440 4388 qui
454 4301 536 4365 ante
553 4314 616 4366 uos
629 4291 787 4381 fuerunt,
796 4292 978 4392 providam
988 4295 1024 4366 in
1035 4292 1205 4369 aecclesiis
1218 4317 1363 4371 consue·

139 4402 300 4477 tudinem
318 4404 552 4492 tradiderunt,
568 4404 740 4504 hodieque
755 4407 792 4479 in
807 4408 964 4481 Romana
978 4406 1139 4483 aecclesia
1157 4432 1237 4506 qnoe
1248 4409 1362 4504 magi·

138 4522 211 4588 stra
230 4526 283 4590 est
300 4518 458 4592 omniurn
476 4517 713 4593 ecclesiarum
732 4519 1021 4617 impraetermisse
1046 4530 1223 4609 servatur,
1247 4521 1298 4595 ita
1319 4530 1361 4593 ut

1146 4636 1179 4688 re
