3608 5498
674 428 714 443 -
739 395 804 460 297
830 431 870 444 -

703 571 842 657 llllllll.

258 742 434 818 lohannes
463 744 649 847 episcopus
674 744 874 823 Hludovioo
902 746 1107 845 imperatori
1132 748 1227 826 inter
1256 760 1385 827 cetera.

161 861 255 934 Nam
270 861 524 936 monasterium
537 871 672 937 sanctae
685 864 818 936 Marum
830 861 868 934 in
879 862 1229 962 Comaclroquodque
1239 868 1384 964 Pompo-

162 975 216 1049 sia
232 974 377 1064 dicitur,
397 985 434 1051 et
450 976 706 1052 monasterium
720 974 845 1051 Sancti
863 975 1060 1052 Salvatoris
1080 977 1118 1052 in
1144 987 1263 1055 monte
1284 983 1387 1056 Fere·

163 1089 222 1178 tri,
251 1088 419 1188 aliudque
446 1091 701 1166 monasterium
719 1090 811 1189 quod
836 1100 987 1165 vocatur
1009 1093 1141 1167 Sancto
1166 1092 1386 1193 presbytem,

164 1213 271 1301 atque
289 1202 429 1279 colonos
446 1204 484 1278 in
510 1205 689 1280 territorio
706 1204 944 1296 Ferrariense,
956 1217 993 1282 et
1011 1206 1197 1296 Adriense,
1215 1216 1251 1283 et
1272 1207 1386 1284 Galli·

165 1327 246 1393 cata
263 1328 299 1392 et
311 1319 551 1394 Faventillam
566 1319 766 1395 Ravennati
784 1319 1059 1420 Arehiepisropo
1072 1345 1142 1396 non
1159 1320 1387 1410 abstulimus,

163 1431 221 1506 sed
237 1456 278 1507 ea
292 1433 506 1509 monasteria
519 1442 556 1508 et
572 1433 650 1509 loca
662 1434 707 1509 ab
720 1435 1004 1510 antecessoribus
1017 1436 1149 1511 nostris
1161 1460 1321 1534 possessa
1335 1461 1387 1512 re·

162 1545 351 1643 parientes,
364 1547 595 1644 possedimus,
607 1557 828 1646 actenusque
841 1549 919 1625 iure
933 1551 1071 1648 proprio
1085 1550 1291 1627 retinemus.
1305 1550 1388 1625 Alia

164 1683 304 1759 quoque
320 1658 398 1736 loca
415 1670 452 1736 et
469 1661 575 1735 villas
593 1671 630 1738 et
642 1662 763 1760 predia
780 1664 823 1740 do
840 1663 971 1762 quibus
986 1664 1145 1763 aliquam
1162 1665 1383 1742 functionem

165 1797 264 1872 pers
287 1775 358 1848 iam
377 1798 489 1850 annos
502 1775 653 1851 ecclesia
666 1780 857 1852 Ravennas
871 1778 1016 1876 recepit,
1033 1778 1203 1854 volumus
1216 1788 1258 1855 ut
1271 1779 1388 1877 pristi-

164 1913 247 1962 nam
262 1887 480 1965 functionem
495 1898 530 1965 et
543 1888 720 1965 dationem
734 1892 853 1966 eadem
867 1891 1030 1968 aecclesia
1043 1892 1211 1991 deinceps
1228 1893 1388 1991 recipiat.
1476 1933 1482 1948 =

164 2006 211 2077 Et
228 2002 313 2100 quia
335 2001 449 2078 eidem
467 2002 640 2079 aecclesie
664 2002 736 2077 alia
760 2004 837 2080 loca
854 2030 922 2081 nec
942 2005 1106 2095 tulimus,
1129 2031 1196 2081 nec
1220 2006 1388 2104 occupari

166 2117 330 2203 fecimus,
354 2116 484 2192 habeat
508 2141 587 2216 quae
611 2127 761 2192 actenus
785 2118 922 2208 habuit,
937 2118 1071 2217 absque
1088 2118 1267 2215 praedictis
1290 2118 1389 2209 locis,

163 2230 255 2306 idest
272 2230 463 2321 Gallicata,
481 2241 516 2307 et
531 2257 647 2306 massa
665 2231 879 2322 Faventilla,
896 2242 932 2307 et
944 2232 1078 2330 absque
1094 2231 1253 2329 praelatis
1270 2255 1389 2306 mona-

162 2345 291 2434 steriis,
304 2369 487 2443 quousque
500 2345 539 2418 in
556 2345 749 2444 praesentia
763 2354 884 2421 vestra
903 2355 939 2421 et
957 2345 1034 2446 ipsa
1046 2346 1123 2422 loca
1137 2370 1217 2444 quae
1229 2371 1294 2420 sua
1312 2371 1388 2421 esse
1516 2420 1519 2427 .

164 2469 277 2557 putat,
294 2468 424 2533 nostrae
436 2460 554 2556 potius
571 2456 744 2536 aecclesiae
761 2458 841 2556 lege
859 2468 895 2536 et
909 2460 1045 2535 ratione
1062 2459 1254 2558 pertinere,
1274 2459 1386 2534 omni·

163 2574 276 2650 modis
293 2574 532 2669 cognoscatis.
549 2576 629 2650 Dat.
647 2577 718 2650 1111
734 2573 807 2651 kal.
825 2573 926 2650 Febr.
944 2574 1067 2650 indict.
1084 2577 1164 2649 Vll.

697 2740 854 2827 (llllllll.

259 2914 434 2992 lohannes
447 2915 786 3016 episcopnsAnnoni
796 2912 1388 3013 Frisinguensisacclesiaeepisco

166 3054 218 3129 po.
231 3031 436 3106 Efficaciam
451 3041 522 3107 tuse
535 3030 718 3106 fidelitatis
731 3030 829 3107 circa
844 3040 1007 3106 sanctam
1020 3028 1138 3105 sedem
1158 3028 1388 3127 apostolicam

161 3171 270 3243 quam
286 3144 458 3219 nimirum
476 3145 607 3220 litteris
627 3144 702 3219 tuis
726 3144 919 3234 extuleras,
943 3142 1109 3245 operibus
1134 3152 1170 3218 te
1195 3142 1389 3241 approbare

161 3259 254 3335 velle
265 3261 352 3334 satis
361 3260 587 3336 devotissime
600 3260 866 3360 promittentem
881 3267 917 3334 et
925 3266 1115 3354 gratanter
1124 3257 1341 3354 accepimus,
1353 3267 1390 3334 et

162 3397 224 3475 pro
239 3373 543 3450 commendatione
557 3398 678 3451 rerum
695 3377 863 3449 Romanae
881 3371 1044 3448 ecclesiae
1056 3369 1250 3470 provisioni
1263 3379 1336 3446 tuae
1348 3380 1391 3447 ut

163 3487 293 3562 asseris
309 3488 591 3563 commissarum.
608 3489 759 3564 Noveris
784 3488 906 3585 itaque
930 3484 1135 3584 nuperrime
1158 3508 1222 3560 nos
1239 3484 1390 3575 litteras,

163 3602 291 3677 dilecto
309 3601 381 3676 filio
398 3611 518 3676 nostro
536 3601 763 3678 Hludorvieo
778 3603 855 3698 regi
874 3601 936 3679 sed
954 3600 1139 3700 Episcopis
1151 3611 1188 3676 et
1200 3601 1390 3677 comitibus
1486 3667 1490 3671 ,

162 3715 280 3791 Italici
299 3716 403 3812 regni
421 3716 481 3815 qui
501 3741 623 3792 earum
644 3717 803 3793 redditus
824 3715 924 3791 nobis
941 3715 1072 3791 deferri
1100 3715 1218 3789 salros
1242 3715 1391 3805 faciant,

163 3830 414 3919 transmisisse,
431 3829 614 3929 nichilque
636 3831 730 3906 alius
755 3856 940 3930 superesse
965 3831 1228 3927 cognoscimus,
1253 3830 1323 3904 nisi
1349 3839 1392 3906 ut

163 3972 304 4032 aurum,
320 3944 480 4042 aliasque
498 3946 635 4043 species
652 3971 743 4046 quas
759 3955 795 4021 te
812 3944 1002 4042 collegisse
1024 3943 1159 4033 fateris,
1171 3942 1280 4018 simul
1306 3969 1390 4018 cum

163 4059 353 4162 praeteritae
369 4058 576 4135 indictionis
592 4060 784 4158 quominus
805 4060 954 4135 fuerunt
981 4058 1176 4135 redditibus
1202 4057 1269 4132 sub
1293 4058 1391 4132 omni

162 4173 383 4272 plenitudine
400 4172 500 4248 nobis
518 4199 579 4272 per
596 4183 710 4248 totum
728 4173 972 4273 Septembrem
992 4174 1125 4248 suturae
1142 4175 1212 4247 Vll
1230 4172 1393 4249 indictio·

164 4288 232 4377 nis,
249 4297 312 4361 aut
329 4313 391 4387 per
408 4288 636 4384 temetipsum
657 4288 802 4378 referas,
818 4297 883 4362 aut
900 4287 1135 4375 transmittas,
1157 4286 1275 4361 sciens
1287 4288 1390 4384 quasi

165 4399 233 4475 boc
249 4400 411 4475 condicto
427 4411 583 4500 tempore
602 4399 762 4475 redditus
779 4400 879 4477 nobis
896 4427 966 4476 non
984 4401 1161 4491 venerint,
1186 4400 1324 4476 nullius
1340 4401 1390 4476 al·

166 4513 281 4592 terius
298 4513 368 4593 nisi
386 4525 458 4598 tue
474 4539 619 4598 morosae
642 4514 876 4622 negligentiae
900 4513 1103 4623 specialiter
1129 4514 1391 4622 imputandum.
