3608 5498
671 404 870 466 -309-

156 522 200 596 da
217 530 419 620 competens
435 522 611 612 discretio,
632 523 817 600 sancimus
841 523 873 597 si
898 522 980 622 quis
1004 522 1163 622 aliquam
1188 522 1377 621 reliquerit

156 635 402 725 hereditatem,
418 635 479 711 vel
496 634 669 733 legatum,
686 637 744 713 vel
762 635 1086 727 fideicommissum,
1101 635 1161 712 vel
1178 636 1377 712 donationis

157 747 263 824 titulo
275 747 410 847 aliquid
425 749 570 840 dederit,
583 749 642 826 vel
656 750 855 827 vendiderit
867 750 945 828 sivo
958 750 1195 827 sacrosanctis
1204 750 1377 841 ecclesiis,

160 860 219 938 vel
235 861 472 953 xenodochiis,
483 862 543 939 vel
561 863 722 962 ptochiis,
735 863 793 943 vel
808 864 1032 941 monasteriis
1049 863 1301 955 masculorum,
1316 864 1377 941 vel

158 975 364 1072 virgiuum,
389 976 448 1052 vel
472 975 790 1079 orphanotrophiis,
815 978 874 1055 vel
899 977 1213 1075 gerontochomiis,
1238 1002 1377 1055 necnon

159 1089 169 1162 i
175 1113 236 1164 nra
254 1088 414 1164 civitatis
432 1089 649 1179 relictorum,
667 1091 725 1167 vel
744 1092 964 1183 donatorum,
980 1091 1040 1169 vel
1061 1092 1300 1182 venditorum,
1324 1092 1377 1169 eis

159 1203 207 1278 sit
231 1203 387 1300 longeva
407 1203 556 1295 exactio,
581 1204 684 1279 nulla
707 1206 876 1306 temporis
897 1206 1001 1282 solita
1018 1204 1275 1305 perscriptione
1292 1231 1378 1305 prse-

159 1318 361 1392 coartanda.
378 1318 447 1393 Sed
460 1318 539 1392 etsi
552 1319 591 1391 iu
605 1313 881 1419 redemptionem
896 1319 1133 1418 captivorum,
1146 1319 1306 1418 quoedam
1322 1345 1379 1419 pe-

159 1431 287 1523 cuniae,
304 1431 363 1507 vel
381 1457 437 1507 res
455 1431 665 1522 relicte,·vel
682 1432 845 1529 legitimo
862 1433 962 1509 modo
978 1434 1116 1508 donatae
1137 1443 1234 1524 suut,
1251 1458 1377 1509 earum

160 1544 342 1621 exactione
357 1545 572 1643 longismam
588 1547 750 1645 (adolesse
763 1570 961 1622 censemus.
974 1547 1022 1621 Et
1034 1544 1134 1620 uobis
1146 1545 1288 1644 quidem
1302 1569 1378 1622 cor·

159 1661 195 1735 di
214 1672 303 1749 erat,
319 1661 432 1736 nullis
450 1671 649 1759 temporum
667 1661 776 1737 metis
795 1659 1002 1735 huiusmodi
1026 1658 1202 1736 actionem
1226 1659 1381 1736 circum·

161 1774 269 1850 cludi.
287 1775 355 1849 Sed
373 1799 418 1851 ue
435 1774 623 1851 videamur
640 1775 677 1848 iu
696 1772 878 1848 inlinitum
892 1772 986 1850 hanc
1000 1773 1200 1863 extendere,
1213 1771 1381 1869 longissi-

161 1914 259 1961 mum
287 1888 372 1963 vitae
396 1886 581 1963 homiuum
607 1897 748 1986 tempus
765 1885 948 1982 eligimus,
964 1895 1000 1962 et
1016 1909 1087 1961 uon
1111 1884 1217 1962 aliter
1240 1911 1319 1962 eam
1344 1910 1382 1960 a·

159 2002 313 2076 ctionem
335 2001 433 2075 finiri
454 2001 693 2091 concedimus,
705 1999 818 2076 nisiC
835 2022 1011 2075 annornm
1024 1999 1206 2075 curricula
1223 2024 1382 2077 excesse-

161 2116 242 2190 rint.
261 2119 362 2191 Tuuc
379 2115 511 2192 etenim
533 2113 778 2190 tantummodo
798 2113 1043 2189 huiuscemodi
1061 2113 1279 2190 exactionem
1298 2137 1381 2189 eva·

165 2253 308 2305 uescere
326 2229 488 2303 sinimus.
509 2228 594 2304 Sive
616 2229 737 2327 itaque
760 2227 965 2304 memoratis
983 2225 1265 2323 religiosissimis
1281 2226 1380 2317 locis,

162 2342 222 2417 vel
235 2341 456 2431 civitatibus,
468 2339 678 2417 hereditatis
690 2341 766 2416 sive
779 2343 952 2439 legatum,
964 2341 1041 2418 sive
1054 2341 1136 2417 fidei
1149 2340 1381 2419 commissum

159 2458 270 2533 luerit
288 2457 464 2547 relictum,
480 2457 539 2532 vel
553 2457 703 2548 donatio,
716 2457 775 2532 vel
788 2455 946 2531 venditio
958 2455 1168 2555 processerit
1181 2454 1218 2528 iu
1236 2455 1381 2553 quibus-

162 2597 317 2671 cumque
336 2571 441 2647 rebus
458 2571 648 2647 mobilibus
664 2572 723 2649 vel
740 2570 992 2662 immobilibus,
1005 2570 1082 2646 sive
1095 2592 1156 2669 pro
1173 2569 1379 2669 redemptio·

162 2711 207 2761 ne
225 2684 451 2783 captivorum
469 2687 629 2783 quaedam
645 2685 780 2761 luerint
792 2685 962 2761 derelicta
975 2685 1035 2760 vel
1046 2686 1185 2775 donata
1197 2684 1245 2760 sit
1256 2696 1385 2760 eorum'

162 2823 273 2897 pense,
291 2807 460 2897 perpetua
478 2799 691 2887 vendicatio‚
709 2810 746 2876 et
758 2797 802 2872 ad
815 2820 928 2872 anuos
941 2798 970 2874 C
984 2805 1025 2871 ut
1036 2797 1175 2873 dictum
1193 2807 1247 2873 est
1259 2806 1384 2873 exten·

161 2913 278 3003 datur,
295 2912 395 2987 nulla
413 2913 618 3012 exceptione
636 2924 835 3012 temporum
852 2910 1055 3001 inhibenda,
1071 2909 1149 2986 sive
1165 2919 1289 2987 contra
1312 2909 1382 3011 p'ri·

162 3051 240 3101 mas
253 3049 431 3125 personas,
444 3027 521 3102 sive
535 3037 659 3103 contra
672 3027 830 3117 heredes,
846 3024 923 3101 sive
936 3047 1159 3101 successores
1171 3047 1293 3101 eorum
1311 3035 1385 3100 mo

163 3152 326 3216 veantur.
344 3144 386 3215 In
404 3140 598 3216 bisantem
616 3141 783 3216 omuibus
800 3140 944 3217 casibus
961 3163 1031 3214 non
1048 3139 1164 3216 solum
1178 3140 1381 3238 personales

164 3254 322 3330 actiones
347 3254 486 3343 damus,
507 3255 568 3330 sed
593 3263 628 3330 et
653 3263 774 3329 tamen
799 3254 838 3329 in
864 3280 901 3331 re
924 3254 1157 3354 ypothecaria
1182 3254 1380 3330 secuudum

163 3378 293 3443 nostra
306 3378 463 3444 tenorem
475 3368 752 3459 constitutionis,
765 3394 844 3468 qnae
857 3367 1043 3465 legatariis
1055 3376 1091 3442 et
1107 3365 1382 3465 hypothecariae

163 3483 318 3573 donavit,
333 3492 369 3558 et
382 3483 596 3581 supradictis
612 3484 788 3574 omnibns,
804 3508 917 3557 uuum
931 3481 1174 3557 tautummodo
1186 3480 1382 3560 terminum

163 3596 248 3670 vitae
266 3595 492 3693 imponimus,
509 3595 600 3672 idest
622 3597 652 3673 C
670 3607 785 3672 metas
801 3620 987 3671 annorum.
1005 3597 1091 3672 Haec
1116 3605 1237 3671 autem
1261 3595 1383 3670 omnia

164 3710 343 3786 observari
361 3711 546 3786 sancimus
563 3710 600 3784 iu
615 3711 672 3785 his
684 3710 838 3800 casibus,
853 3709 916 3809 qni
933 3707 992 3785 vel
1008 3719 1129 3810 postea
1146 3707 1282 3786 fuerint
1294 3708 1383 3799 nati,

166 3823 223 3899 vel
241 3823 331 3898 alias
348 3824 386 3897 iu
403 3822 578 3900 iudicium
598 3824 742 3901 deducti
755 3834 851 3900 snut.
865 3826 956 3898 Data
969 3828 1002 3897 V
1017 3823 1136 3925 April.
1144 3821 1335 3923 Lampadio
1346 3831 1384 3900 et

165 3941 289 4016 Oreste
306 3942 376 4014 IIII
394 3938 619 4016 Consulibus.

694 4080 846 4166 exuli.

258 4284 493 4379 Imperatores
518 4279 808 4371 Valentinianus,
831 4280 1048 4357 Theodosius
1065 4278 1225 4378 Augusti
1242 4280 1384 4371 Dextro,

165 4395 296 4472 Comiti
314 4421 432 4472 rerum
450 4397 685 4497 privatarum.
702 4396 900 4473 Universos
918 4406 1033 4471 terras
1048 4418 1161 4494 quaea
1178 4392 1311 4473 colonis
1327 4394 1386 4469 do

165 4509 309 4587 mininis
326 4509 417 4586 iuris
433 4510 582 4587 Romani
601 4509 797 4601 Pontifiois,
813 4508 871 4588 vel
885 4508 977 4589 iuris
992 4507 1207 4610 templorum
1220 4506 1259 4587 in
1272 4505 1386 4608 quali·
