3608 5498
818 391 1014 454 -311-

300 515 369 614 piis
385 516 473 592 locis
486 519 549 591 XL
561 540 736 591 annorum
750 513 935 614 protelatio
948 514 1178 614 possessionis
1191 516 1408 603 conferatur,
1420 516 1522 590 salva

296 629 436 704 scilicet
452 630 549 706 circa
566 629 656 704 alias
672 651 851 728 personas,
867 636 904 703 et
920 651 1048 702 causas
1074 627 1222 719 virtute,
1247 653 1355 728 quam
1381 654 1521 730 semper

298 740 509 817 tricennalis
524 742 592 818 sibi
610 741 820 841 perscriptio
836 739 1052 816 vendicavit.
1069 741 1245 830 Quoniam
1267 742 1336 818 hac
1353 745 1389 819 X
1413 768 1521 820 anno·

299 880 379 929 rum
397 854 629 930 adiectionem
648 855 763 930 solnm
781 864 823 928 ut
838 853 976 929 dictum
993 863 1048 930 est
1064 854 1244 952 religiosis
1264 855 1364 947 locis,
1381 881 1522 933 eorum-

299 992 368 1067 que
381 968 465 1059 iuri,
477 968 536 1044 vel
549 967 794 1045 contractibus
810 968 1055 1066 indulgemus,
1072 978 1114 1044 ut
1129 969 1242 1069 sopite
1266 971 1333 1048 hoc
1350 973 1520 1070 temporis

299 1083 412 1182 spatio
424 1092 498 1157 tam
512 1083 712 1183 personales
720 1106 827 1181 quam
839 1083 1080 1181 ypothecariae
1089 1084 1247 1160 actiones
1256 1084 1519 1186 imperpetuum

300 1197 557 1296 conquiescant
569 1197 659 1271 nihil
673 1197 818 1296 penitus
834 1195 917 1270 aliis
933 1197 1202 1297 exceptionibus
1218 1200 1443 1297 derogantes,
1459 1201 1522 1277 sed

298 1320 372 1384 tam
386 1310 423 1383 in
437 1309 557 1409 aliquo
569 1309 745 1387 tricennio
762 1310 837 1383 vim
856 1309 1033 1409 roburque
1049 1311 1266 1388 tenentibus.
1279 1316 1320 1388 In
1334 1313 1408 1389 illis
1421 1340 1519 1389 nam·

297 1449 365 1523 que
380 1435 420 1499 ut
432 1425 567 1501 dictum
582 1434 637 1500 est
649 1434 791 1500 tantum
806 1423 959 1521 negotiis
972 1425 1157 1522 religiosos
1169 1436 1375 1503 contractus
1389 1453 1519 1505 memo

298 1547 374 1613 rato
390 1541 454 1613 XL
470 1561 644 1614 annorum
665 1537 855 1636 privilegio
871 1536 1040 1612 volumus
1056 1539 1203 1637 perfrui,
1220 1540 1257 1612 in
1274 1540 1404 1638 quibus
1421 1541 1472 1617 eis
1489 1542 1519 1619 0

296 1673 472 1726 annorum
481 1650 719 1750 praerogativa
730 1650 937 1726 constitutio
950 1660 1069 1727 nostra
1079 1651 1290 1743 contulerat,
1299 1677 1405 1752 quam
1420 1655 1520 1732 modo

295 1763 372 1840 ideo
385 1765 643 1862 permittamus,
651 1763 819 1863 quoniam
829 1789 891 1864 per
900 1774 1041 1840 tantum
1051 1765 1174 1842 saeculi
1188 1766 1307 1864 magis
1315 1790 1422 1865 quam
1432 1776 1519 1844 tem·

295 1876 389 1976 poris
405 1877 572 1977 spatium,
589 1902 656 1953 nec
672 1876 894 1955 documentis
910 1879 1112 1976 integritas,
1130 1904 1195 1956 nec
1212 1879 1305 1956 actis
1328 1880 1426 1971 fides,
1450 1906 1518 1957 nec

296 2001 382 2066 aetas
399 1991 498 2068 valet
513 1991 665 2068 testibus
682 1992 885 2090 suffragari.

843 2135 974 2221 cxlv.

790 2316 835 2366 ln
863 2311 1025 2367 eodem.

387 2454 581 2552 Imperator
610 2447 832 2525 lastinianus
859 2454 1061 2546 Augustus,
1086 2451 1226 2524 Mennae
1250 2448 1515 2550 archiepiscopo

292 2564 826 2664 Constantinopolissancimus
838 2572 880 2638 ut
892 2560 1513 2663 nulliliccat,monasterium,nequa

291 2678 489 2755 ecclesiam
508 2679 566 2755 vel
583 2678 750 2754 orationis
767 2678 910 2753 domum
934 2675 1092 2774 incipere
1116 2675 1294 2766 edificare,
1317 2686 1512 2775 antequam

291 2792 451 2867 civitatis
463 2792 647 2892 episcopus
659 2792 853 2868 orationem
867 2792 905 2866 in
918 2788 992 2864 loco
1006 2788 1125 2879 saciat,
1138 2798 1174 2864 et
1186 2813 1330 2865 crucem
1342 2789 1441 2886 figat,
1451 2815 1514 2889 pu·

290 2904 425 2980 blicum
443 2905 491 2980 ibi
508 2902 713 3008 processum
731 2905 876 2995 faciens,
892 2916 929 2982 et
945 2929 1089 2980 causam
1110 2903 1335 2979 manifestam
1348 2904 1513 2981 omnibus

290 3029 463 3095 statuens.
480 3019 587 3095 Multi
601 3017 696 3096 enim
715 3018 928 3095 simulantes
940 3020 1057 3095 facere
1070 3018 1172 3116 quasi
1191 3017 1360 3093 orationis
1376 3018 1513 3110 domus,

290 3133 365 3208 suis
376 3135 563 3209 medentur
576 3133 822 3232 languoribus,
834 3158 904 3208 non
917 3132 1189 3208 orthodoxarum
1200 3130 1442 3208 ecclesiarum
1453 3132 1513 3209 he·

292 3247 493 3323 dilicatores
506 3247 604 3336 lacti,
613 3249 675 3324 sed
687 3248 941 3347 speluncarum
955 3247 1317 3324 illicitarumDeinde
1327 3271 1397 3322 non
1405 3247 1512 3325 aliter

292 3360 494 3460 quempiam
512 3361 711 3439 aecclesiam
724 3389 745 3435 a
759 3385 849 3438 novo
864 3361 1067 3452 hedificare,
1080 3361 1289 3461 priusquam
1302 3361 1468 3460 loquatur
1479 3387 1513 3438 e·

291 3473 441 3572 piscop0,
458 3483 495 3548 et
511 3473 638 3549 finiant
656 3499 861 3550 mensuram
886 3500 994 3575 quam
1019 3476 1166 3574 deputat
1185 3474 1230 3550 ad
1248 3473 1452 3566 luminaria,
1475 3485 1512 3552 et

291 3613 434 3677 sacrum
450 3587 701 3678 ministerium,
713 3598 750 3665 et
762 3589 886 3665 domus
900 3589 1108 3681 custodiam,
1120 3598 1157 3665 et
1168 3589 1436 3665 observantium
1447 3590 1512 3665 ali·

291 3709 420 3775 menta.
433 3705 480 3775 Et
496 3701 527 3773 si
544 3701 763 3778 sufficienter
780 3701 909 3779 babere
923 3703 1103 3794 videntur,
1116 3701 1225 3778 faciat
1239 3701 1340 3799 prius
1351 3702 1510 3779 donatio·

290 3840 371 3890 nem
385 3839 507 3891 eorum
521 3841 601 3916 quae
613 3817 737 3891 futura
754 3827 840 3893 sunt
852 3817 1025 3919 deputari,
1038 3827 1074 3894 et
1086 3817 1137 3893 ita
1150 3817 1274 3894 domus
1287 3817 1509 3895 hedificetur.

288 3929 384 4005 Idem
402 3929 515 4006 cidem
533 3931 571 4004 in
588 3931 719 4007 eodem.
736 3931 832 4008 Illud
848 3957 986 4032 quoque
1002 3933 1047 4008 ad
1064 3930 1232 4008 honorem
1248 3941 1285 4007 et
1297 3931 1438 4008 cultum
1456 3956 1508 4007 se·

288 4042 344 4118 dis
360 4052 433 4117 tuae
449 4043 685 4134 decernimus,
701 4054 743 4119 ut
760 4044 791 4119 si
808 4045 889 4144 quis
906 4045 1076 4121 edificans
1092 4044 1304 4134 aecclesiam,
1320 4055 1384 4120 aut
1400 4044 1510 4120 ctiam

287 4155 393 4231 aliter
405 4157 609 4254 expendens
622 4156 659 4230 in
668 4182 710 4233 ea
725 4157 1013 4234 ministrantibus
1025 4158 1197 4235 alimenta
1207 4156 1511 4256 volueritaliquos

289 4267 437 4343 clericos
452 4279 621 4357 statuere,
636 4293 706 4345 non
719 4295 796 4346 esse
809 4271 842 4346 ei
859 4271 1028 4346 fiduciam
1046 4270 1169 4363 ullam,
1185 4294 1274 4369 quos
1285 4270 1368 4347 vult
1379 4295 1441 4370 per
1453 4294 1511 4368 pc

289 4390 454 4458 testatem
469 4382 729 4474 inducere,nisi
739 4385 893 4485 primum
908 4394 980 4460 tuae
993 4383 1205 4461 reverentiae
1217 4383 1358 4477 iudicio,
1370 4394 1512 4485 tuaeque

288 4494 493 4572 sanctitatis
509 4497 760 4575 examinentur
775 4497 964 4577 sententia.
