3608 5498
808 398 936 464 -226
963 430 1006 446 -·

287 514 353 592 hoo
366 516 410 593 de
424 515 592 592 memoria
602 516 753 593 assidua
765 517 937 593 stationes
946 517 1159 608 domestice,
1170 525 1207 596 ct
1219 519 1420 597 officialitas
1434 546 1514 622 quar

234 714 237 721 Ι
287 655 350 729 per
366 631 619 728 suggestiones
637 631 751 708 malas
767 657 831 708 seu
848 631 957 707 bonas
976 657 1074 708 nnnc
1091 631 1288 732 plurimum
1303 645 1425 733 potest.
1441 641 1516 712 Aut

287 743 384 819 enim
402 745 577 841 timentur
592 771 637 822 ne
656 746 751 820 mala
769 757 983 844 suggerant,
1000 757 1065 822 aut
1082 758 1253 823 emuntur
1269 758 1311 823 ut
1335 760 1516 849 praestent,

286 855 363 933 haec
380 867 466 932 sunt
478 881 557 957 quae
566 858 705 934 faciunt
717 882 777 935 eos
788 859 924 935 ordinis
937 860 995 936 sui
1011 884 1080 937 non
1094 862 1318 938 considerare
1331 862 1515 940 rationem.

288 971 383 1045 Dum
401 970 497 1045 enim
518 997 581 1071 per
597 972 820 1049 adulationes
837 972 1055 1051 obsecuntur
1073 975 1128 1049 illi
1155 975 1292 1065 illicite,
1317 976 1517 1076 praecipites

288 1081 369 1158 illos
387 1083 538 1174 faciunt,
554 1096 596 1160 ut
613 1083 694 1184 plus
711 1085 779 1160 sibi
797 1096 926 1185 putent
950 1086 1072 1163 licere.
1098 1087 1236 1188 Quippe
1260 1114 1345 1164 cum
1370 1089 1518 1165 videant

288 1220 359 1272 non
372 1197 425 1273 sic
438 1197 569 1274 deferri
585 1199 839 1290 sacerdotibus,
851 1226 895 1276 ac
910 1227 973 1301 per
985 1202 1053 1279 hoc
1065 1203 1236 1279 anteferri
1250 1228 1288 1278 se
1301 1204 1516 1303 putantSed

289 1309 533 1386 testimonium
547 1312 584 1388 in
598 1313 690 1412 quod
699 1312 870 1389 diaconus
884 1317 925 1390 fit
938 1316 1135 1416 presbyter,
1149 1316 1249 1416 quasi
1264 1316 1361 1392 istud
1373 1317 1418 1392 ad
1431 1343 1518 1415 prae·

289 1425 491 1522 rogativam
507 1427 685 1528 pertineat
702 1428 978 1526 magnitudinis,
996 1429 1154 1526 legimus
1176 1428 1284 1506 etiam
1309 1431 1354 1506 ad
1378 1430 1516 1529 plebem

288 1538 420 1615 dixisse
438 1543 586 1616 Petrum
605 1542 827 1641 Apostolum.
844 1542 981 1639 Eligite
998 1542 1124 1642 inquid
1141 1568 1185 1619 ex
1202 1543 1313 1634 vobis,
1333 1567 1421 1644 quos
1437 1567 1520 1621 con·

288 1651 483 1729 stituamus
500 1654 678 1730 deservire
696 1655 908 1732 ministeriis
925 1657 1102 1749 ecclesiae,
1127 1656 1208 1734 nolo
1232 1657 1350 1735 dicere
1374 1658 1518 1734 mensis.

288 1767 382 1842 Ecce
390 1766 592 1844 testimonio
600 1768 774 1845 laicorum
788 1770 900 1847 creati
912 1780 1001 1846 sunt
1014 1769 1164 1847 diaconi.
1174 1773 1221 1845 Et
1231 1769 1422 1870 Apostolus
1434 1795 1518 1847 eum

288 1881 351 1979 qui
368 1880 588 1958 ordinandus
613 1893 668 1960 est
689 1883 856 1960 Christus
880 1882 970 1960 dicit
996 1883 1107 1960 etiam
1124 1881 1369 1958 testimonium
1386 1882 1517 1960 habere

287 1992 419 2069 bonum
437 1994 482 2069 ab
506 1994 563 2071 his
580 1997 642 2095 qui
661 1996 747 2072 foris
764 2006 860 2072 sunt.
887 1995 1056 2072 Omnium
1084 2004 1139 2070 est
1163 2017 1250 2091 ergo
1272 1993 1518 2070 testimonium

289 2108 384 2198 dare,
395 2119 431 2184 et
443 2133 513 2185 non
526 2121 647 2187 tamen
656 2135 779 2187 omncs
792 2120 941 2211 possunt
954 2109 1136 2208 essequod
1152 2108 1323 2183 iudicant.
1337 2112 1457 2183 Potest
1469 2110 1518 2208 pi·

290 2232 367 2298 ctor
383 2223 496 2298 bonus
513 2224 666 2301 iudicari
687 2224 731 2299 ab
749 2224 811 2300 illo
827 2224 889 2324 qui
911 2224 1060 2323 pingere
1077 2221 1205 2311 nescit,
1226 2231 1262 2297 et
1278 2222 1422 2298 coraula
1448 2247 1519 2298 mc·

288 2333 356 2410 lior
372 2334 443 2410 alio
459 2335 604 2411 coraula
621 2337 807 2436 approbari
824 2338 869 2412 ab
888 2361 930 2413 eo
947 2336 1010 2436 qui
1027 2335 1181 2412 alterius
1208 2334 1297 2411 artis
1322 2335 1379 2412 sit.
1404 2338 1458 2411 Ita
1483 2347 1520 2413 et

289 2448 393 2524 testis
405 2459 518 2549 potest
530 2476 607 2527 esse
620 2451 765 2527 creandi
778 2451 992 2552 presbyteri,
1004 2449 1067 2550 qui
1080 2449 1229 2525 inferior
1242 2449 1364 2526 ordine
1377 2459 1441 2526 est.
1455 2453 1520 2529 nst

292 2560 423 2638 iterum
444 2563 705 2662 quo'inflentur
728 2574 765 2640 ct
782 2573 910 2664 putent
931 2563 999 2639 sibi
1027 2562 1182 2639 multum
1207 2563 1337 2639 deberi.
1362 2568 1394 2639 A
1419 2563 1520 2638 nobis

291 2674 388 2750 enim
406 2675 577 2775 inquiunt
594 2676 841 2777 perducuntur
861 2678 924 2777 qui
941 2676 1127 2753 ordinandi
1144 2686 1242 2768 sunt,
1254 2687 1295 2752 ut
1312 2677 1397 2752 dum
1415 2676 1519 2752 lateri

289 2812 412 2865 eorum
425 2790 516 2890 septi
529 2790 614 2882 sint,
620 2792 751 2868 honore
771 2792 874 2889 digni
889 2790 1090 2880 videantur,
1102 2790 1160 2865 fac
1173 2779 1298 2866 verum
1312 2814 1400 2866 esse.
1410 2790 1519 2878 Quasi

289 2902 385 2978 enim
402 2902 563 2980 officialis
580 2905 625 2980 ab
638 2906 811 3005 Episcopo
831 2903 1000 2993 mittitur,
1016 2912 1059 2978 ut
1070 2902 1277 3002 obsequium
1295 2902 1450 3001 praebeat
1465 2925 1519 2977 or·

291 3015 455 3093 dinando.
479 3021 573 3093 Nam
600 3029 636 3094 et
660 3019 852 3118 imperator
872 3026 914 3093 ut
931 3016 1122 3115 imperator
1139 3026 1319 3116 appareat,
1335 3015 1520 3091 ordinatur

290 3130 456 3231 obsequio
469 3132 628 3222 militari,
646 3157 717 3209 non
735 3142 854 3209 tamen
870 3129 1007 3221 melior,
1023 3153 1089 3205 nec
1106 3154 1170 3230 par
1187 3138 1242 3204 est
1259 3128 1439 3205 exercitus
1454 3128 1521 3202 im·

291 3246 453 3342 peratori.
470 3248 565 3321 Nam
582 3255 618 3322 et
638 3251 756 3321 Aman
776 3254 972 3321 comesset
997 3243 1118 3318 clarus
1140 3241 1178 3317 in
1202 3241 1334 3318 honore
1359 3241 1520 3333 militari,

291 3380 361 3434 non
385 3368 506 3434 tamen
533 3358 670 3449 melior,
686 3382 755 3434 nec
775 3383 839 3456 par
856 3367 911 3435 cst
935 3380 957 3430 a
983 3379 1069 3452 rege
1095 3354 1227 3431 missus
1252 3355 1462 3431 Mardocheo
1480 3354 1518 3430 in

292 3468 504 3569 obsequium
527 3471 606 3561 iret,
631 3480 673 3545 ιιι
685 3479 862 3569 quantum
887 3469 1024 3566 dignus
1041 3479 1136 3545 esset
1151 3468 1388 3545 Mardocheus
1403 3495 1448 3544 ex
1462 3467 1520 3543 his

291 3581 470 3680 obsequiis
487 3593 706 3673 nosceretur,
723 3582 773 3658 ita
786 3591 823 3658 et
839 3582 978 3660 aaroni
996 3582 1160 3658 creandis
1174 3581 1394 3681 presbyteris
1410 3580 1448 3654 in
1462 3580 1520 3656 ob-

291 3695 455 3792 sequium
470 3695 676 3782 mittuntur,
691 3704 733 3770 ut
749 3695 883 3792 dignus
899 3718 958 3772 eos
970 3695 1048 3772 fieri
1062 3696 1263 3772 sacerdotes
1275 3718 1398 3769 omnes
1412 3693 1518 3769 intel·

291 3807 465 3905 ligantur,
478 3809 636 3908 exceptis
647 3808 743 3885 enim
756 3807 998 3888 sacerdotibus
1010 3806 1142 3907 quibus
1153 3806 1363 3907 obsequium
1377 3806 1519 3896 debent,

292 3920 458 3996 omnibus
476 3932 732 4020 praeponuntur
748 3920 898 3999 diaconi.

876 4089 946 4172 ol.

679 4245 716 4296 In
736 4224 876 4310 eplstola
894 4244 938 4298 ad
956 4243 1129 4299 Valerlum.

389 4377 581 4454 Nrohilest
596 4379 636 4453 in
652 4403 696 4457 ac
712 4379 789 4454 vita
805 4390 842 4455 et
859 4379 1013 4454 maxime
1035 4377 1102 4455 hoc
1119 4389 1279 4478 tempore
1301 4378 1460 4471 facilius,
1482 4390 1521 4457 et

295 4489 425 4581 laetius,
445 4502 482 4567 et
502 4491 668 4568 omnibus
687 4491 955 4591 acceptabilius,
967 4491 1134 4592 episcopi,
1155 4502 1220 4567 aut
1233 4492 1444 4592 presbyteri,
1456 4503 1521 4567 aut
