3608 5498
384 879 598 955 Anatholius
617 882 930 959 reverentissimus
949 883 1248 982 Archiepiscopus
1261 878 1510 956 Constantino

288 993 378 1091 polis
402 994 501 1069 dixit.
527 997 674 1092 Propter
699 997 803 1072 fidem
822 1022 892 1072 non
911 1008 966 1073 est
982 1000 1197 1097 dampnatus
1222 996 1423 1083 Dioscorus,
1446 993 1509 1069 sed

288 1108 372 1205 quia
398 1110 800 1186 excommunicationem
827 1112 914 1188 fecit
933 1114 1068 1186 Domno
1094 1118 1214 1185 nostro
1235 1108 1511 1205 Archiepiscopo

287 1223 407 1312 Leoni,
424 1232 460 1297 et
476 1224 581 1297 tertIo
598 1234 748 1298 vocatus
765 1235 872 1300 estet
890 1250 959 1301 non
981 1226 1092 1312 venit,
1109 1225 1186 1299 ideo
1207 1224 1421 1321 dampnatus
1445 1230 1510 1297 est.

289 1337 336 1408 Et
353 1335 458 1432 paulo
476 1345 563 1432 post.
585 1340 654 1411 Per
678 1337 870 1413 iussionem
898 1338 1236 1436 gloriosissimorum
1262 1335 1422 1423 iudicum
1448 1359 1509 1420 va·

288 1449 376 1523 dons
394 1449 431 1522 in
450 1475 591 1525 sacrum
611 1453 784 1549 palatium
803 1452 1065 1530 Beronicianus
1082 1450 1336 1528 devotissimus
1348 1458 1384 1523 et
1397 1471 1513 1522 secre-

288 1562 403 1636 tarius
419 1564 514 1638 sacri
531 1565 753 1654 Consistorii,
770 1577 806 1641 et
823 1577 901 1665 post
913 1567 1060 1665 paulum
1076 1566 1215 1641 rediens
1236 1565 1305 1638 ista
1315 1563 1441 1649 sinodo
1458 1563 1512 1636 in·

288 1676 484 1752 terlocutus
501 1688 566 1764 est,
583 1680 751 1777 praecepit
767 1680 873 1754 divus
891 1691 926 1756 et
945 1681 1129 1779 piissimus
1146 1680 1296 1754 domnus
1317 1688 1446 1754 noster.
1464 1681 1511 1752 Et

289 1800 366 1887 post
383 1815 506 1889 pauca.
524 1793 616 1879 Quia
630 1793 667 1865 in
686 1794 848 1891 partibus
863 1794 1142 1870 occidentalibus
1155 1795 1231 1869 fieri
1245 1793 1352 1868 habet
1365 1792 1511 1867 sinodus

290 1903 322 1976 si
340 1904 540 1980 reverentia
562 1916 683 1980 nostra
700 1906 760 1982 hic
777 1907 933 1984 voluerit
949 1908 992 1982 de
1010 1933 1095 1983 vera
1112 1917 1148 1982 et
1164 1907 1353 1982 orthodoxa
1370 1907 1437 1981 fide
1459 1907 1513 1980 in·

290 2019 496 2094 dubitanter
513 2020 626 2096 finire.
639 2021 936 2097 Reverentissimi
950 2021 1116 2119 Episcopi
1129 2022 1389 2097 clamaverunt.
1402 2018 1511 2095 Multi

290 2132 375 2206 anni
394 2134 680 2231 Imperatoribus.
699 2140 746 2210 Et
759 2135 870 2234 'paulo
896 2144 981 2233 post.
1000 2134 1070 2221 Qui
1096 2135 1348 2210 contradicunt
1372 2142 1408 2208 et
1432 2131 1515 2206 sub

289 2245 463 2334 scribunt,
493 2245 560 2344 ipsi
585 2246 781 2323 ambulent.
806 2252 897 2324 Item
922 2249 1028 2347 paulo
1054 2261 1140 2347 post.
1165 2250 1235 2335 Qui
1261 2246 1513 2325 contradicunt

291 2361 497 2434 Nestoriani
526 2371 622 2436 snnt.
649 2363 721 2449 Qui
748 2363 1000 2439 contradicunt
1025 2364 1171 2436 Romam
1202 2361 1396 2435 ambulent.
1421 2362 1512 2433 Item

289 2482 368 2570 post
380 2498 503 2571 pauca.
520 2477 567 2549 Ut
580 2477 649 2549 Leo
665 2476 718 2551 sic
731 2477 920 2552 credimus.
934 2476 1004 2562 Qui
1022 2474 1272 2550 contradicunt
1289 2471 1514 2549 Euthiciani·

291 2595 344 2660 ste
363 2596 458 2661 sunt.
475 2589 543 2662 Leo
561 2597 656 2663 recte
674 2589 845 2686 exposuit.
863 2592 952 2663 Item
971 2589 1009 2660 in
1035 2587 1164 2662 ultima
1185 2587 1324 2663 actione
1341 2585 1513 2674 eiusdem,

290 2701 507 2775 Pascasinns
524 2701 720 2799 Episcopus
747 2701 918 2777 Vicarius
945 2700 1047 2776 Sedis
1073 2700 1288 2799 Apostolicae
1313 2698 1413 2772 dixit.
1431 2703 1514 2774 Tre·

290 2823 476 2887 centorum
494 2817 538 2887 X.
556 2824 592 2888 et
608 2818 706 2888 VIII.
724 2825 930 2891 sanctorum
949 2818 1097 2890 Petrum
1115 2839 1230 2890 canon
1244 2823 1376 2890 sextus.
1389 2811 1512 2888 Eccle-

291 2926 344 3000 sia
361 2931 519 3001 Romana
536 2951 675 3024 semper
692 2927 818 3002 habuit
835 2929 1039 3026 primatum.
1054 2931 1188 3004 Teneat
1204 2937 1325 3003 autem
1340 2930 1512 3025 Egyptus

291 3048 332 3113 ut
345 3040 541 3137 Episcopus
554 3039 779 3115 Alexandriae
791 3042 951 3116 omnium
965 3042 1094 3117 habeat
1107 3050 1328 3140 potestatem,
1340 3040 1511 3138 quoniam

291 3163 327 3227 et
336 3154 492 3227 Romano
502 3153 674 3251 Episcopo
689 3156 764 3228 haec
778 3164 832 3229 est
844 3153 1071 3230 consuetudo.
1082 3152 1255 3227 Similiter
1268 3161 1387 3226 autem
1402 3160 1439 3226 et
1451 3149 1512 3250 qui

158 3324 167 3339 .
291 3266 328 3338 in
346 3265 538 3341 Antiochia
555 3268 774 3342 constitutus
790 3277 854 3357 est,
867 3277 904 3342 et
916 3268 955 3341 in
972 3267 1102 3342 ceteris
1116 3265 1321 3364 provinciis,
1335 3264 1511 3362 primatus

290 3377 445 3453 habeant
460 3380 622 3456 ecclesiae
639 3381 830 3456 civitatum
847 3380 1012 3455 aliarum.
1029 3382 1119 3453 Item
1141 3379 1179 3451 in
1197 3379 1268 3453 fine
1287 3376 1421 3452 ultimus
1441 3376 1514 3476 epi·

255 3508 259 3515 '
290 3491 389 3565 stolae
406 3492 562 3567 eiusdem
581 3494 724 3569 concilii
741 3494 846 3569 cuius
863 3492 1009 3567 initium
1026 3501 1089 3566 est.
1102 3489 1291 3588 Repletnm
1308 3499 1364 3564 est
1380 3488 1514 3586 gaudIo

291 3626 329 3679 os
345 3614 507 3679 nostrum
525 3617 562 3680 et
579 3605 708 3702 lingua
726 3617 846 3682 nostra
864 3606 1093 3694 exultatione,
1110 3605 1160 3678 ita
1183 3604 1356 3702 scriptum
1374 3612 1430 3678 est
1446 3607 1513 3677 Pa·

292 3742 345 3815 pae
362 3718 479 3792 Leoni.
499 3719 714 3795 Anatholius
732 3721 928 3819 Episcopus
941 3719 1368 3817 constantinopolitanus.
1381 3717 1512 3793 Valere

294 3832 399 3906 mein
415 3826 564 3907 Domino
577 3859 648 3924 ora,
662 3837 733 3910 Deo
746 3834 992 3909 amantissime
1005 3843 1114 3930 pater.
1124 3832 1304 3906 Maximus
1318 3829 1514 3928 Episcopus

293 3967 435 4040 magna
451 3946 611 4021 civitatis
630 3948 839 4023 Antiochia.
857 3946 988 4020 Valere
1005 3969 1062 4019 me
1079 3944 1118 4016 in
1131 3943 1281 4018 Domino
1296 3965 1370 4030 ora,
1387 3945 1460 4017 Deo
1476 3967 1513 4016 a·

293 4058 514 4135 mantissime
532 4072 567 4136 et
583 4062 810 4138 sanctissime
827 4072 863 4138 ct
878 4058 1083 4136 beatissime
1100 4060 1216 4132 Pater.
1232 4054 1417 4132 Iuvenalis
1430 4055 1514 4154 Epi·

293 4196 420 4270 scopus
434 4173 837 4251 Hierosolimitanorum.
850 4173 982 4248 Valere
996 4171 1101 4245 mein
1117 4170 1266 4245 Domino
1278 4191 1350 4258 ora,
1362 4169 1513 4243 sanctis·

293 4287 382 4361 sime
399 4296 435 4361 et
459 4287 661 4364 beatissime
679 4293 795 4364 Pater.
821 4288 985 4364 Ciriacus
1010 4283 1207 4382 Episcopus
1233 4281 1416 4358 Heracleae
1441 4284 1513 4356 Me-

293 4398 447 4495 tropolis.
464 4398 595 4474 Valere
614 4426 670 4475 me
687 4401 724 4474 in
744 4400 893 4475 Domino
910 4422 982 4486 ora,
999 4395 1223 4471 sanctissime
1248 4406 1284 4472 et
1308 4393 1511 4470 beatissime

295 4513 410 4585 Pater.
428 4512 607 4606 Diogenes
623 4513 820 4611 Episcopus
842 4509 1046 4607 metropolis
1070 4508 1219 4594 Quirici.
1237 4506 1368 4583 Valere
1393 4531 1449 4582 me
1473 4507 1512 4580 in
