3608 5498
808 426 849 438 ..
874 391 916 455 ω
943 424 982 440 -

286 529 392 616 atquc
409 517 453 590 ad
471 512 627 612 reliquas
644 524 772 610 gentes
789 513 946 610 dirigere
964 511 1140 609 cupimus.
1166 512 1212 584 Et
1237 509 1340 582 infra.
1366 511 1407 582 In
1435 505 1509 581 illis

287 656 372 707 vcro
387 629 609 717 civitatibus,
627 629 664 702 in
682 628 813 726 quibus
830 628 913 703 olim
930 625 1024 724 apud
1040 624 1203 699 ethnicos
1220 621 1325 721 primi
1343 621 1509 696 flamines

286 769 406 821 eorum
425 754 532 843 atque
553 744 657 842 primi
675 743 768 840 legis
785 744 944 818 doctores
961 749 1073 814 erant.
1099 739 1354 836 Episcoporum
1380 735 1510 826 prima·
1635 755 1637 758 ⁴

286 870 341 935 tes
358 859 438 958 poni
457 858 516 933 vel
533 855 762 933 Patriarchas
787 854 964 954 praecepit,
989 854 1051 952 qui
1077 852 1297 951 reliquorum
1323 850 1510 950 Episcopo

287 999 367 1047 rum
384 971 517 1046 iudicia
534 971 595 1045 vel
612 970 747 1045 maiora
763 970 907 1066 negotia
925 969 962 1043 in
981 969 1048 1043 fide
1064 968 1257 1063 agitarent.
1282 968 1325 1040 In
1349 964 1423 1040 illis
1447 962 1523 1038 au?

288 1097 358 1161 tem
376 1086 414 1159 in
432 1085 563 1183 quibus
580 1084 714 1158 dudum
731 1084 825 1181 apud
851 1083 1036 1181 praedictos
1060 1082 1222 1157 ethnicos
1247 1088 1362 1166 erant,
1387 1102 1508 1154 corum

288 1198 564 1284 archiflamines
581 1220 667 1295 quos
685 1207 805 1270 tamen
825 1195 979 1272 minores
992 1195 1207 1270 tenebantur
1220 1218 1327 1292 quam
1344 1213 1513 1266 memora·

151 1335 156 1344 ·
289 1322 343 1386 tos
355 1313 525 1409 primates
538 1308 856 1406 Archiepiscopum
869 1307 1011 1382 institui
1024 1307 1203 1406 pracepit,
1215 1307 1277 1404 qui
1296 1329 1365 1381 non
1384 1304 1514 1402 prima-

290 1435 367 1498 tum
391 1423 452 1497 sed
468 1420 814 1519 archiepiscoporum
831 1421 1038 1496 fruerentur
1054 1422 1205 1496 nomine.
1223 1424 1270 1494 lit
1295 1418 1400 1518 paulo
1425 1426 1512 1516 post.

291 1538 332 1609 In
357 1533 515 1632 singulis
539 1558 624 1610 vero
649 1533 796 1633 reliquis
821 1533 1029 1608 civitatibus
1050 1533 1224 1631 singulos,
1248 1543 1283 1608 et
1308 1556 1378 1606 non
1402 1530 1514 1618 binos,
1559 1611 1567 1628 ἱ

290 1648 349 1722 vel
366 1657 496 1735 ternos
513 1657 577 1720 aut
594 1646 714 1744 plures
728 1646 908 1743 episcopos
920 1647 1090 1723 constitui
1105 1647 1283 1745 praecepit,
1296 1646 1358 1744 qui
1372 1643 1515 1743 Episco

291 1785 413 1858 porum
433 1771 575 1834 tantum
595 1759 768 1836 vocabulo
784 1759 992 1857 potirentur.
1011 1762 1187 1850 Quoniam
1213 1786 1280 1837 nec
1304 1761 1400 1834 inter
1421 1758 1515 1856 ipsos

292 1873 475 1972 Apostolos
493 1899 555 1970 par
573 1873 754 1949 institutio
772 1874 852 1964 fuit,
871 1876 932 1950 sed
949 1900 1045 1949 unus
1062 1875 1228 1950 omnibus
1246 1872 1400 1970 praefuit.

826 2104 983 2189 XLVIII.

281 2411 285 2419 ,
392 2331 588 2407 Anacletus
618 2355 744 2405 servus
774 2331 909 2407 Christi
936 2331 1052 2407 lbesu.
1078 2337 1307 2431 Unaquaeque
1333 2329 1519 2429 provincia

295 2450 376 2522 XII.
393 2469 475 2521 suos
491 2446 621 2521 habeat
638 2446 775 2521 iudices
792 2445 904 2521 iustos
921 2457 958 2521 et
974 2470 1044 2522 non
1061 2459 1238 2536 externos
1254 2446 1325 2520 nisi
1346 2441 1519 2543 Apostoli·

297 2584 347 2636 cm
359 2560 470 2634 huius
479 2560 579 2634 Sedis
594 2560 794 2635 decreverit
806 2561 1011 2651 auctoritas,
1025 2561 1195 2660 quatinus
1208 2560 1424 2659 quicumque
1436 2582 1520 2633 cau·

296 2699 373 2748 sam
390 2672 566 2763 habuerit,
583 2674 678 2771 apud
695 2697 777 2749 suos
795 2673 984 2750 iudicetur.
1001 2677 1040 2749 Si
1057 2688 1178 2752 autem
1196 2675 1306 2751 fuerit
1331 2671 1517 2770 negotium

297 2786 592 2874 ecclesiasticum,
609 2788 703 2885 apud
715 2787 910 2885 ,Episcopus
927 2790 1189 2865 interveniente
1206 2789 1369 2888 primate,
1391 2786 1422 2861 si
1448 2811 1525 2860 ma·¹

300 2902 353 2974 ior
369 2926 479 2976 causa
495 2901 614 2978 fuerit.
632 2901 670 2975 Si
688 2925 773 2978 vero
790 2902 907 2976 minor
932 2903 1211 3000 Metropolitano.
1237 2903 1276 2976 Si
1301 2926 1385 2977 vero
1410 2900 1521 2976 suerit

301 3014 472 3090 seculare
493 3016 588 3113 apud
605 3015 761 3090 eiusdem
781 3016 915 3091 ordinis
933 3015 1039 3106 viros,
1057 3016 1188 3092 iudicio
1201 3026 1323 3091 tumen
1336 3015 1522 3114 Episcopo-

300 3152 391 3215 rum,
408 3151 491 3201 cum
509 3127 687 3225 Apostolis
706 3128 925 3227 privatorum
952 3129 1240 3205 Christianorum
1258 3155 1385 3205 causas
1404 3130 1521 3225 magis

297 3240 341 3314 ad
358 3240 557 3316 Ecclesiam
574 3241 715 3331 deferri,
732 3251 768 3317 et
786 3240 915 3318 ibidem
934 3241 1152 3318 Sacerdotali
1178 3242 1312 3318 iudicio
1333 3244 1520 3319 terminari

298 3352 463 3428 voluerit.
481 3354 606 3427 Omnis
623 3355 720 3428 enim
737 3379 926 3454 oppressus
943 3353 1054 3430 libere
1071 3354 1294 3429 sacerdotum
1312 3356 1342 3430 si
1362 3356 1520 3431 voluerit

298 3466 451 3565 appellet
467 3467 641 3542 iudicium
659 3480 695 3543 et
711 3494 732 3541 a
750 3469 850 3544 nullo
867 3467 1096 3567 prohibeatur
1113 3467 1175 3543 sed
1192 3468 1238 3542 ab
1254 3469 1330 3542 suis
1348 3469 1523 3545 fulciatur

300 3589 336 3653 et
350 3579 530 3654 liberetur.
549 3580 586 3654 Si
604 3605 688 3656 vero
712 3582 874 3658 difficiles
900 3606 1007 3657 cause
1032 3581 1092 3657 vel
1118 3582 1250 3657 maiora
1277 3584 1422 3680 negotia
1446 3595 1523 3658 orta

301 3691 437 3767 fuerint
452 3692 496 3766 ad
514 3693 682 3770 maiorem
699 3695 817 3771 sedem
831 3695 1044 3771 referantur.
1057 3695 1147 3770 Etsi
1161 3695 1237 3772 illic
1250 3696 1355 3773 facile
1368 3697 1523 3773 discerni

302 3828 371 3880 non
389 3805 543 3903 poterint
558 3817 623 3880 aut
639 3807 733 3882 iuste
750 3809 947 3897 terminari,
972 3807 1033 3882 ubi
1059 3808 1170 3883 sirerit
1194 3834 1417 3885 summorum
1443 3834 1525 3886 con·
1615 3839 1617 3843 ¹

302 3918 469 4014 gregatio
485 3930 718 4015 congregata,
736 3921 827 4018 quod
845 3947 907 4020 per
925 3920 1088 4016 singulos
1105 3945 1216 3996 annos
1229 3921 1284 3997 bis
1298 3923 1374 3998 fieri
1389 3923 1477 3999 solet
1489 3932 1526 3998 et

301 4028 414 4117 debet,
430 4030 525 4105 iuste
542 4043 579 4106 et
596 4034 668 4107 Deo
685 4032 814 4130 placite
831 4056 952 4109 coram
971 4034 1180 4111 Patriarcba
1205 4036 1265 4111 vel
1288 4037 1446 4113 Primate
1470 4062 1527 4113 ec·

303 4142 515 4233 elesiastica‚
531 4154 567 4219 et
580 4169 699 4221 coram
712 4147 862 4243 patricio
874 4147 1051 4223 secularia
1064 4147 1269 4223 iudicentur
1282 4149 1320 4223 in
1337 4174 1525 4227 commune

304 4255 457 4352 negotia.
475 4258 575 4346 Quod
591 4259 622 4332 si
639 4258 856 4335 difficiliores
873 4270 950 4335 orte
967 4260 1106 4337 luerint
1131 4262 1333 4359 questiones
1357 4273 1421 4338 aut
1446 4266 1528 4371 Epi·

305 4391 490 4466 scoporum
508 4370 566 4446 vel
584 4371 759 4447 maiorum
777 4373 922 4463 iudicia,
937 4385 1001 4449 aut
1019 4375 1171 4451 maiores
1187 4403 1295 4454 cause
1313 4378 1459 4469 fuerint,
1482 4379 1528 4455 ad

306 4481 433 4557 Sedem
450 4483 690 4580 Apostolicam
707 4485 737 4559 si
755 4487 974 4586 appellatum
988 4488 1108 4578 fuerit,
1122 4490 1335 4567 referantur.
1353 4493 1527 4579 Quoniam
