3608 5498
950 385 1146 449 -398-

430 506 476 582 ab
488 507 603 584 hostis
616 508 707 584 facie
719 509 878 583 cavendo
890 506 1067 584 subducit.
1081 508 1180 584 Scire
1194 531 1348 606 namque
1362 507 1436 582 dux
1444 505 1547 583 debet
1557 504 1661 580 modo

430 622 476 697 ab
492 623 612 697 hostili
635 623 770 720 impetu
797 622 995 698 exercitum
1021 633 1126 698 caute
1148 621 1370 711 subtrahere,
1396 621 1496 696 modo
1519 619 1661 695 hostem

432 737 666 815 circumfusis
683 737 852 813 cornibus
868 746 1037 813 coartare.
1055 736 1156 825 Quod
1173 737 1346 811 nimirum
1373 735 1528 812 sollicite
1546 734 1662 832 perse-

431 852 481 929 cti
500 851 747 949 praedicatores
765 850 935 926 exhibent
951 876 1034 926 cum
1053 850 1154 926 modo
1172 851 1431 952 persecutionis
1449 849 1583 924 rabiem
1601 847 1662 924 de·

432 964 608 1041 clinantes
625 975 803 1040 noverunt
820 963 999 1062 sapienter
1017 966 1165 1042 sednon
1191 967 1370 1042 enerviter
1395 965 1530 1053 cedere,
1555 963 1659 1038 modo

432 1089 552 1154 autem
569 1077 825 1174 persecutionis
842 1077 1021 1177 impetum
1034 1089 1327 1179 contempnentes
1344 1082 1523 1156 noverunt
1539 1076 1573 1152 ei
1587 1077 1659 1151 for·

430 1191 515 1266 titer
531 1190 593 1265 sed
609 1213 678 1263 uon
698 1189 961 1288 praecipitanter
977 1190 1131 1268 obviare.

995 1356 1131 1443 LXXX.

528 1530 726 1625 Gregorius
743 1528 780 1602 in
798 1528 926 1604 ultimo
942 1529 1032 1604 libro
1049 1533 1250 1608 Moralium.
1266 1533 1474 1609 Obedientia
1498 1544 1553 1608 est
1577 1532 1655 1606 sola

431 1645 560 1733 virtus,
576 1669 655 1743 quae
672 1642 827 1717 virtutes
844 1653 983 1719 ceteras
1000 1647 1113 1720 menti
1135 1647 1273 1737 inserit,
1290 1648 1512 1746 insertasque
1537 1656 1656 1722 custo·

430 1757 492 1830 dit.
511 1758 561 1831 De
578 1781 649 1854 qua
666 1755 836 1831 Samuhel
853 1757 914 1831 ait.
932 1756 1059 1832 Melior
1075 1770 1129 1835 est
1145 1761 1343 1837 obedientia
1360 1786 1465 1860 quam
1485 1761 1655 1848 victimae,

431 1879 467 1945 et
482 1870 688 1945 auscultare
705 1870 824 1966 magis
845 1894 953 1968 quam
979 1871 1102 1947 offerre
1127 1875 1267 1973 adipem
1293 1876 1459 1965 arietum,
1483 1875 1654 1973 quoniam

431 1985 533 2083 quasi
550 1993 737 2085 peceatum
754 1983 927 2058 ariolandi
944 1995 998 2060 est
1016 2010 1218 2083 repugnare
1235 1998 1271 2063 et
1295 1989 1398 2086 quasi
1424 1988 1543 2064 scelus
1566 1987 1654 2086 ydo-

430 2097 549 2173 latriae
566 2097 659 2173 nolle
677 2098 916 2196 acquiescere.
933 2099 1140 2175 Obedientia
1157 2102 1286 2202 quippe
1304 2103 1463 2178 victimis
1475 2103 1553 2175 iure
1567 2125 1655 2199 prae-

432 2212 588 2310 ponitur,
604 2213 688 2311 quia
706 2236 768 2309 per
790 2211 960 2288 victimas
984 2212 1103 2289 aliena
1127 2239 1219 2305 caro,
1237 2241 1298 2314 per
1315 2215 1550 2292 obedientiam
1568 2238 1654 2290 vero

433 2326 601 2401 voluntas
618 2325 757 2424 propria
773 2335 963 2401 mactatur.
982 2330 1094 2402 Tanto
1119 2353 1206 2425 ergo
1230 2330 1381 2428 quisque
1402 2332 1516 2406 Deum
1540 2329 1652 2405 citius

432 2441 560 2539 placat,
577 2448 709 2537 quanto
724 2449 808 2514 ante
824 2440 903 2514 eius
919 2439 1040 2515 oculos
1058 2466 1217 2540 repressa
1238 2444 1376 2520 arbitrii
1403 2444 1459 2518 sui
1484 2442 1652 2541 superbia

431 2553 553 2650 gladio
565 2553 732 2650 praecepti
742 2578 779 2627 se
789 2552 960 2629 immolat.
969 2557 1047 2641 ouo
1059 2565 1183 2630 contra
1194 2555 1365 2630 ariolandi
1380 2566 1566 2654 peccatum
1578 2553 1654 2629 ino·

429 2664 606 2742 bedientia
623 2664 766 2753 dicitur,
783 2674 825 2739 ut
841 2674 975 2762 quauta
992 2666 1040 2741 sit
1064 2671 1183 2744 virtus
1207 2671 1415 2746 obedientie
1435 2670 1652 2744 demonstre-

429 2790 500 2854 tur.
517 2782 573 2853 Ex
589 2778 738 2852 adverso
755 2800 842 2873 ergo
859 2778 988 2854 melius
1005 2783 1205 2858 ostenditur
1222 2783 1283 2881 qni
1302 2784 1344 2858 de
1361 2782 1439 2858 eius
1456 2782 1560 2857 laude
1572 2807 1653 2857 sen·

431 2893 553 2968 tiatur.
571 2892 609 2965 si
623 2891 719 2966 cuim
733 2891 836 2990 qnasi
849 2901 1034 2990 peccatum
1048 2895 1221 2970 ariolandi
1235 2904 1288 2971 est
1302 2919 1503 2992 repugnare
1516 2905 1553 2968 et
1565 2919 1653 2992 qua·

430 3007 460 3081 si
478 3005 598 3081 scelus
612 3004 802 3103 ydolatriae
819 3004 913 3080 nolle
930 3006 1167 3103 acquiescere,
1185 3007 1260 3082 sola
1275 3017 1331 3082 est
1346 3031 1415 3105 que
1440 3007 1521 3082 fidei
1546 3007 1653 3081 meri·

430 3127 508 3192 tum
527 3117 691 3216 possidet,
708 3117 784 3192 sine
803 3141 874 3215 qua
891 3119 1041 3216 quisque
1057 3118 1213 3195 infidelis
1230 3120 1468 3209 convincitur,
1484 3119 1592 3194 etiam
1618 3118 1651 3193 si

430 3231 595 3307 fidelibus
612 3255 690 3306 esse
707 3230 882 3306 videatur.
899 3230 993 3306 Hinc
1011 3254 1073 3328 per
1091 3231 1313 3308 Salomonem
1330 3232 1368 3305 in
1390 3231 1596 3307 obedientie
1615 3254 1652 3306 ο-

429 3345 611 3420 stensione
628 3343 772 3419 dicitur.
790 3343 857 3416 Vir
873 3343 1038 3418 obediens
1055 3343 1212 3441 loquitur
1236 3343 1417 3431 victorias,
1440 3343 1497 3418 vir
1521 3344 1653 3443 quippe

429 3457 595 3533 obediens
621 3456 792 3531 victorias
816 3455 984 3554 loquitur,
1009 3456 1094 3554 quia
1114 3457 1202 3533 dicit
1226 3457 1334 3531 alieni
1359 3457 1438 3533 voci
1462 3457 1652 3532 humiliter

429 3569 617 3645 subdimur
633 3570 869 3667 nosmetipsos
881 3570 919 3642 in
934 3568 1038 3645 corde
1055 3594 1278 3668 superamus.
1289 3570 1385 3645 Hinc
1398 3570 1573 3646 Dominus
1588 3570 1651 3645 ait.

428 3687 508 3759 Non
526 3707 669 3785 possum
682 3706 782 3779 egoa
797 3683 930 3783 meipso
946 3683 1140 3782 quicquam
1156 3683 1286 3774 facere,
1299 3683 1360 3758 sed
1373 3683 1468 3758 sicut
1480 3682 1584 3757 audio
1597 3683 1653 3756 iu·

428 3795 516 3872 dico.
533 3795 643 3871 Nobis
660 3795 789 3895 quippe
807 3795 1007 3871 obedientia
1024 3796 1194 3894 usquead
1206 3819 1361 3871 amorem
1375 3795 1551 3870 servanda
1564 3821 1652 3896 prae-

429 3910 573 4010 cipitur.
590 3911 669 4008 Ipse
685 3918 806 3984 autem
824 3907 854 3983 si
872 3908 968 3985 sicut
985 3908 1087 3983 audit
1102 3909 1249 3998 iudicat,
1265 3917 1354 3985 tunc
1370 3931 1509 4006 quoque
1533 3907 1652 3983 obedit

428 4047 511 4098 cum
530 4021 637 4098 iudex
654 4021 764 4098 venit.
781 4025 836 4097 Ne
855 4021 970 4118 igitur
986 4021 1088 4096 nobis
1100 4046 1213 4120 usque
1225 4022 1271 4097 ad
1283 4021 1469 4121 praesentis
1480 4021 1565 4095 vitre
1582 4030 1653 4095 ter·

428 4135 566 4208 minum
584 4134 782 4210 obedientia
799 4135 971 4211 laboriosa
991 4144 1170 4233 appareat,
1195 4134 1393 4231 redemptor
1417 4143 1537 4209 noster
1560 4133 1653 4209 iudi-

428 4260 498 4338 cat,
516 4249 579 4348 qui
598 4247 691 4325 hanc
709 4249 815 4325 etiam
834 4274 917 4324 cum
935 4249 1043 4325 iudex
1058 4248 1198 4324 venerit
1219 4258 1350 4323 servat.
1368 4247 1462 4335 Quid
1477 4270 1564 4344 ergo
1588 4248 1653 4320 rni-

429 4387 509 4435 rum
528 4360 558 4435 si
577 4372 739 4459 peccator
756 4362 860 4437 homo
876 4360 1084 4438 obedientiae
1100 4362 1137 4435 in
1156 4361 1342 4462 praesentis
1366 4359 1452 4435 vitm
1473 4357 1651 4435 brevitate

427 4497 466 4548 se
482 4472 625 4557 subicit.
641 4475 810 4574 quoniam
832 4475 925 4550 hane
951 4474 1123 4551 mediator
1140 4474 1206 4551 Dei
1230 4483 1267 4550 et
1292 4472 1477 4548 hominum
1502 4480 1539 4548 et
1564 4496 1652 4546 cum
