3608 5498
799 367 995 428 -498-

286 495 371 561 ante
389 488 496 560 XXV
514 509 625 559 anuos
650 486 756 560 etatis
781 484 887 559 talem
916 486 1052 560 crimen
1079 487 1345 577 commiserunt,
1362 490 1433 562 XV
1452 515 1518 562 an·

286 604 343 673 nis
361 601 496 675 exactis
514 602 551 673 in
570 601 789 699 penitentia,
806 600 1053 674 comunionem
1076 610 1278 674 mereantur
1300 600 1516 677 orationum.

287 715 422 788 Deinde
439 713 683 812 quinquennio
696 714 732 786 in
751 740 793 788 ac
807 714 1055 789 eonununione
1069 715 1250 804 durantes
1263 725 1351 790 tunc
1364 716 1512 791 denrurn

288 827 476 902 oblationis
489 838 712 903 sacramenta
727 827 948 922 contingant.
965 828 1316 903 Discutiaturautem
1328 839 1364 902 ct
1374 829 1447 902 vita
1458 851 1516 902 eo·

288 967 368 1015 rum
386 942 416 1015 si
435 943 492 1018 vel
511 954 666 1039 tempore
684 940 903 1038 penitudinis
919 938 1088 1026 extiterit,
1106 943 1208 1013 etita
1231 941 1514 1016 misericordiam

288 1065 562 1152 consequantur.
579 1054 679 1141 Quod
696 1055 726 1128 si
744 1052 1005 1150 inexplebiliter
1022 1051 1079 1125 his
1103 1076 1208 1128 exere
1233 1053 1446 1129 criminibus
1467 1055 1515 1128 ad

288 1169 463 1263 agendam
487 1168 728 1264 peonitentiam
752 1166 923 1263 prolixius
947 1177 1088 1264 tempus
1113 1166 1307 1241 insumant.
1333 1169 1515 1263 Quotquot

288 1292 407 1355 autem
424 1292 501 1378 post
513 1283 586 1354 XX
596 1305 707 1354 anuos
721 1281 837 1354 aetatis
849 1306 994 1356 uxorem
1008 1280 1180 1354 babentes
1193 1280 1229 1352 in
1243 1280 1310 1354 hoc
1324 1290 1513 1376 peccatum

289 1394 442 1491 prolapsi
461 1403 556 1480 sunt,
573 1395 679 1466 XXV
697 1394 802 1465 annis
828 1395 1059 1490 penitentiam
1086 1404 1248 1488 agentes
1273 1392 1317 1464 nd
1343 1392 1514 1466 orationis

288 1508 573 1581 communionem
601 1505 829 1604 recipiantur.
854 1509 895 1578 ln
913 1530 983 1602 qua
1008 1505 1251 1603 quinquennio
1277 1504 1513 1603 perdurantes
1574 1596 1581 1606 ἱ

288 1628 378 1694 tunc
395 1620 582 1694 oblationis
600 1631 823 1694 sacramenta
844 1619 1052 1717 percipiant.
1069 1619 1167 1705 Quod
1191 1618 1219 1690 si
1238 1641 1365 1690 uxores
1381 1617 1515 1690 baben-

288 1730 354 1822 tes,
367 1744 402 1807 et
415 1734 682 1808 trascendentes
695 1735 756 1805 LV
770 1756 904 1803 annum
919 1731 1035 1805 aetatis
1048 1729 1300 1827 delinquerint,
1313 1729 1357 1802 ad
1370 1729 1510 1804 exitum

289 1847 375 1921 vitae
392 1846 652 1920 communionis
669 1845 826 1942 gratiam
844 1855 1117 1941 consequantur.

302 2034 350 2083 Ex
367 2034 504 2098 epistola
516 2036 618 2098 Papae
631 2035 746 2086 Leonis
760 2032 803 2083 ed
817 2030 1021 2082 Theodorum
1036 2031 1226 2095 episcopum
1241 2030 1504 2082 Foroiuliensem.

385 2189 436 2259 De
454 2187 606 2261 remedio
620 2185 835 2283 paenitentiae
852 2195 888 2258 et
900 2183 992 2281 quod
1005 2182 1178 2256 absolutio
1192 2183 1428 2282 penitentium
1449 2209 1512 2280 per

290 2323 462 2372 manuum
478 2300 736 2396 impositionem
746 2299 1001 2396 episcoporum,
1014 2298 1427 2395 cumsupplicationibns
1439 2300 1512 2384 fiat,

289 2415 539 2510 propterquod
557 2438 701 2488 necesse
718 2424 772 2487 est
791 2423 830 2486 nt
849 2421 969 2486 reatus
987 2420 1212 2509 peccatorum
1230 2422 1313 2484 ante
1339 2411 1512 2484 ultimum

288 2525 382 2599 diem
397 2527 604 2600 sacerdotali
620 2526 878 2625 supplicatione
892 2525 1063 2612 solvatur,
1078 2525 1184 2600 etiam
1200 2525 1230 2597 si
1250 2524 1409 2624 periculo
1422 2547 1514 2598 mor-

289 2640 336 2710 tis
361 2648 539 2733 urguente
569 2640 691 2712 statim
719 2651 795 2737 post
815 2637 1056 2735 acceptionem
1080 2639 1274 2737 penitentie
1296 2649 1332 2712 et
1359 2639 1515 2711 reconci-

290 2752 389 2825 liatio
402 2752 649 2849 subsequatur.
664 2753 854 2849 Multiplex
869 2751 1109 2826 misericordia
1125 2752 1188 2824 Dei
1203 2752 1252 2824 ita
1267 2751 1375 2846 lapsis
1388 2749 1515 2822 huma·

290 2867 347 2938 nis
361 2866 539 2951 subvenit,
550 2875 589 2939 ut
605 2889 676 2939 non
691 2866 803 2940 solum
821 2890 881 2963 per
895 2867 1060 2963 baptismi
1075 2866 1244 2962 gratiam,
1255 2866 1315 2940 sed
1329 2866 1436 2940 etiam
1453 2890 1514 2961 per

290 2979 494 3076 penitentiae
509 2978 719 3052 medicinam
738 3004 819 3076 spes
837 2979 922 3052 vitae
941 2993 1124 3076 reparetur
1141 2991 1293 3053 aeternae.
1311 2982 1361 3053 Ut
1378 2977 1440 3074 qni
1461 3003 1513 3051 re·

290 3092 531 3187 generationis
545 3092 634 3166 dona
649 3091 852 3179 violassent,
863 3095 1000 3190 proprio
1013 3119 1050 3168 se
1060 3093 1192 3167 iudicio
1202 3093 1513 3189 condempnantes

290 3205 334 3278 ad
353 3205 596 3280 remissionem
615 3205 809 3278 criminum
828 3204 1067 3301 pervenirent.
1087 3206 1147 3280 Sic
1164 3205 1296 3280 divinae
1312 3204 1513 3279 voluntatis

291 3317 465 3413 praesidiis
489 3316 675 3404 ordinatis,
701 3328 741 3390 ut
767 3316 994 3412 indulgentia
1010 3319 1075 3394 -Dei
1102 3318 1172 3391 nisi
1194 3315 1515 3415 supplicationibus

290 3431 512 3504 sacerdotum
536 3440 688 3527 nequeat
704 3429 866 3525 optineri.
877 3431 1050 3506 Mediator
1066 3432 1127 3506 Dei
1142 3442 1179 3506 et
1192 3431 1376 3505 hominurn
1395 3430 1514 3503 Domi·

289 3566 358 3613 nus
375 3541 500 3615 lhesus
513 3541 678 3615 Christus
696 3540 789 3615 hanc
804 3545 1000 3639 prepositis
1016 3542 1187 3620 ecclesie
1201 3543 1347 3618 tradidit
1365 3552 1516 3639 potesta·

290 3666 373 3742 tem,
391 3667 432 3729 ut
449 3655 702 3729 confitentibus
721 3656 926 3753 penitentias
944 3657 1163 3732 sanctionem
1181 3657 1370 3743 demutet
1390 3654 1514 3729 eadem

290 3767 423 3840 salubri
446 3766 687 3842 satisfactione
712 3777 884 3865 purgatos
901 3770 945 3843 ad
968 3770 1252 3844 commonionem
1274 3777 1514 3843 sacramento

291 3905 370 3954 rum
384 3904 446 3977 per
459 3879 604 3954 ianuam
619 3880 918 3956 reconciliationis
935 3884 1176 3959 admitterent.
1190 3883 1258 3958 cui
1278 3882 1397 3978 itaque
1414 3883 1512 3978 operi

291 3993 551 4067 incessabiliter
569 3993 644 4090 ipse
666 3991 831 4066 Salvator
857 3993 1063 4084 intervenit,
1080 4020 1146 4069 nec
1172 4020 1349 4092 unoquam
1377 3993 1423 4066 ab
1439 3994 1513 4067 illis

290 4106 389 4179 adest
402 4107 559 4180 diceudo
577 4109 669 4180 llcce
687 4129 754 4201 ego
772 4106 956 4180 vobiscum
974 4133 1054 4180 sum
1072 4106 1237 4181 omnibus
1254 4105 1378 4181 diebus
1395 4115 1430 4180 et
1447 4131 1514 4181 cee

291 4231 377 4291 tera.
391 4221 439 4292 Ut
452 4219 481 4292 si
496 4219 626 4317 quibus
641 4243 700 4316 per
718 4220 928 4292 servitutem
949 4231 1104 4293 vestram
1118 4217 1207 4292 bono
1223 4217 1345 4292 ordine
1359 4228 1395 4291 et
1408 4227 1514 4311 grato

291 4329 458 4426 impletur
476 4331 617 4415 effectu,
635 4353 704 4403 nen
722 4330 950 4425 ambigamus
964 4354 1024 4427 per
1038 4339 1202 4405 sanctum
1222 4331 1396 4428 Spiritum
1412 4329 1513 4404 nobis

293 4440 404 4514 fuisse
428 4441 608 4515 donatum.
629 4443 667 4513 Si
689 4452 807 4514 autem
830 4440 961 4539 aliquis
982 4466 1101 4515 eorum
1125 4463 1187 4537 pro
1211 4441 1342 4539 quibus
1364 4442 1515 4515 Domino
