3608 5498
816 401 1014 465 -433-

297 535 419 599 stram.
438 526 558 600 Honor
574 546 661 619 ergo
674 525 745 599 Deo
758 546 829 598 non
842 524 959 614 datur,
972 523 1139 622 quoniam
1153 520 1249 599 sicut
1262 521 1325 598 Dei
1341 528 1523 618 magestas

297 649 332 714 et
349 665 501 714 censura
520 637 772 726 contemnitur,
792 649 933 713 etcum
951 662 989 712 se
1007 636 1190 733 indignari
1208 647 1246 712 et
1263 636 1369 711 irasci
1390 637 1525 712 sacrifi·

297 754 462 827 cantibus
479 753 586 839 dicat,
602 761 734 827 etcum
749 775 868 849 paenas
881 762 1034 827 aeternas
1047 752 1296 841 comminetur,
1308 761 1524 852 proponatur

296 866 485 962 sacrilegis
497 876 604 965 atque
619 866 770 953 dicatur,
782 889 828 940 ne
841 866 894 939 ira
908 865 1089 960 cogitetur
1103 864 1180 952 Dei,
1193 889 1261 940 nec
1272 865 1452 961 cogitetur
1469 864 1524 939 iu·

297 981 432 1055 dicium
450 981 605 1067 Domini,
620 1005 686 1055 nec
699 977 861 1077 pulsetur
878 979 923 1054 ad
935 977 1133 1054 eeclesiam
1148 977 1296 1067 Christi,
1309 979 1370 1056 sed
1382 978 1524 1053 sublata

295 1094 504 1192 penitentia,
520 1119 586 1169 nee
601 1092 676 1167 ulla
689 1092 949 1187 exhomologesi
963 1091 1129 1166 criminis
1142 1091 1238 1166 facta
1250 1092 1427 1190 despectis
1440 1092 1524 1191 Epi·
1590 1157 1594 1164 .

296 1208 411 1308 scopis
427 1218 533 1306 atque
550 1206 709 1297 calcatis,
726 1230 795 1305 pax
811 1231 833 1278 a
849 1206 1069 1304 presbyteris
1085 1206 1207 1281 verbis
1228 1203 1418 1281 fallacibus
1436 1230 1524 1304 prat·

296 1323 446 1398 dicetur.
464 1327 510 1398 Et
527 1348 571 1399 ne
589 1322 679 1421 lapsi
698 1331 865 1419 surgant,
880 1330 946 1395 aut
962 1320 1047 1394 foris
1063 1319 1168 1418 positi
1185 1319 1230 1394 ad
1243 1319 1442 1395 aecclesiam
1469 1344 1523 1394 re-

295 1436 412 1522 deant,
429 1435 789 1511 communicationem
803 1434 1153 1511 communicantibus
1165 1434 1343 1509 offeratur.
1357 1437 1403 1508 Et
1416 1433 1521 1508 infra.

296 1551 456 1625 Veniant
472 1549 625 1648 denique
644 1549 674 1621 si
692 1573 763 1646 qua
780 1549 835 1623 illi
848 1547 1075 1624 excusatione
1085 1540 1125 1622 'et
1136 1547 1294 1628 defensio
1307 1557 1421 1645 potest
1433 1572 1522 1637 esse,

295 1663 480 1737 videamus
497 1687 602 1761 quem
620 1662 753 1738 habent
769 1662 1025 1738 satisfactionis
1042 1688 1116 1736 suae
1133 1685 1291 1749 sensum,
1316 1685 1422 1759 quem
1440 1662 1523 1735 affe·

295 1786 376 1850 rant
393 1776 597 1874 penitentiae
615 1803 689 1851 suae
706 1777 876 1852 fructum.
893 1779 970 1851 Nec
986 1773 1185 1852 aecclesiam
1203 1774 1371 1872 cuiquam
1389 1772 1522 1848 claudi·

294 1900 364 1980 tur,
382 1916 447 1966 nec
464 1891 687 1988 episcopatus
704 1891 815 1967 alicui
834 1891 1043 1984 denegatur.
1061 1887 1240 1962 Patientia
1258 1897 1295 1963 ot
1311 1886 1468 1962 facilitas
1485 1896 1523 1962 et

294 2003 501 2078 humanitas
518 2014 640 2078 nostra
656 2004 885 2079 venientibus
902 2015 1030 2102 praesto
1054 2014 1118 2079 est.
1143 2006 1233 2101 Opto
1258 2027 1383 2077 omnes
1407 2004 1520 2079 eccle·

294 2119 384 2191 siam
403 2117 555 2212 regredi.
573 2120 662 2214 Opto
679 2117 865 2192 universos
881 2117 1142 2193 commilitones
1157 2125 1296 2190 nostros
1310 2117 1405 2190 intra
1418 2115 1522 2192 Chri·-

293 2232 338 2305 sti
357 2230 525 2317 claustra,
542 2240 578 2305 et
596 2230 661 2305 Dei
679 2231 791 2328 patris
808 2228 988 2306 domicilia
1006 2229 1182 2305 concludi.
1207 2229 1362 2304 Remitto
1389 2231 1521 2321 omnia,

295 2343 409 2417 multa
426 2342 624 2432 dissimulo,
640 2344 758 2419 studio
776 2353 811 2418 et
829 2353 909 2418 voto
926 2344 1126 2441 colligendo
1143 2344 1391 2430 fraternitatis,
1409 2346 1519 2420 etiam

294 2482 374 2555 quae
391 2457 429 2530 in
448 2459 563 2531 Deum
581 2456 771 2532 commissa
789 2468 875 2534 sunt
892 2481 962 2532 non
980 2457 1084 2556 pleno
1096 2456 1229 2542 iudicio
1241 2457 1426 2554 religionis
1439 2483 1519 2533 exa·

293 2571 400 2658 mino,
412 2569 554 2645 delictis
568 2569 757 2669 plusquam
771 2581 908 2668 oportet
921 2573 1144 2648 remittendis
1153 2597 1242 2670 pene
1251 2571 1328 2669 ipse
1340 2572 1519 2672 delinquo,

292 2683 487 2781 amplector
503 2691 640 2780 promta
665 2694 702 2757 et
727 2682 831 2780 plena
856 2685 1046 2763 dilectione
1070 2712 1153 2762 cum
1179 2686 1377 2785 penitentia
1401 2698 1520 2763 rever·

292 2805 420 2885 tentes,
437 2807 473 2871 et
489 2806 676 2895 peceatum
694 2822 800 2871 suum
818 2799 1061 2876 satisfactione
1079 2799 1245 2875 humiliet
1262 2800 1417 2898 simplici
1438 2824 1519 2876 con·

291 2912 442 2987 fitentes.
460 2914 497 2985 Si
516 2912 577 3010 qui
603 2923 721 2988 autem
744 2924 830 2989 sunt
846 2915 909 3012 qui
934 2923 1063 3010 putant
1087 2938 1125 2988 se
1150 2913 1195 2987 ad
1220 2912 1419 2989 eeclesiam
1446 2937 1517 2988 non

291 3026 456 3122 precihus
473 3026 533 3101 sed
559 3026 667 3100 minis
693 3026 832 3122 regredi
860 3050 970 3124 posse,
995 3037 1060 3103 aut
1084 3027 1293 3102 existimant
1314 3027 1452 3101 aditum
1478 3052 1517 3102 se

290 3140 357 3214 sibi
374 3164 445 3215 non
463 3139 777 3215 lamentationibus
793 3151 830 3215 et
847 3135 1150 3214 satisfactionibus
1167 3140 1228 3214 sed
1245 3139 1442 3214 terroribus
1467 3139 1485 3213 f
1503 3182 1517 3196 -

290 3278 380 3328 cere.
406 3257 475 3328 Pro
496 3262 592 3328 certo
617 3252 772 3327 habeant
796 3262 919 3327 contra
945 3251 1004 3327 lex
1032 3278 1179 3328 causam
1205 3264 1300 3328 stare
1325 3252 1515 3330 ecclesiam

291 3365 447 3452 Domini,
464 3390 530 3441 nee
547 3375 666 3441 castra
684 3365 821 3440 Christi
839 3366 975 3440 invicta
993 3376 1029 3440 et
1046 3364 1152 3439 fortia
1165 3375 1202 3440 et
1214 3367 1287 3440 Deo
1299 3374 1425 3441 tuente
1439 3391 1516 3439 mu·

290 3480 367 3552 nita
382 3478 490 3553 minis
506 3478 640 3554 cedere.
658 3478 828 3554 Sacerdos
846 3478 911 3552 Dei
927 3476 1159 3573 evangelium
1175 3487 1313 3567 tenens,
1329 3488 1365 3553 et
1378 3477 1515 3554 Christi

290 3600 466 3692 praecepta
484 3591 698 3678 custodiens,
715 3589 829 3666 occidi
848 3599 971 3688 potest,
983 3612 1054 3663 non
1068 3598 1182 3689 potest
1198 3589 1310 3665 vinci.
1323 3590 1513 3686 suggerit,-

290 3714 326 3778 ot
343 3703 592 3779 subministrat
610 3703 711 3778 nobis
727 3703 889 3803 exempla
907 3703 1054 3777 virtutis
1071 3727 1115 3778 ae
1132 3701 1212 3776 fidei
1233 3701 1427 3777 Zacharias
1450 3727 1513 3776 an-

289 3817 392 3892 tistes
409 3817 486 3904 Dei,
502 3817 564 3915 qui
582 3842 666 3893 eum
684 3817 809 3892 terreri
828 3817 934 3890 minis
951 3827 987 3891 et
1003 3815 1218 3913 lapidatione
1239 3840 1311 3891 non
1329 3827 1457 3915 posset,
1474 3815 1513 3889 in

289 3929 421 4027 templo
439 3930 505 4003 Dei
522 3929 662 4003 occisus
683 3939 738 4005 est
762 3929 924 4004 clamans
949 3940 986 4005 et
1009 3930 1143 4018 dicens,
1169 3931 1261 4028 quod
1284 3954 1349 4005 nos
1374 3927 1514 4028 quoque

289 4053 413 4117 contra
441 4041 627 4117 haereticos
650 4043 816 4118 dicimus.
842 4046 927 4118 Hac
951 4043 1040 4119 dicit
1062 4044 1246 4118 Dominus.
1263 4043 1513 4142 Dereliquistis

289 4155 368 4228 vias
386 4153 540 4241 Domini,
553 4165 589 4229 et
602 4156 776 4229 Dominus
789 4155 985 4253 dereliquid
1000 4178 1072 4229 vos.
1085 4158 1209 4252 Neque
1222 4155 1317 4230 enim
1332 4155 1416 4255 quia
1429 4180 1514 4253 pau·

288 4268 322 4342 ci
341 4267 521 4342 temerarii
540 4267 702 4367 improbi,
720 4266 870 4343 celestes
895 4279 931 4344 et
952 4269 1127 4343 salutares
1154 4268 1232 4342 vias
1250 4270 1390 4344 Domini
1417 4270 1513 4345 dere·

288 4380 470 4478 linquunt,
486 4391 522 4455 et
539 4392 664 4456 sancta
677 4404 748 4455 non
765 4391 916 4476 agentes
932 4406 953 4453 a
971 4392 1096 4456 sancto
1121 4381 1259 4480 Spiritu
1284 4382 1512 4471 deseruntur,

288 4495 365 4570 ideo
392 4505 430 4570 et
455 4517 518 4569 nos
541 4494 673 4569 divinae
697 4493 899 4569 traditionis
923 4493 1138 4569 inmemores
1162 4518 1239 4570 esse
1262 4494 1445 4585 debemus,
1469 4505 1513 4570 ut

1310 4606 1347 4662 28
