3608 5498
816 402 989 464 ..49-

291 525 489 599 secundum
504 524 567 598 Dei
583 522 802 597 voluntatem
817 535 853 597 et
866 547 1009 598 sacrum
1023 532 1151 607 nutum
1171 532 1393 620 congregato
1406 522 1513 599 Chal·

291 639 478 714 cedonensi
492 638 651 727 civitate,
661 638 875 712 Anastasius
884 637 1060 734 quondam
1071 635 1266 735 Presbyter
1279 661 1420 734 magnae
1429 637 1512 712 Ale·

291 753 448 827 xandriae
464 752 635 829 civitatis.
651 754 741 826 Item
755 750 794 824 in
807 751 939 826 eedem.
957 749 1154 826 Cuiusdam
1169 752 1353 848 Sophronii
1367 752 1434 826 sub
1447 752 1513 827 eis-

291 867 371 942 dem
388 866 517 942 verbis.
536 870 625 942 Item
644 866 683 939 in
700 866 833 942 cadem.
851 865 1026 942 Cointhus
1040 864 1244 964 ‘Episcopus
1270 867 1438 942 Eccensis
1463 865 1513 940 di·

291 981 354 1069 xit,
370 981 465 1055 inter
481 990 609 1056 cetera

386 1095 562 1183 Quoniam
580 1095 755 1171 sanctitas
773 1103 892 1169 vestra
909 1101 944 1167 et
961 1091 1071 1167 semel
1088 1101 1124 1167 et
1140 1094 1191 1166 ΙΙο
1216 1102 1253 1168 et
1276 1095 1344 1168 ΙΙΙο
1369 1095 1514 1170 vocavit

294 1208 501 1284 Dioscorum
520 1219 555 1283 et
572 1208 780 1283 nullatenus
797 1206 913 1283 voluit
929 1206 1080 1295 obedire,
1097 1207 1252 1304 petimus
1266 1218 1421 1284 vestram
1435 1235 1514 1283 san·

293 1322 466 1411 otiosam,
484 1322 602 1418 magis
618 1331 738 1396 autern
756 1320 928 1396 habentes
945 1321 1063 1396 locum
1081 1321 1299 1396 sanctissimi
1314 1326 1419 1422 Papae
1432 1327 1515 1398 Leo-

293 1436 350 1510 nis
367 1436 596 1534 promulgare
614 1438 652 1510 in
665 1462 759 1526 eum,
772 1445 807 1511 et
827 1435 965 1532 regulis
982 1435 1128 1509 insitam
1145 1445 1269 1511 contra
1286 1462 1368 1512 eum
1385 1437 1516 1535 profer-

294 1576 331 1626 re
349 1553 574 1627 sententiam.
592 1551 717 1626 Omnis
734 1550 830 1625 eninr
848 1548 1065 1626 universalis
1082 1549 1242 1647 synodus
1258 1574 1384 1626 censor
1408 1552 1516 1627 effici·

293 1676 354 1741 tur
372 1676 499 1742 restrae
516 1668 712 1744 sententiae.

389 1782 630 1857 Paschasinus
647 1781 846 1879 Episcopus
858 1779 957 1853 dixit.
970 1781 1106 1853 Iterum
1119 1777 1207 1854 dico.
1221 1777 1313 1866 Quid
1326 1780 1444 1876 placet
1456 1805 1515 1856 ve·

293 1906 376 1970 strae
389 1897 597 1972 sanctitati?
610 1896 789 1970 Maximus
802 1896 998 1993 Episcopus
1015 1917 1158 1990 magnae
1175 1894 1375 1970 Antiochia
1391 1894 1517 1971 civita·

294 2011 342 2085 tis
354 2011 453 2086 dixit.
467 2013 567 2100 Quod
581 2012 722 2088 videtur
736 2009 920 2086 sanctitati
934 2016 1119 2094 vestre‚et
1131 2030 1194 2081 nos
1206 2009 1396 2084 concordes
1407 2009 1517 2085 effici·

295 2150 386 2198 mur.
404 2125 646 2200 Paschasinus
660 2124 856 2221 Episcopus
870 2121 1056 2196 Libitanus
1074 2119 1266 2218 provincie
1279 2121 1426 2218 sycilie,
1439 2123 1516 2221 (sic)

292 2248 427 2313 etcum
446 2239 521 2337 ipso
539 2238 722 2314 Licentius
738 2237 935 2335 Episcopus
960 2233 1227 2323 Herclanensis‚
1252 2245 1289 2310 et
1313 2236 1516 2310 Bonifatius

293 2353 487 2451 Presbyter
504 2377 647 2449 magnae
663 2357 831 2427 Romanae
848 2349 1018 2426 Ecclesia
1035 2359 1198 2425 tenentes
1224 2349 1340 2424 locum
1367 2350 1516 2425 sanctis·
1565 2378 1568 2384 ·

292 2464 374 2538 simi
398 2478 435 2540 et
459 2466 655 2540 beatissimi
675 2465 942 2563 Archiepiscopi
961 2464 1171 2562 Apostolicae
1192 2463 1287 2540 sedis
1313 2488 1455 2561 magnae
1479 2474 1516 2539 et

293 2579 442 2653 senioris
459 2583 577 2654 Rornae
595 2579 720 2654 Leonis
746 2580 1080 2676 pronuntiaverunt.
1097 2579 1289 2653 Manifesta
1307 2569 1403 2654 facta
1428 2589 1515 2653 sunt

293 2717 361 2790 que
373 2718 394 2765 a
406 2695 569 2769 Dioscnrn
582 2694 757 2791 quondam
769 2691 1020 2767 Alexandrinae
1034 2717 1165 2789 magne
1174 2691 1335 2768 civitatis
1344 2691 1516 2791 Episcopo

293 2808 482 2882 commissa
500 2808 574 2883 siut
590 2810 762 2883 aduersus
780 2806 984 2903 regularem
1002 2807 1161 2882 ordinem
1179 2816 1216 2882 et
1235 2805 1515 2882 ecclesiasticam

293 2921 526 3019 disciplinam.
546 2925 593 2995 Et
609 2921 713 2995 infra.
731 2925 777 2995 Et
793 2920 885 3017 quod
903 2920 1014 2996 semel
1031 2930 1067 2995 et
1080 2922 1130 2994 11⁰
1143 2929 1180 2994 et
1192 2921 1260 2992 III⁰
1274 2944 1337 3018 per
1350 2945 1516 2997 reveren·

293 3035 448 3111 tissimos
465 3036 654 3133 Episcopos
670 3046 819 3109 vocatus
837 3035 1055 3130 regulariter
1073 3034 1220 3110 minime
1236 3034 1352 3109 voluit
1364 3035 1514 3124 obedire,

292 3149 431 3245 propria
457 3149 581 3246 utique
606 3148 813 3223 stimulatus
837 3149 1067 3224 conscientia.
1091 3152 1139 3222 Et
1162 3147 1268 3245 paulo
1292 3159 1381 3247 post.
1411 3149 1513 3224 Unde

292 3261 541 3337 sanctissimus
557 3271 594 3337 et
616 3262 845 3336 beatissimus
871 3262 1169 3360 Archiepiscopus
1195 3285 1337 3357 magnas
1362 3262 1513 3337 senioris
1648 3355 1653 3365 Ι

293 3377 411 3448 Romae
419 3378 487 3450 Leo
496 3399 558 3473 per
571 3399 634 3449 nos
647 3384 683 3450 et
695 3400 757 3473 per
770 3385 968 3472 presentem
982 3384 1144 3450 sanctam
1157 3374 1335 3472 synodum
1349 3402 1512 3453 unacum

293 3487 495 3564 beatissimo
511 3499 548 3564 et
563 3489 660 3564 omni
678 3488 782 3564 laude
800 3488 1013 3585 dignissimo
1028 3488 1131 3563 beato
1144 3491 1250 3564 Petro
1264 3490 1440 3588 Apostolo
1452 3489 1514 3588 qui

292 3614 346 3677 est
361 3612 461 3700 petra
478 3612 515 3678 et
531 3603 672 3701 crepido
696 3602 881 3678 catholicas
907 3602 1078 3678 Ecclesiae
1102 3612 1139 3677 et
1163 3613 1260 3679 recte
1285 3603 1366 3679 fidei
1388 3605 1515 3679 funda·

292 3728 464 3806 mentum,
481 3716 698 3793 nudavimus
714 3741 797 3791 eum
816 3725 889 3789 tam
907 3717 1132 3815 episcopatus
1148 3717 1338 3813 dignitate,
1355 3741 1463 3817 quam
1481 3743 1515 3793 e·

291 3833 377 3907 tiam
396 3832 494 3908 omni
510 3828 720 3907 sacerdotali
737 3829 913 3906 alienavit
937 3831 1147 3905 ministerio.
1172 3833 1262 3907 Item
1288 3840 1366 3929 post
1390 3833 1516 3907 confir·

292 3949 483 4024 mationem
500 3945 739 4042 singulorum,
758 3943 1000 4020 Paschasinus
1017 3943 1214 4041 Episcopus
1231 3942 1371 4041 Lylibei
1396 3955 1432 4019 et
1454 3944 1517 4017 Vi·

290 4062 413 4138 carius
427 4059 626 4143 beatissimi
642 4069 679 4134 et
697 4056 890 4155 Apostolici
908 4053 1126 4157 universalis
1138 4054 1309 4131 Ecclesiae
1328 4059 1433 4154 Papae
1450 4060 1516 4133 Ur-

290 4175 346 4251 bis
362 4179 481 4250 Romae
497 4185 631 4251 sanctae
647 4174 782 4271 synodo
799 4171 1003 4271 presidens,
1020 4172 1058 4245 in
1070 4171 1236 4247 >Diosccri
1249 4173 1514 4249 damnationem

292 4312 467 4364 consensu
489 4288 705 4364 universalis
722 4287 866 4363 concilii
886 4284 1099 4381 subscriptis
1120 4285 1197 4382 (sic)
1219 4285 1415 4361 Lucentius
1435 4285 1518 4384 Epi·

291 4426 418 4501 scopus
430 4401 649 4478 Ausculanae
665 4401 827 4476 civitatis
844 4399 1019 4474 similiter.
1032 4397 1235 4473 Bonifatius
1248 4399 1438 4498 presbyter
1450 4401 1517 4472 Ro·

293 4541 406 4591 manae
419 4515 590 4593 Ecclesiae
606 4515 783 4590 similiter.
801 4518 889 4588 Item
909 4521 986 4610 post
1003 4513 1141 4587 eosdem
1156 4512 1321 4610 Episcopi
1335 4512 1516 4587 DCXXX.

1317 4630 1334 4680 a
