3608 5498
676 436 718 453 -
741 403 807 468 279
832 420 871 452 -’·

166 543 230 594 nos
246 521 430 597 contineri.
445 520 565 597 Verba
577 530 699 597 autem
713 520 806 618 legis
823 521 892 597 ista
905 533 1000 599 sunt.
1010 526 1242 624 Presbyteros
1253 538 1386 626 autem,

165 643 201 708 et
214 633 398 724 Diaconos,
410 642 447 708 et
460 633 619 724 lectores,
631 643 667 709 et
680 644 852 726 cantores,
865 660 954 735 quos
969 660 1092 714 omnes
1104 639 1252 716 clericos
1265 643 1384 742 appel·

162 748 290 825 lamus,
307 753 355 824 Et
366 749 514 849 reliqua.
527 753 579 825 De
592 774 739 848 persona
756 750 914 825 Ianuarii
932 751 1115 828 sciendum
1133 763 1199 844 est,
1215 756 1382 852 graviter

163 864 306 937 omnino
318 872 355 938 et
367 875 491 939 eontra
505 863 604 960 leges
616 875 750 952 actum,
763 872 805 938 ut
818 862 1044 942 violenterde
1057 866 1217 943 aeeclesia
1230 869 1385 947 trahere·

164 987 234 1052 tur.
252 979 345 1052 Dum
365 978 505 1075 quando
522 978 553 1051 si
570 975 766 1075 quamlibet
790 975 899 1051 aliam
924 977 1094 1053 iniuriam
1119 1005 1140 1052 a
1161 1003 1385 1082 quocumque

162 1090 348 1190 episcopus
357 1114 483 1188 passus
495 1090 605 1165 fuerit
617 1089 654 1162 in
669 1089 841 1178 aecclesia,
854 1090 1085 1168 iniuriantem
1096 1091 1154 1169 lex
1164 1094 1307 1192 capitali
1319 1120 1387 1194 paa-

160 1226 206 1274 na
221 1202 409 1299 percutiat,
421 1213 458 1277 et
471 1202 565 1277 siout
579 1202 779 1278 maiestatis
796 1230 897 1281 reum
911 1205 1076 1281 omnibus
1089 1206 1148 1283 det
1161 1207 1265 1282 illum
1279 1235 1386 1287 aecu-

164 1316 264 1389 sandi
283 1314 477 1405 licentiam,
502 1324 544 1390 ut
568 1315 677 1391 huius
698 1315 792 1414 legis
817 1319 928 1393 series
951 1318 1121 1418 loquitur,
1138 1321 1270 1396 codicis
1295 1322 1384 1398 liber

164 1429 256 1506 idem
274 1455 348 1528 cap.
366 1433 417 1504 Ill
436 1429 689 1506 constitutione
706 1433 759 1506 XI
775 1434 1009 1530 Imperatores
1027 1434 1230 1509 Archadius
1254 1445 1290 1511 et
1314 1438 1384 1511 Ho

161 1545 286 1619 norius
313 1550 505 1640 Augustus
529 1544 744 1620 Theodosius
769 1545 946 1643 Perpetui.
963 1545 1001 1619 Si
1023 1547 1105 1644 quis
1125 1547 1164 1622 in
1181 1548 1247 1625 hoc
1264 1573 1383 1646 genus

162 1658 346 1755 sacrilegii
360 1659 540 1757 irruperit,
554 1669 595 1733 ut
607 1659 646 1733 in
659 1659 859 1735 aecclesiam
872 1659 1085 1735 catholicam
1099 1660 1384 1752 irruenssacer·

159 1771 299 1846 dotibus
315 1783 352 1847 et
369 1772 556 1860 ministris,
581 1770 640 1847 vel
658 1772 727 1870 ipsi
749 1771 865 1847 cultui
890 1770 1035 1870 locoque
1059 1771 1195 1871 aliquid
1216 1774 1383 1873 importet

158 1884 312 1974 iniuriae,
328 1886 420 1984 quod
437 1886 580 1981 geritur
595 1910 617 1957 a
634 1884 827 1983 provinciae
841 1873 1039 1961 rectoribus
1061 1885 1380 1963 animadvertatur.

159 2003 276 2096 Atque
285 1999 334 2074 ita
349 1998 541 2098 provinciae
552 1998 759 2088 moderator,
772 1999 994 2074 sacerdotum
1008 2009 1045 2074 et
1057 1999 1242 2077 catholica
1259 2001 1382 2077 aeccle·

157 2114 221 2187 siae
240 2113 496 2201 ministrorum,
517 2114 585 2188 loci
601 2136 740 2212 quoque
757 2111 870 2210 ipsius
888 2121 924 2188 ot
944 2111 1059 2187 divini
1076 2112 1198 2189 cultus
1210 2113 1380 2190 iniuriam

159 2227 304 2326 capitali
322 2227 362 2301 in
380 2228 563 2303 convictos
580 2228 656 2302 sire
674 2226 851 2302 confessos
869 2226 1047 2301 sententia
1064 2227 1205 2301 noverit
1221 2227 1382 2304 indican-

157 2342 253 2416 dum.
270 2344 318 2416 Et
336 2351 413 2440 post
431 2366 554 2442 pauca.
576 2340 701 2438 Sitque
726 2340 868 2414 cunctis
892 2338 1081 2429 laudabile,
1100 2339 1220 2416 ¹factas
1243 2351 1380 2418 atroces

158 2454 401 2532 sacerdotibus
418 2454 570 2529 iniurias
586 2453 687 2528 velut
704 2452 887 2553 publicum
904 2453 1042 2530 crimen
1058 2454 1210 2554 insequi,
1225 2463 1262 2530 et
1273 2455 1316 2531 de
1328 2465 1381 2530 ta·

156 2569 252 2644 libus
268 2569 441 2644 ultionem
461 2568 599 2644 mereri.
617 2571 664 2641 Et
680 2576 808 2642 cetera.
826 2569 959 2642 Datum
976 2571 1029 2643 VI
1046 2567 1128 2643 Kal.
1144 2566 1233 2643 Maii
1249 2569 1381 2645 Medio-

157 2682 230 2757 lani
250 2683 405 2756 Honorio
422 2687 589 2778 Augusto
607 2690 745 2779 quater,
761 2689 798 2755 et
815 2680 1030 2756 Eutiehiano
1051 2678 1202 2756 indicari
1216 2681 1380 2758 Consuli-

160 2797 236 2871 bus.
254 2799 305 2872 De
322 2820 471 2898 persona
488 2796 624 2874 Christi
650 2793 822 2896 Stephani
847 2790 913 2868 hoc
937 2793 1193 2869 attendendum
1209 2802 1263 2869 est
1286 2795 1379 2893 quod

157 2936 223 2987 neo
240 2911 439 2986 invitusad
456 2910 629 2986 iudicium
648 2909 755 2996 trahi,
768 2907 888 2984 necab
905 2906 1088 3006 Episcopis
1108 2907 1218 2984 alieni
1234 2909 1377 2984 concilii

154 3024 276 3100 debuit
301 3026 463 3102 iudicari.
481 3027 613 3102 Contra
633 3025 701 3100 hoc
718 3024 853 3099 dictum
871 3022 902 3096 si
920 3022 1039 3112 fuerit,
1056 3023 1148 3121 quod
1169 3046 1236 3099 nec
1248 3025 1379 3099 Metro-

153 3136 351 3235 politanum
371 3137 497 3213 habuit
517 3163 583 3215 neo
602 3137 844 3236 patriarcham
868 3135 1058 3211 dicendum
1080 3136 1237 3235 est,quia
1254 3161 1275 3210 a
1293 3137 1376 3214 sede

156 3250 359 3349 Apostolica
376 3275 455 3350 quae
471 3252 632 3327 omnium
650 3249 895 3327 ecclesiarum
913 3257 1022 3347 caput
1034 3257 1089 3323 est
1100 3248 1178 3324 haeo
1194 3274 1303 3325 causa
1315 3274 1378 3324 au-

154 3364 282 3439 dienda
299 3366 417 3440 fuerat
433 3391 476 3440 ae
493 3365 702 3453 dirimenda,
720 3365 816 3439 sicut
840 3372 876 3438 et
900 3362 1094 3460 praedictus
1115 3362 1300 3462 episcopus
1320 3387 1376 3462 pe·

155 3478 241 3552 tisse
255 3476 462 3553 dinoscitur.
475 3478 568 3565 Quia
580 3501 668 3574 ergo
679 3477 865 3575 episcopus
881 3474 990 3551 alieni
1007 3474 1151 3551 concilii
1167 3475 1303 3552 iudices
1314 3475 1377 3549 ha·

154 3592 232 3666 buit
248 3592 390 3667 omnino
408 3603 601 3691 suspectos,
618 3591 796 3667 sententia
813 3613 884 3663 non
900 3614 922 3663 a
938 3613 1003 3664 suo
1019 3589 1137 3665 iudice
1153 3588 1248 3664 dicta
1261 3588 1375 3665 nichil

154 3707 336 3782 firmitatis
352 3706 519 3781 obtineat.
532 3707 631 3795 Quod
644 3719 764 3781 autem
777 3703 910 3779 dicitur
923 3728 944 3776 a
958 3703 1071 3780 servis
1084 3702 1160 3777 suis
1172 3714 1375 3794 accusatus,

154 3820 340 3895 sciendum
358 3831 413 3894 est
429 3820 521 3918 quod
537 3819 655 3894 audiri
673 3818 820 3894 minime
842 3816 1038 3892 debuerint.
1064 3817 1103 3891 Si
1129 3840 1213 3892 vero
1237 3817 1375 3893 dictum

154 3933 275 4021 fuerit,
298 3935 389 4032 quod
406 3934 532 4009 dehoc
549 3942 741 4010 aecusatus
758 3942 824 4022 est,
845 3931 937 4030 quod
954 3930 998 4005 ad
1015 3930 1214 4006 maiestatis
1236 3930 1375 4006 crimen

151 4048 315 4135 attendit,
332 4073 399 4122 neo
416 4048 533 4146 ipsum
547 4048 590 4123 de
603 4071 644 4123 eo
659 4045 876 4123 eredendum
894 4054 960 4134 est,
978 4043 1036 4118 vel
1053 4043 1135 4133 suit,
1151 4043 1183 4117 si
1199 4041 1324 4117 vitalis
1340 4064 1375 4117 ο-

152 4158 249 4257 pinio
265 4158 343 4234 eius
360 4159 443 4234 talis
459 4173 544 4235 ante
561 4181 632 4233 non
649 4158 777 4234 extitit.
805 4158 905 4247 Quod
930 4167 1050 4233 autam
1076 4156 1165 4232 dicit
1187 4156 1282 4232 idem
1304 4156 1377 4255 epi·

153 4388 328 4464 siveram
347 4398 411 4476 cst,
428 4387 566 4462 nullius
583 4413 661 4463 esse
678 4387 859 4462 momenti.
885 4385 1016 4473 Quales
1040 4394 1159 4460 autem
1185 4393 1295 4459 testes
1315 4382 1375 4458 vel

151 4500 257 4577 ouius
273 4501 449 4600 opinionis
461 4502 506 4576 ad
519 4500 766 4577 testimonium
779 4497 991 4575 admittendi
1002 4497 1088 4590 sint,
1099 4495 1262 4596 plurima
1274 4494 1374 4594 leges
