3608 5498
948 405 1149 469 -148-

440 524 647 600 cathedram
670 523 870 613 constituit,
886 534 923 600 et
945 525 1096 600 unitatis
1112 525 1271 601 eiusdem
1289 525 1468 621 originem
1485 535 1595 624 atque
1613 551 1669 599 ra·

440 639 574 713 tionem
592 638 635 711 ab
653 662 724 712 uno
750 637 980 736 incipientem
997 664 1063 713 sua
1085 640 1299 715 auctoritate
1324 639 1507 738 disposuit.
1526 644 1573 715 Et
1590 650 1669 739 post

439 775 564 848 pauca.
577 752 682 825 Hanc
695 750 792 825 Petri
806 750 982 826 unitatem
1001 751 1146 848 quinon
1161 763 1269 844 tenet,
1283 764 1404 829 tenere
1417 779 1456 829 se
1470 753 1574 829 fidem
1593 778 1669 829 cre·

440 864 520 939 dit?
537 863 608 951 Qui
629 862 835 939 cathedram
855 865 952 940 Petri
970 890 1078 963 super
1095 891 1203 965 quam
1217 867 1366 941 fundata
1379 876 1434 943 est
1446 865 1598 943 ecclesia
1610 866 1669 942 de·

439 978 537 1067 serit,
555 979 592 1052 in
610 979 762 1055 ecclesia
781 1004 818 1054 se
835 1002 912 1055 esse
929 979 1103 1054 confidit?
1120 982 1211 1054 Item
1230 989 1307 1076 post
1324 1004 1448 1078 pauca.
1466 981 1542 1054 Hoc
1563 988 1668 1053 erant

440 1093 565 1191 utique
583 1093 693 1168 ceteri
712 1094 870 1191 Apostoli
888 1095 980 1192 quod
997 1098 1128 1171 Petrus
1141 1093 1222 1182 fuit,
1235 1093 1312 1190 pari
1326 1093 1502 1169 consortio
1515 1091 1666 1191 prediti,

440 1216 476 1281 et
492 1206 634 1280 honoris
651 1220 687 1281 et
703 1207 898 1305 potestatis.
916 1209 985 1284 Sed
1002 1207 1187 1283 exordium
1199 1205 1245 1281 ab
1262 1206 1402 1281 unitate
1415 1205 1667 1304 proficiscitur,

438 1328 479 1393 ut
491 1319 643 1395 ecclesia
662 1319 797 1397 Christi
815 1345 887 1395 una
905 1331 1125 1396 monstretur
1138 1317 1233 1394 sicut
1246 1319 1421 1416 scriptum
1434 1328 1499 1393 est.
1513 1321 1594 1393 Una
1611 1327 1667 1393 est

438 1431 602 1508 columba
621 1458 710 1521 mea,
728 1435 884 1531 perfecta
903 1460 992 1524 mea,
1009 1461 1082 1509 una
1100 1434 1227 1508 matris
1251 1459 1326 1508 suae
1343 1433 1456 1509 electa
1474 1432 1666 1529 genitricis

437 1572 521 1620 suae.
535 1549 639 1622 Hanc
653 1547 822 1623 Ecclesiae
835 1548 1013 1623 unitatem
1026 1557 1062 1624 et
1074 1548 1201 1622 beatus
1216 1545 1406 1643 Apostolus
1420 1544 1556 1619 Paulus
1564 1545 1666 1620 docet

437 1669 473 1734 et
487 1670 751 1736 sacramentum
765 1661 917 1736 unitatis
929 1662 1083 1737 ostendit
1096 1661 1227 1735 diceus
1241 1664 1363 1736 Unum
1377 1682 1507 1758 corpus
1519 1669 1555 1735 et
1568 1684 1664 1733 unus

439 1773 606 1871 spiritus:
621 1798 692 1846 uua
706 1799 785 1872 spes
797 1775 996 1850 vocationis
1009 1785 1149 1849 nostrae.
1162 1777 1266 1849 Unus
1279 1773 1465 1864 Dominus,
1481 1799 1554 1847 una
1567 1772 1664 1861 tideo,

437 1911 551 1960 uuum
568 1886 756 1984 baptisma,
768 1914 863 1962 unus
881 1891 987 1964 Deus.
1000 1893 1117 1977 Quam
1135 1888 1312 1962 unitatem
1325 1897 1447 1963 tenere
1460 1888 1612 1962 firmiter
1627 1895 1665 1962 et

436 2000 627 2075 vendicare
640 2000 820 2091 dehemus
830 2004 984 2079 maxime
997 2027 1061 2079 nos
1074 2002 1239 2102 Episcopi
1253 2002 1313 2101 qui
1328 2002 1367 2075 in
1380 2001 1531 2078 ecclesia
1544 2000 1663 2100 praesi-

437 2114 572 2203 demus,
589 2125 631 2189 ut
647 2115 889 2215 episcopatum
907 2141 1045 2217 quoque
1068 2119 1185 2215 ipsum
1204 2144 1317 2192 unum
1340 2127 1447 2215 atque
1465 2113 1662 2192 indivisum

436 2226 633 2324 probemus.
649 2231 764 2303 Nemo
781 2229 1044 2305 fraternitatem
1058 2230 1162 2306 sallat
1180 2231 1375 2321 mendacio,
1393 2253 1497 2307 nemo
1511 2230 1591 2306 fidei
1604 2255 1663 2305 ve·

436 2341 578 2416 ritatem
598 2342 729 2439 perlida
747 2343 1041 2440 prevaricatione
1059 2355 1274 2443 corrumpat.

967 2538 1132 2623 textu.

905 2741 998 2794 Idem
1016 2743 1049 2793 iu
1067 2742 1193 2797 eodem.

533 2911 767 3009 Episcopatus
784 2939 880 2986 unus
897 2922 961 3001 est,
978 2912 1083 2987 cuius
1100 2916 1258 3012 siugulis
1275 2916 1314 2988 in
1332 2915 1483 2990 solidum
1501 2939 1583 3012 pars
1608 2923 1659 2989 te·

436 3034 551 3099 netur.
570 3026 730 3101 Ecclesia
745 3051 817 3099 una
831 3035 896 3114 est,
912 3049 991 3123 quae
1003 3026 1042 3098 in
1056 3026 1325 3103 multitudinem
1338 3026 1450 3102 latius
1463 3027 1661 3101 incremen-

434 3149 512 3213 tum
541 3140 771 3216 fecunditatis
798 3141 1012 3216 extenditur.
1030 3141 1209 3228 Quomodo
1226 3140 1311 3215 solis
1333 3137 1438 3213 multi
1457 3137 1546 3212 radii
1563 3145 1660 3226 sunt,

435 3253 495 3327 sed
513 3253 634 3328 lumen
659 3280 783 3328 unum.
802 3257 848 3327 Et
866 3253 957 3326 rami
974 3253 1111 3328 arboris
1133 3253 1238 3328 multi
1256 3261 1352 3342 sunt,
1369 3260 1405 3327 et
1422 3250 1528 3325 robur
1544 3274 1659 3325 unum

434 3368 551 3443 teuaci
569 3368 687 3444 radice
704 3367 906 3442 fundatum.
921 3369 966 3440 Et
978 3368 1149 3464 quomodo
1166 3367 1207 3442 de
1224 3367 1321 3442 fonte
1338 3388 1410 3440 uno
1427 3364 1496 3438 rivi
1515 3362 1659 3461 plurimi

433 3480 607 3572 defluunt,
615 3483 853 3557 numerositas
867 3481 952 3557 licet
964 3481 1094 3555 diffusa
1107 3482 1283 3570 videatur,
1291 3477 1539 3556 exundationis
1548 3475 1662 3574 copio-

433 3618 482 3667 sae
495 3594 693 3690 largitates
710 3595 832 3669 unitas
849 3604 970 3668 tamen
988 3604 1154 3669 servatur
1168 3595 1205 3668 in
1219 3594 1368 3690 origine.
1383 3590 1503 3667 Avelli
1518 3589 1659 3664 radium

433 3707 517 3781 solis
538 3731 719 3807 acorporo
741 3707 952 3783 divisionem
979 3707 1072 3783 lucis
1098 3707 1220 3782 unitas
1240 3731 1310 3781 non
1336 3707 1441 3805 capit.
1463 3705 1519 3779 Ab
1535 3703 1660 3779 arbore

433 3820 561 3916 frange
576 3847 728 3911 ramum,
743 3821 879 3898 fractus
892 3821 1098 3918 germinare
1111 3843 1181 3895 non
1195 3820 1333 3920 poterit.
1348 3826 1380 3895 A
1398 3820 1496 3894 fonte
1508 3817 1660 3915 praecide

434 3933 552 4007 rivum
566 3934 736 4032 precisus
749 3934 888 4010 arescit.
898 3935 958 4010 Sic
972 3943 1009 4010 et
1021 3933 1183 4010 Ecclesia
1193 3933 1334 4008 Domini
1348 3932 1430 4008 luce
1443 3932 1587 4030 perlusa
1596 3954 1658 4027 per

432 4044 552 4121 orbem
561 4056 676 4121 totum
691 4047 806 4121 radios
819 4069 901 4120 suos
915 4046 1078 4143 porrigit,
1091 4072 1206 4120 unum
1219 4056 1342 4123 tamen
1354 4045 1513 4144 estquod
1526 4043 1658 4141 ubique

433 4159 600 4235 diffundit
617 4185 684 4236 nec
700 4160 822 4235 unitas
835 4159 991 4258 corporis
1003 4169 1199 4257 separatur.
1212 4163 1342 4234 Remos
1355 4182 1437 4234 suos
1449 4158 1657 4233 universam

433 4282 565 4347 terram
588 4275 726 4371 copiosa
748 4274 894 4348 ubertas
915 4272 1074 4348 extendit
1096 4271 1309 4370 profluentes
1326 4270 1483 4367 largitur
1500 4270 1597 4345 rivos
1610 4268 1660 4343 la·

433 4385 509 4460 tius
526 4386 660 4483 pandit,
679 4412 794 4461 unum
811 4395 932 4461 tamen
949 4410 1076 4484 capere
1093 4396 1129 4462 et
1142 4386 1242 4483 origo
1258 4413 1331 4460 una
1344 4395 1380 4462 et
1392 4411 1466 4460 una
1483 4383 1627 4460 materf
1645 4426 1659 4440 ·

433 4500 630 4575 eunditatis
648 4500 875 4578 successibus
899 4499 1050 4598 copiosa.
1067 4497 1272 4573 Adulterari
1294 4520 1364 4572 non
1382 4507 1500 4596 posset
1523 4501 1657 4595 Sponsa
