3608 5498
688 405 885 472 -2‘11-

171 523 368 598 adhibendo
384 525 514 623 quibus
532 526 663 602 valetis
681 528 893 617 succurrite,
908 537 949 603 ut
966 537 1001 604 et
1019 528 1072 602 illi
1090 552 1190 629 opem
1214 528 1337 605 feratis
1362 537 1398 606 et

172 637 372 736 opinionem
391 649 525 714 sancte
542 641 713 717 aecclesioe
730 666 800 716 non
817 643 1023 742 inquinetis.
1040 647 1131 719 Item
1149 643 1300 718 Iohanni
1315 645 1398 744 Epi·

174 774 276 850 sccpo
295 761 373 850 post
389 752 520 852 aliqua.
539 755 576 828 Si
595 756 676 854 quis
694 779 815 831 eorum
833 757 875 831 de
893 757 1022 855 quibus
1040 766 1094 832 est
1106 756 1227 855 aliqua
1240 757 1308 858 ipsi
1325 757 1399 832 vio

173 862 321 938 lentiam
340 867 535 964 patiantur,
552 894 619 946 nec
636 870 674 943 hi
692 870 754 968 qui
772 870 943 946 dicuntur
959 872 1116 968 oppressi
1141 872 1271 945 damna
1292 871 1400 947 susti·

173 989 291 1054 noant.
310 981 416 1056 Curre
434 1006 519 1079 ergo
538 994 666 1058 vestrae
682 985 740 1074 sit,
759 995 800 1059 ut
815 984 867 1060 eis
884 995 1147 1060 sacramentum
1166 985 1210 1058 ab
1232 984 1290 1058 his
1314 1008 1399 1084 quo

174 1118 254 1165 rum
273 1093 423 1171 interest
440 1099 482 1171 de
507 1097 682 1172 servanda
700 1096 782 1194 loge
799 1107 835 1172 et
851 1097 990 1172 iustitia
1008 1097 1248 1196 promittatur,
1273 1108 1310 1174 et
1335 1123 1398 1195 par

174 1207 293 1281 omnia
310 1219 602 1285 commoneantur
619 1211 752 1301 exhire,
777 1221 883 1310 atque
908 1236 1054 1286 suorum
1079 1221 1227 1287 actuum
1253 1213 1399 1288 reddere

173 1322 357 1399 rationem.
375 1325 512 1412 Quibus
529 1325 637 1400 etiam
655 1326 826 1402 aecclesiae
843 1334 971 1400 vostrae
988 1325 1207 1401 defensorem
1220 1326 1392 1425 deputare

174 1458 237 1508 ros
253 1438 432 1528 convenit,
450 1439 554 1514 cuius
572 1439 822 1530 sollicitudine,
839 1464 879 1515 ea
896 1465 977 1539 quae
993 1439 1066 1514 illis
1084 1440 1233 1515 fuerunt
1250 1441 1399 1539 promis·

175 1574 214 1621 sa
232 1561 433 1626 serventur.

707 1697 864 1781 LXXIII.

273 1894 470 1990 Gregorius
488 1895 644 1970 Maximo
660 1898 829 1995 episcopa.
843 1899 884 1970 Iu
899 1905 1075 1994 quantum
1088 1895 1259 1993 praevalet
1272 1896 1398 1971 frater·

176 2006 270 2079 nitas
287 2015 349 2080 tua
367 2031 538 2105 opponere
556 2036 594 2085 se
611 2034 673 2108 pro
690 2010 865 2109 oppressis
890 2009 1004 2100 debet,
1027 2034 1106 2108 quae
1130 2010 1238 2085 etiam
1266 2011 1295 2084 si
1322 2034 1400 2108 pro·

175 2119 274 2195 desse
292 2121 440 2195 minime
457 2122 623 2213 valuerit,
646 2123 722 2222 ipsa
746 2122 977 2222 omnipotenti
1004 2126 1076 2198 Deo
1102 2124 1232 2198 mentis
1257 2123 1399 2198 devotio

175 2235 318 2324 sufficit,
335 2260 443 2334 quam
461 2237 566 2312 dedit.
584 2240 767 2337 Scriptum
786 2248 841 2312 est
858 2238 963 2313 enim.
981 2237 1088 2335 Eripe
1106 2237 1244 2335 eosqui
1262 2238 1400 2313 ducun-

175 2357 236 2423 tur
252 2350 295 2424 ad
314 2361 472 2425 mortem.
490 2353 590 2439 Quod
607 2353 637 2426 si
655 2353 787 2427 dixeris
808 2350 905 2426 vires
929 2374 999 2425 non
1025 2359 1231 2449 suppetunt,
1256 2351 1319 2448 qui
1345 2351 1399 2425 in·

175 2476 314 2566 spector
331 2475 386 2542 est
401 2466 517 2541 cordis
535 2467 609 2565 ipse
625 2464 811 2562 intelligit.
828 2469 869 2540 In
886 2490 991 2541 omne
1008 2488 1095 2561 ergo
1119 2465 1212 2562 quod
1236 2465 1319 2561 agis
1344 2465 1398 2538 in-

175 2590 369 2677 spectarem
387 2580 502 2655 cordis
518 2589 643 2679 appete
659 2579 790 2655 habore
807 2579 998 2677 placatum.
1017 2580 1196 2679 Quicquid
1220 2590 1276 2656 est
1300 2580 1397 2655 unda

176 2693 228 2766 illi
242 2693 392 2791 placeas,
405 2694 521 2769 facere
530 2717 601 2767 non
614 2692 767 2769 omittas
781 2697 873 2769 Nam
886 2693 1037 2768 humani
1051 2704 1204 2770 terrores
1219 2704 1255 2770 et
1267 2695 1400 2791 gratia,

178 2807 276 2881 fumo
297 2817 383 2883 suut
400 2807 547 2897 similes,
564 2807 626 2906 qui
644 2806 715 2883 levi
733 2833 821 2881 aura
839 2818 963 2906 raptus
979 2809 1174 2899 evanescit,
1189 2808 1257 2883 hoc
1277 2808 1401 2885 cartis-

177 2921 266 2996 simo
282 2922 382 3012 scito,
398 2922 482 3020 quia
499 2922 640 3021 placere
658 2924 730 2996 Deo
746 2922 824 2997 sine
841 2922 962 3020 pravis
978 2921 1182 2997 hominibus
1198 2920 1323 2996 nullus
1340 2944 1398 3019 po·

176 3044 255 3111 test.
272 3039 314 3110 Iu
330 3046 472 3110 tantum
490 3061 528 3111 sc
545 3035 687 3111 estimet
704 3035 911 3112 fraternitas
927 3047 991 3111 tua
1009 3039 1081 3111 Deo
1095 3036 1245 3134 placere,
1267 3044 1401 3132 quanto

177 3175 214 3224 sc
232 3149 410 3248 perversis
426 3148 629 3224 homiuibus
645 3147 819 3246 dispicere
845 3149 1064 3244 cognoverit.
1089 3153 1170 3247 Ipsa
1194 3159 1315 3223 tamen
1341 3147 1401 3222 de·

177 3262 291 3338 fensio
307 3286 504 3361 pauperum
522 3262 701 3336 moderata
719 3271 755 3337 et
770 3263 897 3359 gravis
914 3262 972 3353 sit,
989 3287 1035 3338 ne
1049 3262 1079 3337 si
1092 3262 1178 3361 quid
1192 3262 1309 3358 rigide
1322 3261 1400 3358 agi-

177 3376 235 3466 tis,
244 3400 286 3451 ex
299 3376 487 3450 iuventute
497 3374 789 3450 vosarbitrentur
798 3375 992 3476 superbire.
1005 3376 1076 3451 Sed
1088 3373 1172 3449 talis
1185 3399 1329 3450 necesse
1343 3384 1399 3449 est
1516 3443 1520 3451 ,

178 3497 220 3562 ut
237 3488 443 3563 inveniatur
459 3513 521 3586 pro
537 3488 713 3590 oppressis
730 3500 851 3564 nostra
868 3488 1036 3578 defensio,
1053 3497 1095 3564 ut
1111 3488 1267 3564 humiles
1289 3499 1402 3588 proto

178 3603 330 3678 ctionem
347 3603 514 3693 sentiant,
531 3620 567 3679 et
583 3609 805 3703 oppressores
822 3625 893 3678 non
911 3601 1018 3678 facila
1034 3600 1224 3677 inveniant
1248 3601 1341 3700 quod
1358 3625 1402 3676 ex

180 3716 349 3793 malivola
367 3725 486 3794 mento
504 3717 775 3816 reprehendant.

709 3882 884 3969 LXXIIII.

276 4057 473 4154 Gregorius
491 4056 700 4133 Pantaleoni
717 4054 863 4130 notario.
879 4053 1110 4150 Experieutia
1125 4062 1201 4144 tua,
1225 4053 1318 4150 quod
1342 4051 1401 4128 vol

180 4168 285 4266 quale
298 4171 392 4269 apud
405 4170 673 4247 sanctissimum
687 4192 816 4267 corpus
828 4167 923 4243 beati
937 4166 1034 4242 Petri
1048 4166 1208 4265 Apostoli
1225 4166 1404 4241 iusiuran-

179 4283 265 4356 dum
282 4283 444 4383 proebuit,
461 4307 595 4359 memor
612 4292 676 4359 est.
689 4283 792 4359 Unde
805 4303 869 4355 nos
882 4302 1022 4378 quoque
1034 4279 1153 4355 securi
1170 4278 1403 4355 discussionis

181 4419 289 4468 eausa
302 4395 368 4469 tibi
381 4396 418 4470 iu
433 4395 643 4494 patrimonio
655 4395 766 4494 partis
779 4418 1012 4494 syracusanae
1025 4392 1282 4469 commisimus.
1296 4395 1403 4492 Opor-

181 4516 233 4582 tet
249 4531 337 4605 argo
352 4517 387 4583 te
404 4509 508 4584 fidam
525 4517 637 4599 tuam,
655 4517 692 4584 et
707 4509 867 4585 eiusdem
887 4508 982 4586 boati
1000 4507 1098 4584 Petri
1121 4505 1279 4606 Apostoli
1304 4506 1406 4582 timo-
