3608 5498
806 389 1003 452 -495-

289 511 450 591 driennio
475 518 748 607 consequantur.
774 510 889 584 Penes
913 509 1093 608 episcopos
1119 520 1237 584 autem
1265 509 1334 584 erit
1358 518 1513 607 potestas

292 627 433 703 modum
456 622 699 700 conversionis
716 644 836 698 eorum
857 623 1056 720 probantes,
1068 623 1127 697 vel
1140 620 1335 696 humanius
1349 645 1436 718 erga
1453 645 1513 696 eos

224 767 235 786 ·
290 764 410 834 agere,
428 737 486 813 vel
502 736 658 834 amplius
675 746 815 832 tempus
839 736 1121 810 attenuantes
1139 734 1257 815 omnia
1275 758 1359 810 vero
1383 758 1511 834 praece·
1529 761 1531 764 ⁴

290 854 377 928 dens
394 874 514 927 eorum
531 850 606 924 vita
624 858 661 924 et
678 851 848 947 posterior
867 849 1082 946 inquiratur,
1092 837 1130 924 'et
1147 849 1197 923 ita
1214 849 1267 923 eis
1283 848 1512 950 impertiatur

290 965 507 1041 humanitas.

413 1161 459 1214 De
472 1160 525 1213 his
539 1160 595 1226 qui
607 1158 743 1224 propter
754 1157 903 1210 timorem
916 1157 996 1210 ritus
1012 1157 1179 1221 gentilium
1190 1155 1389 1221 peregerunt

740 1258 782 1299 ex
795 1245 913 1299 eodem
926 1257 998 1311 cap.
1018 1247 1056 1298 V.

386 1421 437 1493 De
454 1417 512 1491 his
534 1416 593 1515 qui
614 1414 721 1489 minis
746 1424 888 1490 tantum
910 1439 1047 1490 cessere
1065 1439 1215 1512 paenam,
1230 1423 1295 1489 aut
1311 1413 1510 1511 privatione

290 1530 502 1606 facultatum
521 1528 638 1605 territi
654 1538 718 1601 aut
734 1529 778 1602 de
797 1527 1010 1623 migratione
1028 1528 1324 1603 sacrificaverunt
1338 1541 1374 1602 et
1391 1526 1512 1606 hacte-

290 1671 360 1718 nus
377 1643 605 1741 penitudinis
617 1642 865 1738 neglegentes,
878 1665 992 1739 ncque
1005 1641 1168 1716 conversi
1185 1666 1283 1715 nunc
1301 1640 1409 1714 huius
1427 1664 1509 1715 con-

290 1757 364 1832 cilii
382 1768 537 1856 tempore
562 1766 673 1832 semet
697 1755 913 1843 obtuleruut,
930 1755 1171 1829 conversionis
1192 1757 1268 1828 ‘sure
1286 1753 1434 1829 consilia
1453 1779 1512 1827 ca·

292 1869 440 1967 pientes,
458 1869 594 1967 placuit
611 1893 724 1966 usque
741 1868 785 1942 ad
803 1891 975 1963 magnam
1000 1866 1094 1941 diem
1119 1890 1177 1941 eos
1203 1867 1298 1941 iuter
1322 1866 1509 1941 audientes

290 1981 435 2078 suscipi,
452 1992 487 2056 et
512 1992 589 2079 post
604 2005 772 2076 magnam
790 1980 882 2054 diom
901 2003 960 2054 eos
976 1978 1071 2054 iuter
1096 1979 1283 2055 audientes
1304 1980 1450 2078 suscipi,
1475 1989 1512 2053 et

290 2105 367 2192 post
386 2119 557 2191 magnum
575 2094 669 2169 diem
687 2095 842 2169 triennio
859 2093 1102 2192 paenitentiam
1117 2117 1226 2189 agere
1239 2103 1275 2168 et
1288 2094 1510 2191 postmodum

291 2206 429 2281 duobus
449 2206 553 2280 annis
577 2207 655 2281 sine
680 2205 854 2280 oblatione
877 2205 1151 2280 communicare.
1168 2209 1215 2279 Et
1240 2215 1328 2279 tuno
1356 2205 1510 2280 demum.

291 2322 344 2392 VI
361 2318 467 2392 annis
479 2318 664 2415 completis
676 2319 720 2392 ad
738 2317 965 2415 perfectionis
977 2317 1133 2412 gratiam
1153 2318 1350 2415 pervenire.
1368 2317 1407 2390 Si
1426 2341 1510 2392 vero

290 2429 433 2527 quidam
455 2441 539 2505 aute
557 2432 650 2505 hauc
667 2430 844 2527 synodum
863 2431 1019 2527 suscepti
1037 2431 1182 2506 suntad
1204 2431 1447 2528 paenitentiam
1467 2456 1512 2507 ex

290 2543 352 2617 illo
368 2553 525 2642 tempore
543 2543 688 2617 initium
706 2543 758 2618 eis
774 2543 934 2618 sexennii
953 2554 1189 2641 computetur.
1208 2544 1246 2618 si
1271 2543 1362 2642 quod
1387 2554 1510 2619 autem

174 2647 176 2650 ’
292 2656 505 2753 periculum,
531 2655 589 2731 vel
608 2656 732 2732 mortis
757 2657 965 2753 expectatio,
991 2665 1054 2730 aut
1077 2681 1122 2731 ex
1146 2656 1354 2731 infirmitate
1379 2665 1443 2731 aut
1468 2682 1513 2732 ex

290 2767 412 2865 aliqua
433 2768 617 2844 occasione
641 2768 834 2865 contigerit
855 2768 913 2844 his
937 2770 1003 2845 sub
1027 2768 1233 2844 definitione
1259 2777 1395 2843 statuta
1420 2792 1512 2843 com·

294 2883 461 2958 munione
478 2883 692 2979 integretur.

337 3068 383 3120 De
401 3069 453 3122 his
465 3071 522 3135 qut
535 3070 568 3120 in
579 3069 658 3123 locis
672 3069 832 3122 idolorum
843 3068 1129 3133 manducaverunt,
1139 3080 1182 3121 ex
1194 3066 1311 3120 eodem
1324 3079 1397 3132 cop.
1407 3070 1461 3121 VI.

364 3223 414 3295 De
431 3219 488 3295 his
506 3221 567 3319 qui
585 3222 687 3297 festis
703 3222 826 3296 diebus
843 3221 1035 3319 gentilium
1054 3221 1092 3293 in
1116 3220 1260 3295 remotis
1280 3243 1401 3294 eorum
1420 3219 1510 3294 locis

293 3333 459 3416 convivia
468 3333 706 3422 celebrarunt,
716 3335 881 3434 cibosque
894 3335 1050 3432 proprios
1062 3335 1262 3411 deferentes
1274 3335 1404 3410 ibidem
1418 3357 1510 3409 com·

293 3445 488 3534 moderant,
498 3446 635 3543 placuit
652 3458 729 3544 post
746 3449 978 3545 penitentiam
996 3448 1132 3523 biennii
1150 3471 1208 3523 eos
1225 3448 1369 3545 suscipi.
1379 3451 1510 3524 Utrum

291 3583 375 3633 vero
393 3559 455 3656 qui
473 3583 556 3633 cum
574 3559 760 3647 oblatione,
776 3561 914 3657 singuli
935 3559 1178 3659 episcoporum
1196 3559 1384 3658 probantes
1396 3559 1510 3634 vitam

290 3694 425 3759 eorum,
441 3681 477 3746 et
494 3671 657 3767 singulos
674 3682 777 3749 actus
795 3673 1009 3748 examinent.
1046 3721 1048 3724 >

325 3856 372 3909 De
389 3857 442 3908 his
461 3857 517 3923 qut
535 3855 723 3924 frequenter
741 3857 847 3924 ydolis
868 3858 1113 3911 immolaverunt
1131 3870 1172 3912 ex
1191 3858 1307 3911 eodem
1327 3868 1400 3922 cap.
1419 3857 1474 3908 Vi.

387 4009 425 4082 Si
443 4008 505 4105 qui
523 4009 574 4081 ΙΙο
591 4018 627 4082 et
644 4011 712 4085 ΙΙΙο
733 4012 1030 4085 sacrificaverunt
1052 4011 1178 4098 coacti,
1195 4013 1297 4085 iiiior
1314 4010 1419 4082 annis
1444 4034 1512 4106 pra·
1599 4108 1602 4113 ⁴

289 4121 450 4195 nitentire
468 4120 702 4198 subiciantur.
719 4123 865 4198 Duobus
882 4132 1001 4196 autern
1020 4121 1101 4194 aliis
1118 4122 1195 4196 sine
1217 4120 1393 4196 oblatione
1418 4143 1510 4194 com·

289 4233 485 4322 munioent,
501 4244 538 4309 et
555 4236 624 4308 VII
641 4257 735 4308 anno
752 4234 907 4331 perfecte
926 4233 1156 4332 recipiantur.
