3608 5498
802 407 999 469 -373-

288 523 408 598 fusio?
425 525 527 611 Quod
542 523 611 600 hac
627 525 872 601 observatione
890 525 1104 614 servabitur,
1125 525 1156 598 si
1176 525 1231 598 nil
1248 526 1424 622 potestati,
1448 528 1511 603 sed

289 645 403 711 totum
421 636 603 711 tribuatur
619 637 791 735 aequitati.
808 639 1053 734 Hieronymus
1069 659 1176 734 super
1193 635 1416 711 Matthaeum.
1430 639 1511 736 Epi·

289 772 418 845 scopus
431 758 467 823 et
483 748 677 848 Presbyter
694 773 763 824 non
778 774 835 825 eos
852 750 913 848 qui
931 749 1089 824 insontes
1105 757 1202 838 sunt,
1217 749 1276 823 vel
1288 749 1435 839 innoxii,
1449 752 1511 826 sed

290 885 351 959 pro
364 862 478 937 officio
491 886 555 937 suo
568 887 652 937 cum
666 873 893 961 peccatorum
906 861 1087 936 audierint
1098 860 1302 950 varietates,
1315 862 1436 936 sciunt
1448 864 1511 961 qui

289 975 460 1070 ligandus
477 977 535 1064 sit,
552 977 613 1073 qui
631 976 832 1051 solvendus.
850 973 1082 1070 Augustinus
1099 973 1144 1048 ad
1165 973 1351 1049 Auxilium
1369 976 1512 1073 Episco

290 1114 374 1186 pum
387 1089 482 1163 inter
495 1099 633 1165 oaetera.
647 1088 741 1163 Illud
754 1088 859 1190 plane
872 1114 942 1164 non
955 1099 1089 1164 temere
1102 1086 1253 1162 dixerim
1270 1089 1362 1186 quod
1374 1090 1406 1163 si
1418 1091 1513 1189 quis·

290 1226 397 1299 quam
416 1201 574 1278 fidelium
593 1202 702 1277 fuerit
717 1202 1043 1278 anathematizatus
1060 1199 1204 1290 iniuste,
1220 1200 1254 1275 ei
1266 1201 1384 1299 potius
1400 1204 1513 1280 oberit

291 1316 354 1412 qui
371 1315 468 1404 facit,
486 1339 593 1414 quam
610 1317 643 1391 ei
660 1316 721 1414 qui
747 1317 841 1392 hane
866 1316 1000 1415 patitur
1025 1315 1207 1389 iniuriam.
1232 1316 1389 1416 Spiritus
1415 1318 1511 1392 euim

291 1439 438 1503 sanctus
455 1428 620 1503 babitans
637 1430 675 1504 in
693 1430 827 1505 sanctis
844 1454 1024 1528 perquem
1043 1429 1192 1527 quisque
1210 1428 1353 1525 legatur
1366 1441 1430 1504 aut
1446 1430 1513 1505 sol·

292 1541 403 1628 uitur,
420 1540 624 1615 inmeritam
642 1541 733 1615 nulli
747 1542 884 1637 ingerit
896 1568 1044 1640 paenam.
1061 1545 1131 1617 Per
1143 1566 1226 1616 eum
1239 1541 1369 1641 quippe
1386 1543 1513 1617 diffun-

291 1654 388 1727 ditur
405 1654 538 1728 caritas
554 1655 592 1728 in
609 1655 773 1730 cordibus
786 1656 927 1746 vestris,
940 1680 1019 1753 quae
1031 1677 1103 1728 non
1115 1652 1195 1748 agit
1208 1677 1403 1752 perperam.
1416 1654 1513 1729 Idem

292 1768 330 1840 in
344 1766 433 1840 libro
445 1767 487 1841 de
501 1791 639 1841 summo
651 1769 750 1843 bono.
763 1770 967 1844 Secundum
984 1766 1205 1843 Catholicam
1220 1767 1325 1842 fidem
1339 1777 1375 1841 et
1387 1791 1512 1840 sanam

293 1880 502 1968 doctrinam,
516 1905 582 1955 nec
594 1891 734 1955 naturae
746 1882 811 1956 Dei
826 1905 951 1957 nocere
966 1892 1079 1982 potest
1092 1880 1293 1978 quisquam,
1305 1903 1372 1955 nec
1384 1889 1514 1954 natura

293 1991 358 2065 Dei
375 1993 508 2067 iniuste
525 2016 652 2068 nocere
669 1993 851 2090 cuiquam,
868 2019 935 2069 neo
947 2018 1074 2068 nocere
1087 1993 1234 2090 impune
1247 1993 1383 2090 patitur
1395 2017 1515 2091 quem·

294 2130 411 2204 quam.
423 2105 493 2192 Qui
512 2114 615 2180 nocet
633 2106 727 2181 enim
742 2107 794 2180 ait
808 2107 996 2206 Apostolus
1009 2107 1157 2204 recipiet
1170 2105 1261 2205 quod
1274 2105 1405 2180 nocuit.
1423 2108 1514 2181 Item

293 2221 387 2294 idem
399 2219 438 2291 in
456 2219 545 2295 libro
558 2220 600 2294 16
614 2220 798 2317 baptismo.
818 2225 891 2295 Pax
908 2218 1515 2316 666166161161111116666616,6161)

293 2331 736 2429 oeoolesioepaoealienatio
749 2342 847 2408 tenet
859 2331 1309 2431 peccataNonseoundum
1322 2330 1511 2406 arbitrium

293 2446 489 2535 hominum,
502 2447 564 2522 sed
576 2447 773 2523 secundum
787 2447 977 2523 arbitrium
990 2446 1064 2520 Dei.
1078 2448 1184 2520 Petra
1195 2454 1305 2534 tenet,
1318 2447 1447 2519 Petrus
1464 2445 1515 2518 di·

295 2563 417 2637 mittit.
434 2561 607 2638 Columba
619 2572 729 2648 tenet,
741 2561 905 2637 columba
918 2558 1076 2648 dimittit,
1089 2558 1175 2634 foris
1186 2559 1315 2663 quippe
1328 2583 1395 2633 neo
1407 2558 1516 2655 ligari

295 2677 386 2774 quod
403 2685 531 2775 potest,
549 2700 615 2751 nec
631 2675 734 2765 solvi,
750 2677 890 2774 quando
907 2674 944 2745 in
970 2671 1121 2747 eeclesia
1138 2694 1208 2746 non
1235 2682 1289 2747 est
1313 2671 1374 2770 qui
1399 2670 1515 2767 ligare

297 2788 406 2887 possit
422 2800 486 2863 aut
502 2787 648 2863 solvere.
665 2789 762 2862 Idem
778 2789 823 2864 ad
841 2788 1027 2863 Auxilium
1052 2787 1278 2884 Episcopum,
1300 2785 1361 2884 qui
1379 2807 1517 2860 excom·

297 2902 547 2976 municaverat
568 2901 781 2977 Cassianum
807 2926 889 2976 oum
908 2901 1045 2975 familia
1069 2926 1145 2975 sua.
1170 2899 1314 2974 Audisti
1340 2898 1428 2974 forta
1452 2896 1517 2971 ali·

296 3039 384 3114 quos
398 3016 522 3112 magni
536 3015 690 3090 nominis
708 3016 906 3092 sacerdotes
918 3040 1000 3091 cum
1015 3015 1422 3111 domosua,quemquam
1434 3037 1518 3085 ana·

301 3127 552 3203 thematizasse
566 3129 817 3227 peccantium?
829 3129 890 3204 sed
903 3130 933 3203 si
946 3129 1159 3225 interrogati
1172 3137 1290 3203 essent
1302 3127 1518 3225 repperiren-

297 3253 367 3330 tur,
378 3242 459 3316 indo
469 3242 619 3316 forsitan
636 3242 798 3318 idoneam
813 3244 957 3318 reddere
971 3241 1156 3316 rationem.
1168 3244 1247 3337 Ego
1259 3249 1378 3314 autem
1392 3240 1423 3313 si
1436 3240 1518 3338 quis

296 3384 317 3429 a
336 3381 392 3431 me
409 3357 537 3453 quaerit
559 3367 682 3430 utrum
696 3367 791 3433 recte
804 3360 877 3447 fiat,
889 3357 974 3455 quid
987 3356 1021 3431 61
1039 3354 1266 3453 respondeam
1280 3377 1350 3429 non
1363 3354 1517 3429 invenio.

297 3470 403 3544 Idem.
421 3470 556 3566 Cepisti
574 3469 701 3544 habere
720 3471 868 3544 fratrem
887 3480 990 3545 tuum
1009 3480 1191 3567 tamquam
1210 3467 1452 3566 publicanum,
1477 3466 1518 3539 li-

298 3610 365 3680 gas
382 3584 542 3659 illumin
560 3595 666 3673 terra,
682 3586 743 3660 sed
760 3596 802 3660 ut
820 3587 913 3661 iuste
931 3583 1042 3658 facias
1059 3582 1152 3657 6116.
1169 3587 1261 3657 Nam
1287 3581 1422 3655 iniusta
1440 3580 1518 3654 vin·

298 3697 380 3773 cula
401 3698 573 3795 dirumpit
590 3698 738 3772 iustitia.
755 3699 852 3773 Idem
869 3700 907 3771 in
924 3720 1084 3773 sermone
1103 3696 1244 3771 Domini
1258 3696 1296 3768 in
1313 3703 1441 3769 monte.
1454 3698 1517 3771 Te·

298 3811 490 3887 mer-arium
500 3810 674 3885 iudicium
687 3809 897 3910 plerumque
911 3810 1025 3886 nichil
1037 3819 1141 3886 nocet
1154 3809 1187 3884 ei
1200 3809 1242 3883 de
1251 3806 1518 3907 quotemerarie

297 3926 486 4000 iudicatur.
503 3925 548 4000 Ei
565 3933 685 3999 autem
704 3924 765 4022 qui
782 3934 917 4000 temore
929 3923 1075 4012 iudicat,
1087 3924 1164 4020 ipsa
1177 3921 1360 3997 temeritas
1373 3944 1518 3996 necesse

230 4047 233 4054 '
297 4051 352 4115 est
368 4050 410 4115 ut
426 4049 559 4114 noceat.
576 4038 674 4112 Idem
692 4037 730 4111 in
747 4038 837 4113 libro
852 4038 895 4113 16
921 4036 1136 4136 paenitentia.
1152 4038 1207 4110 Tu
1224 4033 1350 4132 inquid
1373 4040 1519 4132 Aposto-

299 4151 357 4225 lus
374 4153 456 4249 quis
481 4176 519 4227 66
543 4151 605 4250 qui
623 4152 760 4227 iudicas
777 4150 935 4225 alienum
952 4154 1127 4226 servum?
1142 4147 1267 4224 Noluit
1288 4149 1383 4224 enim
1408 4147 1519 4224 homi·

300 4291 382 4339 nem
400 4265 445 4338 ab
463 4264 605 4340 homine
622 4265 774 4340 iudicari
792 4289 837 4339 ex
853 4263 1064 4361 suspicione,
1081 4261 1140 4336 661
1165 4261 1443 4337 extraordinario
1467 4260 1521 4336 iu·

300 4379 403 4467 dici0,
417 4379 477 4454 sed
490 4404 535 4454 ex
552 4379 634 4476 lege
651 4381 728 4468 Dei,
744 4378 940 4454 secundum
959 4376 1117 4451 ordinem
1135 4375 1315 4466 aecolesiae,
1331 4376 1410 4452 sive
1425 4375 1521 4451 ultro

302 4490 518 4582 confessum,
530 4492 607 4568 sive
620 4499 830 4568 accusatum
843 4501 951 4589 atquo
959 4491 1177 4580 convictum,
1186 4490 1283 4567 Idem
1295 4491 1334 4566 in
1342 4491 1521 4590 espositio
