<?xml version="1.0" encoding="UTF-8"?>
<!DOCTYPE html PUBLIC "-//W3C//DTD XHTML 1.0 Transitional//EN"
    "http://www.w3.org/TR/xhtml1/DTD/xhtml1-transitional.dtd">
<html xmlns="http://www.w3.org/1999/xhtml" xml:lang="en" lang="en">
 <head>
  <title>
</title>
<meta http-equiv="Content-Type" content="text/html;charset=utf-8" />
  <meta name='ocr-system' content='tesseract 3.04.00' />
  <meta name='ocr-capabilities' content='ocr_page ocr_carea ocr_par ocr_line ocrx_word'/>
</head>
<body>
  <div class='ocr_page' id='page_1' title='image "./collectiocanonu00deusgoog_0417.png"; bbox 0 0 3608 5498; ppageno 0'>
   <div class='ocr_carea' id='block_1_1' title="bbox 805 381 1002 446">
    <p class='ocr_par' dir='ltr' id='par_1_1' title="bbox 805 381 1002 446">
     <span class='ocr_line' id='line_1_1' title="bbox 805 381 1002 446; baseline 0.015 -3"><span class='ocrx_word' id='word_1_1' title='bbox 805 381 1002 446; x_wconf 84' lang='grc'><strong>-386-</strong></span> 
     </span>
    </p>
   </div>
   <div class='ocr_carea' id='block_1_2' title="bbox 261 501 1596 4570">
    <p class='ocr_par' dir='ltr' id='par_1_2' title="bbox 261 501 1596 4570">
     <span class='ocr_line' id='line_1_2' title="bbox 288 501 1530 603; baseline 0.003 -27"><span class='ocrx_word' id='word_1_2' title='bbox 288 503 389 592; x_wconf 92' lang='lat' dir='ltr'>serit,</span> <span class='ocrx_word' id='word_1_3' title='bbox 417 525 487 577; x_wconf 89' lang='lat' dir='ltr'>non</span> <span class='ocrx_word' id='word_1_4' title='bbox 513 503 676 579; x_wconf 86' lang='lat' dir='ltr'>iuveniat</span> <span class='ocrx_word' id='word_1_5' title='bbox 704 502 797 603; x_wconf 91' lang='lat' dir='ltr'>quod</span> <span class='ocrx_word' id='word_1_6' title='bbox 822 501 929 593; x_wconf 88' lang='lat' dir='ltr'>ledat,</span> <span class='ocrx_word' id='word_1_7' title='bbox 956 503 1019 579; x_wconf 90' lang='lat' dir='ltr'>sed</span> <span class='ocrx_word' id='word_1_8' title='bbox 1043 502 1214 579; x_wconf 85' lang='lat' dir='ltr'>confusus</span> <span class='ocrx_word' id='word_1_9' title='bbox 1242 501 1420 581; x_wconf 81' lang='lat' dir='ltr'><strong>abscedat.</strong></span> <span class='ocrx_word' id='word_1_10' title='bbox 1447 501 1530 580; x_wconf 87' lang='lat' dir='ltr'>Sed</span> 
     </span>
     <span class='ocr_line' id='line_1_3' title="bbox 288 618 1531 717; baseline 0.002 -26"><span class='ocrx_word' id='word_1_11' title='bbox 288 627 406 692; x_wconf 78' lang='grc'><strong>01000</strong></span> <span class='ocrx_word' id='word_1_12' title='bbox 423 642 484 715; x_wconf 91' lang='lat' dir='ltr'>pro</span> <span class='ocrx_word' id='word_1_13' title='bbox 500 618 602 693; x_wconf 86' lang='lat' dir='ltr'>vobis</span> <span class='ocrx_word' id='word_1_14' title='bbox 618 629 793 717; x_wconf 84' lang='lat' dir='ltr'>quantum</span> <span class='ocrx_word' id='word_1_15' title='bbox 812 641 1001 717; x_wconf 89' lang='lat' dir='ltr'>possumus</span> <span class='ocrx_word' id='word_1_16' title='bbox 1025 618 1170 694; x_wconf 84' lang='lat' dir='ltr'>solliciti</span> <span class='ocrx_word' id='word_1_17' title='bbox 1194 644 1330 693; x_wconf 89' lang='lat' dir='ltr'>sumus.</span> <span class='ocrx_word' id='word_1_18' title='bbox 1346 620 1448 694; x_wconf 84' lang='lat' dir='ltr'><strong>Idem</strong></span> <span class='ocrx_word' id='word_1_19' title='bbox 1465 622 1531 694; x_wconf 86' lang='lat' dir='ltr'>Io·</span> 
     </span>
     <span class='ocr_line' id='line_1_4' title="bbox 288 730 1525 833; baseline 0.002 -28"><span class='ocrx_word' id='word_1_20' title='bbox 288 730 400 805; x_wconf 89' lang='lat' dir='ltr'>banni</span> <span class='ocrx_word' id='word_1_21' title='bbox 419 733 580 833; x_wconf 90' lang='lat' dir='ltr'>episcopo</span> <span class='ocrx_word' id='word_1_22' title='bbox 597 733 808 808; x_wconf 86' lang='lat' dir='ltr'>Ravennati.</span> <span class='ocrx_word' id='word_1_23' title='bbox 827 735 878 807; x_wconf 90' lang='lat' dir='ltr'>De</span> <span class='ocrx_word' id='word_1_24' title='bbox 893 731 1129 830; x_wconf 89' lang='lat' dir='ltr'>Neapolitana</span> <span class='ocrx_word' id='word_1_25' title='bbox 1151 755 1235 806; x_wconf 88' lang='lat' dir='ltr'>vero</span> <span class='ocrx_word' id='word_1_26' title='bbox 1253 732 1340 808; x_wconf 92' lang='lat' dir='ltr'>urbe</span> <span class='ocrx_word' id='word_1_27' title='bbox 1356 733 1525 808; x_wconf 85' lang='lat' dir='ltr'>exarcho</span> 
     </span>
     <span class='ocr_line' id='line_1_5' title="bbox 290 844 1528 946; baseline 0.002 -29"><span class='ocrx_word' id='word_1_28' title='bbox 290 845 468 922; x_wconf 84' lang='lat' dir='ltr'>instanter</span> <span class='ocrx_word' id='word_1_29' title='bbox 492 849 694 939; x_wconf 88' lang='lat' dir='ltr'>imminere,</span> <span class='ocrx_word' id='word_1_30' title='bbox 711 847 796 946; x_wconf 89' lang='lat' dir='ltr'>quia</span> <span class='ocrx_word' id='word_1_31' title='bbox 813 845 965 923; x_wconf 83' lang='lat' dir='ltr'>Areehis</span> <span class='ocrx_word' id='word_1_32' title='bbox 990 870 1072 919; x_wconf 91' lang='lat' dir='ltr'>cum</span> <span class='ocrx_word' id='word_1_33' title='bbox 1092 844 1268 943; x_wconf 87' lang='lat' dir='ltr'>Ariulpho</span> <span class='ocrx_word' id='word_1_34' title='bbox 1296 870 1335 920; x_wconf 87' lang='lat' dir='ltr'>se</span> <span class='ocrx_word' id='word_1_35' title='bbox 1362 845 1462 935; x_wconf 85' lang='lat' dir='ltr'>lecit,</span> <span class='ocrx_word' id='word_1_36' title='bbox 1483 858 1528 922; x_wconf 91' lang='lat' dir='ltr'>et</span> 
     </span>
     <span class='ocr_line' id='line_1_6' title="bbox 290 956 1526 1055; baseline 0.004 -27"><span class='ocrx_word' id='word_1_37' title='bbox 290 958 396 1035; x_wconf 77' lang='lat' dir='ltr'>ualde</span> <span class='ocrx_word' id='word_1_38' title='bbox 413 960 606 1041; x_wconf 87' lang='lat' dir='ltr'>insidiatur</span> <span class='ocrx_word' id='word_1_39' title='bbox 622 961 737 1037; x_wconf 89' lang='lat' dir='ltr'>eidem</span> <span class='ocrx_word' id='word_1_40' title='bbox 762 959 914 1046; x_wconf 85' lang='lat' dir='ltr'>civitati,</span> <span class='ocrx_word' id='word_1_41' title='bbox 931 957 969 1030; x_wconf 92' lang='lat' dir='ltr'>in</span> <span class='ocrx_word' id='word_1_42' title='bbox 995 980 1102 1055; x_wconf 88' lang='lat' dir='ltr'>quam</span> <span class='ocrx_word' id='word_1_43' title='bbox 1121 956 1153 1032; x_wconf 87' lang='lat' dir='ltr'>si</span> <span class='ocrx_word' id='word_1_44' title='bbox 1170 957 1336 1034; x_wconf 76' lang='lat' dir='ltr'>celeriter</span> <span class='ocrx_word' id='word_1_45' title='bbox 1352 958 1428 1033; x_wconf 88' lang='lat' dir='ltr'>dux</span> <span class='ocrx_word' id='word_1_46' title='bbox 1443 980 1526 1033; x_wconf 89' lang='lat' dir='ltr'>non</span> 
     </span>
     <span class='ocr_line' id='line_1_7' title="bbox 289 1066 1526 1171; baseline 0 -27"><span class='ocrx_word' id='word_1_47' title='bbox 289 1071 459 1161; x_wconf 84' lang='lat' dir='ltr'>mittitur,</span> <span class='ocrx_word' id='word_1_48' title='bbox 476 1074 621 1150; x_wconf 90' lang='lat' dir='ltr'>omnino</span> <span class='ocrx_word' id='word_1_49' title='bbox 643 1075 714 1147; x_wconf 90' lang='lat' dir='ltr'>iam</span> <span class='ocrx_word' id='word_1_50' title='bbox 732 1073 828 1149; x_wconf 88' lang='lat' dir='ltr'>inter</span> <span class='ocrx_word' id='word_1_51' title='bbox 845 1069 1000 1171; x_wconf 90' lang='lat' dir='ltr'>perditas</span> <span class='ocrx_word' id='word_1_52' title='bbox 1017 1066 1178 1144; x_wconf 90' lang='lat' dir='ltr'>habetur.</span> <span class='ocrx_word' id='word_1_53' title='bbox 1195 1070 1293 1145; x_wconf 85' lang='lat' dir='ltr'>Idem</span> <span class='ocrx_word' id='word_1_54' title='bbox 1311 1070 1526 1146; x_wconf 80' lang='lat' dir='ltr'>Constanti·</span> 
     </span>
     <span class='ocr_line' id='line_1_8' title="bbox 287 1184 1524 1283; baseline 0.003 -25"><span class='ocrx_word' id='word_1_55' title='bbox 287 1210 344 1258; x_wconf 82' lang='lat' dir='ltr'>nae</span> <span class='ocrx_word' id='word_1_56' title='bbox 361 1192 548 1283; x_wconf 73' lang='lat' dir='ltr'>Augustae.</span> <span class='ocrx_word' id='word_1_57' title='bbox 566 1187 712 1282; x_wconf 85' lang='lat' dir='ltr'>Viginti</span> <span class='ocrx_word' id='word_1_58' title='bbox 736 1186 809 1261; x_wconf 90' lang='lat' dir='ltr'>iam</span> <span class='ocrx_word' id='word_1_59' title='bbox 827 1194 864 1261; x_wconf 91' lang='grc'>01</span> <span class='ocrx_word' id='word_1_60' title='bbox 880 1187 951 1259; x_wconf 88' lang='lat' dir='ltr'>VH</span> <span class='ocrx_word' id='word_1_61' title='bbox 967 1207 1079 1258; x_wconf 91' lang='lat' dir='ltr'>annos</span> <span class='ocrx_word' id='word_1_62' title='bbox 1095 1184 1371 1283; x_wconf 88' lang='lat' dir='ltr'>ducimus&#39;quod</span> <span class='ocrx_word' id='word_1_63' title='bbox 1388 1184 1427 1258; x_wconf 93' lang='lat' dir='ltr'>in</span> <span class='ocrx_word' id='word_1_64' title='bbox 1444 1184 1524 1262; x_wconf 86' lang='lat' dir='ltr'>hac</span> 
     </span>
     <span class='ocr_line' id='line_1_9' title="bbox 288 1298 1524 1399; baseline 0.002 -28"><span class='ocrx_word' id='word_1_65' title='bbox 288 1298 376 1374; x_wconf 91' lang='lat' dir='ltr'>urbe</span> <span class='ocrx_word' id='word_1_66' title='bbox 393 1300 488 1373; x_wconf 91' lang='lat' dir='ltr'>inter</span> <span class='ocrx_word' id='word_1_67' title='bbox 501 1300 814 1396; x_wconf 83' lang='lat' dir='ltr'>Langobardorum</span> <span class='ocrx_word' id='word_1_68' title='bbox 833 1299 973 1396; x_wconf 82' lang='lat' dir='ltr'>gladios</span> <span class='ocrx_word' id='word_1_69' title='bbox 990 1298 1159 1372; x_wconf 83' lang='lat' dir='ltr'>vivimus.</span> <span class='ocrx_word' id='word_1_70' title='bbox 1173 1302 1219 1373; x_wconf 87' lang='lat' dir='ltr'>Et</span> <span class='ocrx_word' id='word_1_71' title='bbox 1235 1298 1341 1396; x_wconf 91' lang='lat' dir='ltr'>paulo</span> <span class='ocrx_word' id='word_1_72' title='bbox 1357 1307 1446 1399; x_wconf 89' lang='lat' dir='ltr'>post.</span> <span class='ocrx_word' id='word_1_73' title='bbox 1459 1300 1524 1375; x_wconf 88' lang='lat' dir='ltr'>Si·</span> 
     </span>
     <span class='ocr_line' id='line_1_10' title="bbox 288 1411 1523 1511; baseline 0.002 -26"><span class='ocrx_word' id='word_1_74' title='bbox 288 1420 351 1485; x_wconf 93' lang='lat' dir='ltr'>cut</span> <span class='ocrx_word' id='word_1_75' title='bbox 376 1411 414 1484; x_wconf 91' lang='lat' dir='ltr'>in</span> <span class='ocrx_word' id='word_1_76' title='bbox 432 1415 612 1488; x_wconf 72' lang='grc'><strong>1101011110</strong></span> <span class='ocrx_word' id='word_1_77' title='bbox 637 1411 798 1509; x_wconf 88' lang='lat' dir='ltr'>partibus</span> <span class='ocrx_word' id='word_1_78' title='bbox 819 1412 1042 1486; x_wconf 90' lang='lat' dir='ltr'>dominorum</span> <span class='ocrx_word' id='word_1_79' title='bbox 1060 1412 1174 1508; x_wconf 89' lang='lat' dir='ltr'>pietas</span> <span class='ocrx_word' id='word_1_80' title='bbox 1190 1412 1285 1510; x_wconf 91' lang='lat' dir='ltr'>apud</span> <span class='ocrx_word' id='word_1_81' title='bbox 1302 1411 1459 1511; x_wconf 83' lang='lat' dir='ltr'>primunr</span> <span class='ocrx_word' id='word_1_82' title='bbox 1481 1439 1523 1488; x_wconf 89' lang='grc'>0-</span> 
     </span>
     <span class='ocr_line' id='line_1_11' title="bbox 261 1524 1523 1624; baseline 0.009 -33"><span class='ocrx_word' id='word_1_83' title='bbox 261 1583 264 1591; x_wconf 84' lang='grc'><em>,</em></span> <span class='ocrx_word' id='word_1_84' title='bbox 288 1524 447 1599; x_wconf 89' lang='lat' dir='ltr'>xercitus</span> <span class='ocrx_word' id='word_1_85' title='bbox 464 1525 578 1600; x_wconf 81' lang='lat' dir='ltr'>Italiae</span> <span class='ocrx_word' id='word_1_86' title='bbox 595 1525 823 1601; x_wconf 89' lang='lat' dir='ltr'>sacellarium</span> <span class='ocrx_word' id='word_1_87' title='bbox 836 1524 953 1614; x_wconf 88' lang='lat' dir='ltr'>habet,</span> <span class='ocrx_word' id='word_1_88' title='bbox 962 1528 1022 1623; x_wconf 91' lang='lat' dir='ltr'>qui</span> <span class='ocrx_word' id='word_1_89' title='bbox 1036 1525 1157 1601; x_wconf 88' lang='lat' dir='ltr'>causis</span> <span class='ocrx_word' id='word_1_90' title='bbox 1173 1525 1523 1624; x_wconf 88' lang='lat' dir='ltr'>supervenientibus</span> 
     </span>
     <span class='ocr_line' id='line_1_12' title="bbox 287 1638 1521 1739; baseline 0.002 -26"><span class='ocrx_word' id='word_1_91' title='bbox 287 1638 484 1713; x_wconf 87' lang='lat' dir='ltr'>cotidianas</span> <span class='ocrx_word' id='word_1_92' title='bbox 501 1639 681 1739; x_wconf 89' lang='lat' dir='ltr'>impensas</span> <span class='ocrx_word' id='word_1_93' title='bbox 694 1640 814 1730; x_wconf 82' lang='lat' dir='ltr'>faciat,</span> <span class='ocrx_word' id='word_1_94' title='bbox 823 1641 873 1714; x_wconf 92' lang='lat' dir='ltr'>ita</span> <span class='ocrx_word' id='word_1_95' title='bbox 886 1649 922 1714; x_wconf 89' lang='lat' dir='ltr'>et</span> <span class='ocrx_word' id='word_1_96' title='bbox 939 1640 978 1713; x_wconf 91' lang='lat' dir='ltr'>in</span> <span class='ocrx_word' id='word_1_97' title='bbox 994 1639 1061 1714; x_wconf 92' lang='lat' dir='ltr'>hac</span> <span class='ocrx_word' id='word_1_98' title='bbox 1078 1639 1166 1713; x_wconf 91' lang='lat' dir='ltr'>urbe</span> <span class='ocrx_word' id='word_1_99' title='bbox 1184 1639 1221 1712; x_wconf 89' lang='lat' dir='ltr'>in</span> <span class='ocrx_word' id='word_1_100' title='bbox 1239 1640 1360 1714; x_wconf 88' lang='lat' dir='ltr'>causis</span> <span class='ocrx_word' id='word_1_101' title='bbox 1376 1640 1521 1716; x_wconf 86' lang='lat' dir='ltr'>talibus</span> 
     </span>
     <span class='ocr_line' id='line_1_13' title="bbox 290 1752 1522 1853; baseline 0.001 -26"><span class='ocrx_word' id='word_1_102' title='bbox 290 1775 412 1827; x_wconf 92' lang='lat' dir='ltr'>eorum</span> <span class='ocrx_word' id='word_1_103' title='bbox 430 1753 639 1829; x_wconf 83' lang='lat' dir='ltr'>sacellarius</span> <span class='ocrx_word' id='word_1_104' title='bbox 655 1779 724 1851; x_wconf 91' lang='lat' dir='ltr'>ego</span> <span class='ocrx_word' id='word_1_105' title='bbox 739 1781 831 1830; x_wconf 89' lang='lat' dir='ltr'>sum.</span> <span class='ocrx_word' id='word_1_106' title='bbox 844 1754 942 1828; x_wconf 90' lang='lat' dir='ltr'>Idem</span> <span class='ocrx_word' id='word_1_107' title='bbox 957 1752 1165 1828; x_wconf 87' lang='lat' dir='ltr'>Sebastiano</span> <span class='ocrx_word' id='word_1_108' title='bbox 1181 1753 1342 1853; x_wconf 89' lang='lat' dir='ltr'>episeopo</span> <span class='ocrx_word' id='word_1_109' title='bbox 1354 1753 1522 1830; x_wconf 87' lang='lat' dir='ltr'>Rimien·</span> 
     </span>
     <span class='ocr_line' id='line_1_14' title="bbox 289 1866 1523 1966; baseline 0.004 -27"><span class='ocrx_word' id='word_1_110' title='bbox 289 1867 330 1939; x_wconf 91' lang='lat' dir='ltr'>si.</span> <span class='ocrx_word' id='word_1_111' title='bbox 345 1870 392 1940; x_wconf 90' lang='lat' dir='ltr'>Et</span> <span class='ocrx_word' id='word_1_112' title='bbox 405 1889 477 1941; x_wconf 92' lang='lat' dir='ltr'>uno</span> <span class='ocrx_word' id='word_1_113' title='bbox 493 1878 650 1965; x_wconf 90' lang='lat' dir='ltr'>tempore</span> <span class='ocrx_word' id='word_1_114' title='bbox 667 1893 792 1943; x_wconf 90' lang='lat' dir='ltr'>curam</span> <span class='ocrx_word' id='word_1_115' title='bbox 810 1869 1055 1966; x_wconf 90' lang='lat' dir='ltr'>episcoporum</span> <span class='ocrx_word' id='word_1_116' title='bbox 1073 1877 1180 1965; x_wconf 89' lang='lat' dir='ltr'>atque</span> <span class='ocrx_word' id='word_1_117' title='bbox 1197 1866 1423 1956; x_wconf 90' lang='lat' dir='ltr'>clericorum,</span> <span class='ocrx_word' id='word_1_118' title='bbox 1441 1892 1523 1944; x_wconf 92' lang='lat' dir='ltr'>mo-</span> 
     </span>
     <span class='ocr_line' id='line_1_15' title="bbox 287 1979 1520 2079; baseline 0.004 -28"><span class='ocrx_word' id='word_1_119' title='bbox 287 1980 526 2054; x_wconf 87' lang='lat' dir='ltr'>nasteriorum</span> <span class='ocrx_word' id='word_1_120' title='bbox 545 2005 682 2079; x_wconf 89' lang='lat' dir='ltr'>quoque</span> <span class='ocrx_word' id='word_1_121' title='bbox 699 1991 736 2055; x_wconf 91' lang='lat' dir='ltr'>et</span> <span class='ocrx_word' id='word_1_122' title='bbox 752 1981 870 2079; x_wconf 91' lang='lat' dir='ltr'>populi</span> <span class='ocrx_word' id='word_1_123' title='bbox 887 2004 1021 2076; x_wconf 84' lang='lat' dir='ltr'>genere</span> <span class='ocrx_word' id='word_1_124' title='bbox 1042 1990 1166 2055; x_wconf 90' lang='lat' dir='ltr'>contra</span> <span class='ocrx_word' id='word_1_125' title='bbox 1184 1979 1341 2054; x_wconf 88' lang='lat' dir='ltr'>hostium</span> <span class='ocrx_word' id='word_1_126' title='bbox 1359 1980 1520 2056; x_wconf 87' lang='lat' dir='ltr'>insidias</span> 
     </span>
     <span class='ocr_line' id='line_1_16' title="bbox 287 2092 1520 2191; baseline 0 -23"><span class='ocrx_word' id='word_1_127' title='bbox 287 2093 465 2169; x_wconf 89' lang='lat' dir='ltr'>sollicitus</span> <span class='ocrx_word' id='word_1_128' title='bbox 490 2095 657 2191; x_wconf 88' lang='lat' dir='ltr'>vigilare,</span> <span class='ocrx_word' id='word_1_129' title='bbox 674 2105 798 2171; x_wconf 90' lang='lat' dir='ltr'>eontra</span> <span class='ocrx_word' id='word_1_130' title='bbox 822 2093 954 2169; x_wconf 89' lang='lat' dir='ltr'>dueum</span> <span class='ocrx_word' id='word_1_131' title='bbox 972 2092 1136 2168; x_wconf 86' lang='lat' dir='ltr'>fallacias</span> <span class='ocrx_word' id='word_1_132' title='bbox 1153 2104 1260 2191; x_wconf 86' lang='lat' dir='ltr'>atque</span> <span class='ocrx_word' id='word_1_133' title='bbox 1278 2093 1436 2168; x_wconf 89' lang='lat' dir='ltr'>malitias</span> <span class='ocrx_word' id='word_1_134' title='bbox 1452 2120 1520 2169; x_wconf 90' lang='lat' dir='ltr'>su·</span> 
     </span>
     <span class='ocr_line' id='line_1_17' title="bbox 287 2205 1522 2307; baseline 0.002 -27"><span class='ocrx_word' id='word_1_135' title='bbox 287 2217 448 2306; x_wconf 87' lang='lat' dir='ltr'>spectum</span> <span class='ocrx_word' id='word_1_136' title='bbox 467 2234 605 2307; x_wconf 89' lang='lat' dir='ltr'>semper</span> <span class='ocrx_word' id='word_1_137' title='bbox 626 2209 791 2298; x_wconf 81' lang='lat' dir='ltr'>existere,</span> <span class='ocrx_word' id='word_1_138' title='bbox 808 2209 913 2285; x_wconf 91' lang='lat' dir='ltr'>cuius</span> <span class='ocrx_word' id='word_1_139' title='bbox 938 2205 1068 2281; x_wconf 89' lang='lat' dir='ltr'>laboris</span> <span class='ocrx_word' id='word_1_140' title='bbox 1084 2214 1121 2281; x_wconf 91' lang='lat' dir='ltr'>et</span> <span class='ocrx_word' id='word_1_141' title='bbox 1136 2207 1264 2281; x_wconf 91' lang='lat' dir='ltr'>doloris</span> <span class='ocrx_word' id='word_1_142' title='bbox 1282 2207 1330 2282; x_wconf 91' lang='lat' dir='ltr'>sit</span> <span class='ocrx_word' id='word_1_143' title='bbox 1346 2206 1522 2282; x_wconf 81' lang='lat' dir='ltr'>fraterni·</span> 
     </span>
     <span class='ocr_line' id='line_1_18' title="bbox 287 2320 1521 2419; baseline 0.003 -26"><span class='ocrx_word' id='word_1_144' title='bbox 287 2331 343 2394; x_wconf 88' lang='lat' dir='ltr'>tas</span> <span class='ocrx_word' id='word_1_145' title='bbox 360 2333 482 2396; x_wconf 87' lang='lat' dir='ltr'>vestra</span> <span class='ocrx_word' id='word_1_146' title='bbox 498 2332 598 2398; x_wconf 89' lang='lat' dir='ltr'>tanto</span> <span class='ocrx_word' id='word_1_147' title='bbox 615 2324 739 2396; x_wconf 85' lang='lat' dir='ltr'>verius</span> <span class='ocrx_word' id='word_1_148' title='bbox 763 2331 900 2419; x_wconf 88' lang='lat' dir='ltr'>pensat,</span> <span class='ocrx_word' id='word_1_149' title='bbox 917 2329 1050 2418; x_wconf 89' lang='lat' dir='ltr'>quanto</span> <span class='ocrx_word' id='word_1_150' title='bbox 1076 2346 1134 2396; x_wconf 89' lang='lat' dir='ltr'>me</span> <span class='ocrx_word' id='word_1_151' title='bbox 1159 2320 1219 2418; x_wconf 90' lang='lat' dir='ltr'>qui</span> <span class='ocrx_word' id='word_1_152' title='bbox 1237 2320 1304 2396; x_wconf 91' lang='lat' dir='ltr'>hoc</span> <span class='ocrx_word' id='word_1_153' title='bbox 1321 2321 1436 2418; x_wconf 87' lang='lat' dir='ltr'>patior</span> <span class='ocrx_word' id='word_1_154' title='bbox 1452 2347 1521 2397; x_wconf 88' lang='lat' dir='ltr'>ve-</span> 
     </span>
     <span class='ocr_line' id='line_1_19' title="bbox 290 2432 1519 2530; baseline 0.003 -26"><span class='ocrx_word' id='word_1_155' title='bbox 290 2432 366 2507; x_wconf 88' lang='lat' dir='ltr'>rius</span> <span class='ocrx_word' id='word_1_156' title='bbox 395 2445 503 2509; x_wconf 89' lang='lat' dir='ltr'>amat.</span> <span class='ocrx_word' id='word_1_157' title='bbox 520 2437 616 2510; x_wconf 89' lang='lat' dir='ltr'>Idem</span> <span class='ocrx_word' id='word_1_158' title='bbox 636 2435 839 2511; x_wconf 85' lang='lat' dir='ltr'>llaureutio</span> <span class='ocrx_word' id='word_1_159' title='bbox 867 2443 904 2509; x_wconf 92' lang='lat' dir='ltr'>et</span> <span class='ocrx_word' id='word_1_160' title='bbox 922 2432 1106 2507; x_wconf 90' lang='lat' dir='ltr'>Vitaliano</span> <span class='ocrx_word' id='word_1_161' title='bbox 1135 2433 1322 2530; x_wconf 90' lang='lat' dir='ltr'>magistris</span> <span class='ocrx_word' id='word_1_162' title='bbox 1353 2433 1519 2508; x_wconf 91' lang='lat' dir='ltr'>militum</span> 
     </span>
     <span class='ocr_line' id='line_1_20' title="bbox 287 2544 1520 2645; baseline 0.005 -28"><span class='ocrx_word' id='word_1_163' title='bbox 287 2544 381 2620; x_wconf 91' lang='lat' dir='ltr'>inter</span> <span class='ocrx_word' id='word_1_164' title='bbox 398 2557 526 2624; x_wconf 89' lang='lat' dir='ltr'>cetera.</span> <span class='ocrx_word' id='word_1_165' title='bbox 544 2548 740 2624; x_wconf 89' lang='lat' dir='ltr'>Undecimo</span> <span class='ocrx_word' id='word_1_166' title='bbox 765 2548 821 2622; x_wconf 92' lang='lat' dir='ltr'>die</span> <span class='ocrx_word' id='word_1_167' title='bbox 848 2546 981 2623; x_wconf 91' lang='lat' dir='ltr'>mensis</span> <span class='ocrx_word' id='word_1_168' title='bbox 999 2545 1095 2627; x_wconf 86' lang='lat' dir='ltr'>Iunii</span> <span class='ocrx_word' id='word_1_169' title='bbox 1114 2545 1303 2620; x_wconf 86' lang='lat' dir='ltr'>Hariullus</span> <span class='ocrx_word' id='word_1_170' title='bbox 1328 2545 1423 2622; x_wconf 87' lang='lat' dir='ltr'>hanc</span> <span class='ocrx_word' id='word_1_171' title='bbox 1440 2549 1520 2645; x_wconf 91' lang='lat' dir='ltr'>epi·</span> 
     </span>
     <span class='ocr_line' id='line_1_21' title="bbox 287 2658 1523 2758; baseline 0.005 -27"><span class='ocrx_word' id='word_1_172' title='bbox 287 2658 414 2733; x_wconf 89' lang='lat' dir='ltr'>stolam</span> <span class='ocrx_word' id='word_1_173' title='bbox 438 2686 546 2758; x_wconf 91' lang='lat' dir='ltr'>quam</span> <span class='ocrx_word' id='word_1_174' title='bbox 564 2661 664 2736; x_wconf 87' lang='lat' dir='ltr'>vobis</span> <span class='ocrx_word' id='word_1_175' title='bbox 681 2662 890 2749; x_wconf 83' lang='lat' dir='ltr'>direximus,</span> <span class='ocrx_word' id='word_1_176' title='bbox 918 2658 1128 2734; x_wconf 89' lang='lat' dir='ltr'>transmisit.</span> <span class='ocrx_word' id='word_1_177' title='bbox 1146 2663 1193 2735; x_wconf 85' lang='lat' dir='ltr'>Et</span> <span class='ocrx_word' id='word_1_178' title='bbox 1216 2659 1294 2734; x_wconf 87' lang='lat' dir='ltr'>ideo</span> <span class='ocrx_word' id='word_1_179' title='bbox 1310 2660 1523 2755; x_wconf 87' lang='lat' dir='ltr'>relegentes</span> 
     </span>
     <span class='ocr_line' id='line_1_22' title="bbox 288 2773 1520 2884; baseline 0.005 -38"><span class='ocrx_word' id='word_1_180' title='bbox 288 2796 377 2861; x_wconf 90' lang='lat' dir='ltr'>eam,</span> <span class='ocrx_word' id='word_1_181' title='bbox 400 2774 517 2850; x_wconf 88' lang='lat' dir='ltr'>videte</span> <span class='ocrx_word' id='word_1_182' title='bbox 534 2776 565 2851; x_wconf 91' lang='lat' dir='ltr'>si</span> <span class='ocrx_word' id='word_1_183' title='bbox 582 2776 620 2849; x_wconf 91' lang='lat' dir='ltr'>in</span> <span class='ocrx_word' id='word_1_184' title='bbox 639 2775 706 2850; x_wconf 89' lang='lat' dir='ltr'>fide</span> <span class='ocrx_word' id='word_1_185' title='bbox 731 2801 797 2849; x_wconf 89' lang='lat' dir='ltr'>sua</span> <span class='ocrx_word' id='word_1_186' title='bbox 815 2778 1018 2849; x_wconf 87' lang='lat' dir='ltr'>Suanenses</span> <span class='ocrx_word' id='word_1_187' title='bbox 1046 2799 1154 2884; x_wconf 88' lang='lat' dir='ltr'>quam</span> <span class='ocrx_word' id='word_1_188' title='bbox 1173 2778 1329 2848; x_wconf 87' lang='lat' dir='ltr'>Romano</span> <span class='ocrx_word' id='word_1_189' title='bbox 1346 2773 1520 2851; x_wconf 84' lang='lat' dir='ltr'>Pontifici</span> 
     </span>
     <span class='ocr_line' id='line_1_23' title="bbox 289 2887 1520 2988; baseline 0.003 -28"><span class='ocrx_word' id='word_1_190' title='bbox 289 2888 530 2983; x_wconf 89' lang='lat' dir='ltr'>promiserunt</span> <span class='ocrx_word' id='word_1_191' title='bbox 558 2890 790 2988; x_wconf 89' lang='lat' dir='ltr'>perstiterint.</span> <span class='ocrx_word' id='word_1_192' title='bbox 807 2887 955 2964; x_wconf 89' lang='lat' dir='ltr'>Obsides</span> <span class='ocrx_word' id='word_1_193' title='bbox 980 2888 1109 2983; x_wconf 92' lang='lat' dir='ltr'>dignos</span> <span class='ocrx_word' id='word_1_194' title='bbox 1137 2889 1180 2963; x_wconf 90' lang='lat' dir='ltr'>de</span> <span class='ocrx_word' id='word_1_195' title='bbox 1208 2888 1339 2985; x_wconf 88' lang='lat' dir='ltr'>quibus</span> <span class='ocrx_word' id='word_1_196' title='bbox 1367 2887 1520 2984; x_wconf 86' lang='lat' dir='ltr'>possitis</span> 
     </span>
     <span class='ocr_line' id='line_1_24' title="bbox 291 3002 1520 3101; baseline 0.004 -27"><span class='ocrx_word' id='word_1_197' title='bbox 291 3002 466 3078; x_wconf 89' lang='lat' dir='ltr'>confidere</span> <span class='ocrx_word' id='word_1_198' title='bbox 483 3004 529 3077; x_wconf 87' lang='lat' dir='ltr'>ab</span> <span class='ocrx_word' id='word_1_199' title='bbox 544 3004 596 3078; x_wconf 89' lang='lat' dir='ltr'>eis</span> <span class='ocrx_word' id='word_1_200' title='bbox 612 3004 784 3101; x_wconf 86' lang='lat' dir='ltr'>percipite</span> <span class='ocrx_word' id='word_1_201' title='bbox 797 3013 834 3079; x_wconf 91' lang='lat' dir='ltr'>et</span> <span class='ocrx_word' id='word_1_202' title='bbox 846 3003 992 3100; x_wconf 91' lang='lat' dir='ltr'>insuper</span> <span class='ocrx_word' id='word_1_203' title='bbox 1006 3003 1121 3078; x_wconf 89' lang='lat' dir='ltr'>denuo</span> <span class='ocrx_word' id='word_1_204' title='bbox 1133 3003 1368 3078; x_wconf 78' lang='lat' dir='ltr'>sacramentis</span> <span class='ocrx_word' id='word_1_205' title='bbox 1380 3002 1520 3079; x_wconf 89' lang='lat' dir='ltr'>astrin-</span> 
     </span>
     <span class='ocr_line' id='line_1_25' title="bbox 287 3114 1596 3216; baseline 0.004 -29"><span class='ocrx_word' id='word_1_206' title='bbox 287 3114 375 3210; x_wconf 88' lang='lat' dir='ltr'>gite,</span> <span class='ocrx_word' id='word_1_207' title='bbox 393 3117 578 3193; x_wconf 89' lang='lat' dir='ltr'>reddentes</span> <span class='ocrx_word' id='word_1_208' title='bbox 595 3118 646 3193; x_wconf 89' lang='lat' dir='ltr'>eis</span> <span class='ocrx_word' id='word_1_209' title='bbox 664 3118 755 3216; x_wconf 92' lang='lat' dir='ltr'>quod</span> <span class='ocrx_word' id='word_1_210' title='bbox 773 3118 848 3193; x_wconf 93' lang='lat' dir='ltr'>loco</span> <span class='ocrx_word' id='word_1_211' title='bbox 865 3116 1026 3216; x_wconf 89' lang='lat' dir='ltr'>pignoris</span> <span class='ocrx_word' id='word_1_212' title='bbox 1050 3116 1262 3206; x_wconf 85' lang='lat' dir='ltr'>sustulistis,</span> <span class='ocrx_word' id='word_1_213' title='bbox 1278 3125 1317 3192; x_wconf 92' lang='lat' dir='ltr'>et</span> <span class='ocrx_word' id='word_1_214' title='bbox 1340 3118 1519 3192; x_wconf 90' lang='lat' dir='ltr'>sermoni·</span> <span class='ocrx_word' id='word_1_215' title='bbox 1591 3155 1596 3163; x_wconf 94' lang='lat'><em>·</em></span> 
     </span>
     <span class='ocr_line' id='line_1_26' title="bbox 286 3227 1518 3328; baseline 0.006 -27"><span class='ocrx_word' id='word_1_216' title='bbox 286 3227 354 3302; x_wconf 87' lang='lat' dir='ltr'>bus</span> <span class='ocrx_word' id='word_1_217' title='bbox 373 3231 505 3305; x_wconf 90' lang='lat' dir='ltr'>vestris</span> <span class='ocrx_word' id='word_1_218' title='bbox 522 3255 581 3306; x_wconf 89' lang='lat' dir='ltr'>eos</span> <span class='ocrx_word' id='word_1_219' title='bbox 601 3241 734 3306; x_wconf 87' lang='lat' dir='ltr'>sanate.</span> <span class='ocrx_word' id='word_1_220' title='bbox 752 3231 790 3305; x_wconf 84' lang='lat' dir='ltr'>Si</span> <span class='ocrx_word' id='word_1_221' title='bbox 811 3240 933 3305; x_wconf 87' lang='lat' dir='ltr'>autem</span> <span class='ocrx_word' id='word_1_222' title='bbox 956 3231 1247 3306; x_wconf 85' lang='lat' dir='ltr'>manifestissime</span> <span class='ocrx_word' id='word_1_223' title='bbox 1259 3231 1518 3328; x_wconf 86' lang='lat' dir='ltr'>cognoveritis</span> 
     </span>
     <span class='ocr_line' id='line_1_27' title="bbox 286 3342 1518 3433; baseline 0.007 -20"><span class='ocrx_word' id='word_1_224' title='bbox 286 3362 345 3413; x_wconf 89' lang='lat' dir='ltr'>eos</span> <span class='ocrx_word' id='word_1_225' title='bbox 369 3366 453 3416; x_wconf 90' lang='lat' dir='ltr'>eum</span> <span class='ocrx_word' id='word_1_226' title='bbox 472 3342 614 3418; x_wconf 82' lang='lat' dir='ltr'>Ariulfo</span> <span class='ocrx_word' id='word_1_227' title='bbox 638 3344 680 3418; x_wconf 92' lang='lat' dir='ltr'>de</span> <span class='ocrx_word' id='word_1_228' title='bbox 697 3369 762 3418; x_wconf 88' lang='lat' dir='ltr'>sua</span> <span class='ocrx_word' id='word_1_229' title='bbox 792 3342 992 3420; x_wconf 88' lang='lat' dir='ltr'>subditione</span> <span class='ocrx_word' id='word_1_230' title='bbox 1022 3343 1159 3420; x_wconf 88' lang='lat' dir='ltr'>locutos</span> <span class='ocrx_word' id='word_1_231' title='bbox 1186 3345 1308 3433; x_wconf 90' lang='lat' dir='ltr'>fuisse,</span> <span class='ocrx_word' id='word_1_232' title='bbox 1325 3344 1384 3420; x_wconf 91' lang='grc'><strong>1101</strong></span> <span class='ocrx_word' id='word_1_233' title='bbox 1411 3355 1518 3422; x_wconf 86' lang='lat' dir='ltr'>certe</span> 
     </span>
     <span class='ocr_line' id='line_1_28' title="bbox 287 3453 1519 3554; baseline 0.004 -27"><span class='ocrx_word' id='word_1_234' title='bbox 287 3453 425 3529; x_wconf 86' lang='lat' dir='ltr'>obsides</span> <span class='ocrx_word' id='word_1_235' title='bbox 442 3456 475 3530; x_wconf 94' lang='lat' dir='ltr'>ei</span> <span class='ocrx_word' id='word_1_236' title='bbox 488 3454 637 3546; x_wconf 90' lang='lat' dir='ltr'>dedisse,</span> <span class='ocrx_word' id='word_1_237' title='bbox 646 3456 741 3532; x_wconf 90' lang='lat' dir='ltr'>sieut</span> <span class='ocrx_word' id='word_1_238' title='bbox 753 3480 817 3532; x_wconf 88' lang='lat' dir='ltr'>nos</span> <span class='ocrx_word' id='word_1_239' title='bbox 828 3453 956 3531; x_wconf 85' lang='lat' dir='ltr'>Ariulfi</span> <span class='ocrx_word' id='word_1_240' title='bbox 971 3455 1118 3552; x_wconf 85' lang='lat' dir='ltr'>epistola</span> <span class='ocrx_word' id='word_1_241' title='bbox 1135 3481 1244 3554; x_wconf 91' lang='lat' dir='ltr'>quam</span> <span class='ocrx_word' id='word_1_242' title='bbox 1262 3457 1363 3532; x_wconf 88' lang='lat' dir='ltr'>nobis</span> <span class='ocrx_word' id='word_1_243' title='bbox 1379 3456 1519 3532; x_wconf 86' lang='lat' dir='ltr'>direxit</span> 
     </span>
     <span class='ocr_line' id='line_1_29' title="bbox 288 3565 1519 3668; baseline 0.006 -30"><span class='ocrx_word' id='word_1_244' title='bbox 288 3565 414 3641; x_wconf 90' lang='lat' dir='ltr'>dubios</span> <span class='ocrx_word' id='word_1_245' title='bbox 440 3568 565 3655; x_wconf 89' lang='lat' dir='ltr'>reddit,</span> <span class='ocrx_word' id='word_1_246' title='bbox 582 3567 717 3643; x_wconf 88' lang='lat' dir='ltr'>salubri</span> <span class='ocrx_word' id='word_1_247' title='bbox 738 3570 887 3643; x_wconf 90' lang='lat' dir='ltr'>consilio</span> <span class='ocrx_word' id='word_1_248' title='bbox 903 3578 1163 3664; x_wconf 89' lang='lat' dir='ltr'>pertractantes</span> <span class='ocrx_word' id='word_1_249' title='bbox 1179 3596 1224 3647; x_wconf 91' lang='lat' dir='ltr'>ne</span> <span class='ocrx_word' id='word_1_250' title='bbox 1242 3571 1279 3645; x_wconf 90' lang='lat' dir='ltr'>in</span> <span class='ocrx_word' id='word_1_251' title='bbox 1298 3570 1419 3668; x_wconf 87' lang='lat' dir='ltr'>aliquo</span> <span class='ocrx_word' id='word_1_252' title='bbox 1435 3572 1519 3645; x_wconf 89' lang='lat' dir='ltr'>ani-</span> 
     </span>
     <span class='ocr_line' id='line_1_30' title="bbox 287 3682 1516 3782; baseline 0.009 -32"><span class='ocrx_word' id='word_1_253' title='bbox 287 3703 345 3750; x_wconf 86' lang='grc'><strong>1110</strong></span> <span class='ocrx_word' id='word_1_254' title='bbox 363 3690 484 3755; x_wconf 89' lang='lat' dir='ltr'>vestra</span> <span class='ocrx_word' id='word_1_255' title='bbox 501 3690 538 3755; x_wconf 89' lang='lat' dir='ltr'>et</span> <span class='ocrx_word' id='word_1_256' title='bbox 554 3691 676 3756; x_wconf 83' lang='lat' dir='ltr'>nostra</span> <span class='ocrx_word' id='word_1_257' title='bbox 693 3682 736 3757; x_wconf 90' lang='lat' dir='ltr'>de</span> <span class='ocrx_word' id='word_1_258' title='bbox 762 3682 998 3759; x_wconf 85' lang='lat' dir='ltr'>sacramentis</span> <span class='ocrx_word' id='word_1_259' title='bbox 1021 3695 1207 3779; x_wconf 86' lang='lat' dir='ltr'>gravetur,</span> <span class='ocrx_word' id='word_1_260' title='bbox 1224 3684 1394 3782; x_wconf 91' lang='lat' dir='ltr'>quicquid</span> <span class='ocrx_word' id='word_1_261' title='bbox 1417 3684 1516 3761; x_wconf 87' lang='lat' dir='ltr'>utile</span> 
     </span>
     <span class='ocr_line' id='line_1_31' title="bbox 287 3794 1516 3891; baseline 0.003 -25"><span class='ocrx_word' id='word_1_262' title='bbox 287 3794 444 3868; x_wconf 88' lang='lat' dir='ltr'>Romano</span> <span class='ocrx_word' id='word_1_263' title='bbox 461 3795 625 3870; x_wconf 86' lang='lat' dir='ltr'>Pontifici</span> <span class='ocrx_word' id='word_1_264' title='bbox 643 3795 891 3871; x_wconf 85' lang='lat' dir='ltr'>iudicaveritis</span> <span class='ocrx_word' id='word_1_265' title='bbox 915 3797 1087 3891; x_wconf 88' lang='lat' dir='ltr'>peragite.</span> <span class='ocrx_word' id='word_1_266' title='bbox 1105 3797 1174 3870; x_wconf 85' lang='lat' dir='ltr'>Sed</span> <span class='ocrx_word' id='word_1_267' title='bbox 1199 3796 1249 3870; x_wconf 89' lang='lat' dir='ltr'>ita</span> <span class='ocrx_word' id='word_1_268' title='bbox 1266 3795 1376 3872; x_wconf 84' lang='lat' dir='ltr'>faciat</span> <span class='ocrx_word' id='word_1_269' title='bbox 1392 3794 1516 3891; x_wconf 84' lang='lat' dir='ltr'>gloria</span> 
     </span>
     <span class='ocr_line' id='line_1_32' title="bbox 287 3907 1516 4006; baseline 0.005 -28"><span class='ocrx_word' id='word_1_270' title='bbox 287 3914 419 3994; x_wconf 85' lang='lat' dir='ltr'>vestra,</span> <span class='ocrx_word' id='word_1_271' title='bbox 436 3916 478 3981; x_wconf 92' lang='lat' dir='ltr'>ut</span> <span class='ocrx_word' id='word_1_272' title='bbox 495 3932 609 4006; x_wconf 89' lang='lat' dir='ltr'>neque</span> <span class='ocrx_word' id='word_1_273' title='bbox 627 3909 675 3982; x_wconf 90' lang='lat' dir='ltr'>sit</span> <span class='ocrx_word' id='word_1_274' title='bbox 692 3907 828 4006; x_wconf 86' lang='lat' dir='ltr'>aliquid</span> <span class='ocrx_word' id='word_1_275' title='bbox 847 3911 942 3985; x_wconf 90' lang='lat' dir='ltr'>unde</span> <span class='ocrx_word' id='word_1_276' title='bbox 959 3932 1146 4005; x_wconf 89' lang='lat' dir='ltr'>possumus</span> <span class='ocrx_word' id='word_1_277' title='bbox 1161 3909 1207 3983; x_wconf 87' lang='lat' dir='ltr'>ab</span> <span class='ocrx_word' id='word_1_278' title='bbox 1223 3908 1439 3984; x_wconf 88' lang='lat' dir='ltr'>adversariis</span> <span class='ocrx_word' id='word_1_279' title='bbox 1457 3934 1516 3984; x_wconf 89' lang='lat' dir='ltr'>re·</span> 
     </span>
     <span class='ocr_line' id='line_1_33' title="bbox 288 4018 1516 4119; baseline 0.007 -29"><span class='ocrx_word' id='word_1_280' title='bbox 288 4018 458 4115; x_wconf 88' lang='lat' dir='ltr'>prehendi</span> <span class='ocrx_word' id='word_1_281' title='bbox 477 4045 592 4118; x_wconf 88' lang='lat' dir='ltr'>neque</span> <span class='ocrx_word' id='word_1_282' title='bbox 610 4021 647 4094; x_wconf 93' lang='lat' dir='ltr'>in</span> <span class='ocrx_word' id='word_1_283' title='bbox 667 4046 736 4119; x_wconf 91' lang='lat' dir='ltr'>quo</span> <span class='ocrx_word' id='word_1_284' title='bbox 754 4021 893 4097; x_wconf 73' lang='lat' dir='ltr'>utilitas</span> <span class='ocrx_word' id='word_1_285' title='bbox 909 4022 1060 4095; x_wconf 86' lang='lat' dir='ltr'>Romani</span> <span class='ocrx_word' id='word_1_286' title='bbox 1077 4020 1260 4096; x_wconf 87' lang='lat' dir='ltr'>Pontificis</span> <span class='ocrx_word' id='word_1_287' title='bbox 1285 4021 1400 4117; x_wconf 84' lang='lat' dir='ltr'>exigit</span> <span class='ocrx_word' id='word_1_288' title='bbox 1416 4023 1516 4118; x_wconf 91' lang='lat' dir='ltr'>quod</span> 
     </span>
     <span class='ocr_line' id='line_1_34' title="bbox 287 4132 1515 4230; baseline 0.004 -28"><span class='ocrx_word' id='word_1_289' title='bbox 287 4142 429 4206; x_wconf 85' lang='lat' dir='ltr'>avertat</span> <span class='ocrx_word' id='word_1_290' title='bbox 446 4134 619 4208; x_wconf 90' lang='lat' dir='ltr'>Dominus</span> <span class='ocrx_word' id='word_1_291' title='bbox 637 4135 864 4230; x_wconf 89' lang='lat' dir='ltr'>neglegatur.</span> <span class='ocrx_word' id='word_1_292' title='bbox 882 4137 1047 4209; x_wconf 87' lang='lat' dir='ltr'>Preterea</span> <span class='ocrx_word' id='word_1_293' title='bbox 1068 4132 1215 4229; x_wconf 92' lang='lat' dir='ltr'>gloriosi</span> <span class='ocrx_word' id='word_1_294' title='bbox 1233 4132 1297 4206; x_wconf 88' lang='lat' dir='ltr'>filii</span> <span class='ocrx_word' id='word_1_295' title='bbox 1315 4142 1427 4208; x_wconf 89' lang='lat' dir='ltr'>estote</span> <span class='ocrx_word' id='word_1_296' title='bbox 1442 4133 1515 4207; x_wconf 92' lang='lat' dir='ltr'>sol-</span> 
     </span>
     <span class='ocr_line' id='line_1_35' title="bbox 288 4241 1515 4346; baseline 0.003 -31"><span class='ocrx_word' id='word_1_297' title='bbox 288 4241 390 4332; x_wconf 82' lang='lat' dir='ltr'>liciti,</span> <span class='ocrx_word' id='word_1_298' title='bbox 403 4247 488 4341; x_wconf 86' lang='lat' dir='ltr'>quia</span> <span class='ocrx_word' id='word_1_299' title='bbox 504 4257 680 4344; x_wconf 89' lang='lat' dir='ltr'>quantum</span> <span class='ocrx_word' id='word_1_300' title='bbox 699 4248 846 4346; x_wconf 85' lang='lat' dir='ltr'>corpori,</span> <span class='ocrx_word' id='word_1_301' title='bbox 862 4247 998 4322; x_wconf 88' lang='lat' dir='ltr'>hostem</span> <span class='ocrx_word' id='word_1_302' title='bbox 1017 4245 1204 4321; x_wconf 78' lang='lat' dir='ltr'>collectam</span> <span class='ocrx_word' id='word_1_303' title='bbox 1222 4246 1328 4321; x_wconf 85' lang='lat' dir='ltr'>habet</span> <span class='ocrx_word' id='word_1_304' title='bbox 1344 4255 1381 4320; x_wconf 90' lang='lat' dir='ltr'>et</span> <span class='ocrx_word' id='word_1_305' title='bbox 1397 4244 1434 4319; x_wconf 92' lang='lat' dir='ltr'>in</span> <span class='ocrx_word' id='word_1_306' title='bbox 1452 4271 1515 4320; x_wconf 88' lang='grc'><strong>01·-</strong></span> 
     </span>
     <span class='ocr_line' id='line_1_36' title="bbox 288 4356 1515 4447; baseline 0.005 -18"><span class='ocrx_word' id='word_1_307' title='bbox 288 4356 357 4431; x_wconf 90' lang='lat' dir='ltr'>mis</span> <span class='ocrx_word' id='word_1_308' title='bbox 373 4357 507 4432; x_wconf 90' lang='lat' dir='ltr'>dicitur</span> <span class='ocrx_word' id='word_1_309' title='bbox 524 4359 689 4447; x_wconf 87' lang='lat' dir='ltr'>residere,</span> <span class='ocrx_word' id='word_1_310' title='bbox 709 4371 749 4434; x_wconf 93' lang='lat' dir='ltr'>ut</span> <span class='ocrx_word' id='word_1_311' title='bbox 773 4361 803 4435; x_wconf 90' lang='lat' dir='ltr'>si</span> <span class='ocrx_word' id='word_1_312' title='bbox 822 4360 895 4436; x_wconf 89' lang='lat' dir='ltr'>huo</span> <span class='ocrx_word' id='word_1_313' title='bbox 920 4384 1044 4434; x_wconf 89' lang='lat' dir='ltr'>cursor</span> <span class='ocrx_word' id='word_1_314' title='bbox 1061 4358 1211 4434; x_wconf 90' lang='lat' dir='ltr'>Domino</span> <span class='ocrx_word' id='word_1_315' title='bbox 1234 4358 1303 4433; x_wconf 91' lang='lat' dir='ltr'>sibi</span> <span class='ocrx_word' id='word_1_316' title='bbox 1320 4359 1411 4432; x_wconf 90' lang='lat' dir='ltr'>irato</span> <span class='ocrx_word' id='word_1_317' title='bbox 1428 4359 1515 4435; x_wconf 86' lang='lat' dir='ltr'>mit-</span> 
     </span>
     <span class='ocr_line' id='line_1_37' title="bbox 286 4467 1514 4570; baseline 0.005 -28"><span class='ocrx_word' id='word_1_318' title='bbox 286 4479 360 4542; x_wconf 89' lang='lat' dir='ltr'>tere</span> <span class='ocrx_word' id='word_1_319' title='bbox 379 4467 543 4558; x_wconf 83' lang='lat' dir='ltr'>voluerit,</span> <span class='ocrx_word' id='word_1_320' title='bbox 560 4495 624 4544; x_wconf 88' lang='lat' dir='ltr'>vos</span> <span class='ocrx_word' id='word_1_321' title='bbox 647 4470 724 4546; x_wconf 81' lang='lat' dir='ltr'>loce</span> <span class='ocrx_word' id='word_1_322' title='bbox 740 4472 854 4570; x_wconf 87' lang='lat' dir='ltr'>ipsius</span> <span class='ocrx_word' id='word_1_323' title='bbox 870 4483 1046 4570; x_wconf 87' lang='lat' dir='ltr'>quantum</span> <span class='ocrx_word' id='word_1_324' title='bbox 1065 4474 1238 4548; x_wconf 89' lang='lat' dir='ltr'>Dominus</span> <span class='ocrx_word' id='word_1_325' title='bbox 1254 4471 1434 4547; x_wconf 86' lang='lat' dir='ltr'>adiuverit</span> <span class='ocrx_word' id='word_1_326' title='bbox 1451 4473 1514 4548; x_wconf 89' lang='lat' dir='ltr'>de·</span> 
     </span>
    </p>
   </div>
   <div class='ocr_carea' id='block_1_3' title="bbox 0 0 1808 5498">
    <p class='ocr_par' dir='ltr' id='par_1_3' title="bbox 0 0 1808 5498">
     <span class='ocr_line' id='line_1_38' title="bbox 0 0 1808 5498; baseline 0 1"><span class='ocrx_word' id='word_1_327' title='bbox 0 0 1808 5498; x_wconf 95' lang='lat' dir='ltr'> </span> 
     </span>
    </p>
   </div>
  </div>
 </body>
</html>
