3608 5498
804 384 1001 449 -4r1-

814 536 982 622 uxunss.

536 713 752 765 Valentiniani
770 712 946 767 Theodosii
963 713 1115 768 Archadii
1132 726 1205 780 cap.
1224 717 1258 767 L.

389 846 566 919 Continua
584 846 664 941 lege
681 847 862 920 sancimus
884 859 925 921 ut
948 848 1073 923 nullus
1090 850 1354 950 Episcoporum,
1374 850 1432 928 vel
1453 874 1507 925 eo-

293 982 373 1030 rum
403 958 465 1055 qui
496 959 666 1033 aecclesiae
686 959 960 1033 necessitatibus
984 961 1171 1035 servimini
1195 964 1239 1037 ad
1268 963 1401 1038 iudicia
1429 964 1506 1039 sive

292 1070 549 1145 ordinariorum
568 1071 740 1146 iudicium
758 1073 1020 1171 protrahantur,
1036 1073 1169 1150 habent
1189 1074 1244 1148 illi
1261 1099 1343 1150 suos
1359 1076 1506 1166 iudices

292 1207 359 1257 nec
375 1183 567 1282 quicquam
583 1183 640 1258 his
657 1184 811 1281 publicis
828 1208 1016 1262 commune
1033 1212 1117 1262 cum
1136 1188 1287 1285 legibus.

834 1347 964 1433 oliv.

403 1497 453 1547 Ex
471 1497 502 1546 11
524 1495 608 1550 llbro
625 1496 843 1549 institutorum
863 1496 1069 1562 imperatorrs
1088 1499 1254 1553 Iustiniani
1271 1511 1344 1565 cap.
1364 1501 1397 1549 L.

386 1629 533 1704 Nullius
549 1639 669 1705 autem
687 1639 772 1703 sunt
789 1656 844 1706 res
857 1656 958 1706 sacre
970 1641 1005 1707 et
1020 1632 1185 1729 religiose
1201 1644 1236 1709 et
1249 1644 1391 1709 sanctae.
1405 1634 1505 1721 Quod

289 1743 386 1818 enim
399 1743 512 1816 divini
530 1744 620 1819 iuris
638 1754 702 1833 est,
719 1744 755 1820 id
772 1744 910 1819 nullius
927 1744 966 1818 in
983 1744 1085 1819 bonis
1098 1756 1161 1821 cst.
1176 1750 1295 1822 Sacrae
1312 1756 1409 1835 sunt,
1426 1770 1505 1844 quae

294 1854 361 1931 rite
375 1864 411 1930 et
424 1879 484 1953 per
497 1859 681 1954 pontifices
695 1860 767 1933 Deo
783 1869 987 1934 consecrata
1005 1870 1099 1933 sunt.
1118 1859 1241 1936 Veluti
1258 1862 1340 1935 edes
1357 1885 1456 1935 sacre
1469 1869 1506 1935 et

289 1968 390 2056 dona,
407 1993 486 2066 quae
503 1970 570 2046 rite
587 1971 633 2045 ad
649 1971 886 2046 ministerium
904 1972 970 2046 Dei
995 1971 1156 2047 dedicata
1174 1983 1268 2047 sunt.
1285 1976 1372 2059 Qum
1395 1973 1504 2048 etiam

291 2104 354 2178 per
370 2091 527 2156 nostram
545 2083 835 2159 constitutionem
852 2083 1002 2158 alienari
1019 2095 1064 2159 et'
1079 2084 1233 2179 obligari
1259 2083 1505 2182 prohibuimus

292 2205 440 2293 excepta
459 2197 697 2296 redemptione
714 2198 949 2294 captivorum.
963 2199 1001 2270 Si
1019 2198 1100 2295 quis
1116 2221 1201 2274 uero
1213 2199 1425 2273 auctoritate
1443 2223 1508 2271 sua

293 2307 395 2404 quasi
413 2312 554 2383 sacruni
573 2309 640 2383 sibi
658 2309 895 2400 constituerit,
912 2336 1053 2385 sacrum
1067 2334 1138 2385 non
1152 2321 1216 2401 est,
1229 2311 1505 2415 sedprofanum.

288 2423 403 2494 Locus
421 2431 541 2497 autern
560 2422 597 2494 in
616 2446 684 2520 quo
702 2448 801 2498 sacre
817 2423 900 2498 edes
916 2424 1078 2499 edificate
1096 2434 1190 2498 sunt.
1209 2428 1348 2498 Sancta
1366 2447 1504 2521 quoquc

289 2558 346 2607 uos
359 2534 473 2609 veluti
488 2535 580 2608 muri
594 2546 630 2611 ct
647 2545 754 2634 porte,
765 2536 1018 2633 quodammodo
1032 2536 1145 2610 divini
1159 2536 1249 2610 iuris
1265 2545 1361 2624 sunt,
1374 2546 1410 2610 et
1427 2536 1504 2610 idco

289 2644 427 2720 nullius
444 2646 482 2718 in
500 2646 600 2720 bonis
613 2648 796 2722 sunuldeo
808 2658 928 2722 autem
947 2672 1067 2723 muros
1084 2658 1225 2722 sanctos
1242 2648 1407 2739 dicimus,
1419 2648 1504 2747 quia

289 2781 379 2854 pena
389 2758 516 2855 capitis
526 2760 719 2835 constituta
728 2761 775 2834 sit
784 2760 823 2833 in
833 2783 891 2835 eos
904 2761 965 2858 qui
975 2762 1112 2859 aliquid
1120 2761 1158 2836 in
1168 2784 1272 2836 muro
1280 2761 1503 2860 deliquerint.

821 2925 969 3009 cxlvi

401 3128 404 3133 .
509 3071 559 3121 Ex
577 3072 591 3121 1
608 3070 664 3123 lib.
685 3082 757 3135 cap.
777 3070 889 3122 Karoli
908 3071 942 3122 et
958 3071 1044 3123 uniet
1060 3069 1274 3134 imperatoris.

384 3208 574 3280 Sacrorum
592 3228 767 3279 canonum
785 3229 855 3280 non
873 3205 1004 3300 ignari,
1021 3213 1062 3278 ut
1079 3205 1118 3277 in
1136 3206 1201 3280 Dei
1219 3206 1361 3281 nomine
1377 3216 1503 3282 saneta

289 3316 441 3393 ecclesia
459 3340 523 3390 suo
540 3315 687 3391 liberius
708 3318 863 3414 potiatur
888 3315 1028 3406 honore,
1044 3343 1231 3394 assensum
1248 3319 1362 3393 ordini
1383 3321 1504 3396 aeccle·

290 3432 434 3507 siastioo
450 3429 658 3527 prebemus,
678 3439 719 3503 ut
742 3430 881 3505 scilicet
898 3431 1063 3528 Episcopi
1080 3455 1141 3528 per
1158 3430 1364 3506 electionem
1381 3433 1504 3508 clerici

289 3556 325 3620 et
345 3544 475 3642 populi,
497 3544 692 3620 secundum
717 3553 852 3618 statuta
877 3566 1053 3619 canonum
1071 3545 1115 3618 de
1131 3545 1271 3641 propria
1295 3544 1436 3633 diocesi,
1452 3570 1503 3620 re·

288 3668 383 3732 mota
408 3679 638 3755 personarum
664 3667 700 3733 et
725 3682 915 3732 munerum
939 3657 1154 3755 acceptione,
1170 3656 1213 3730 ob
1238 3656 1313 3732 vite
1339 3658 1505 3732 meritum

290 3782 326 3846 et
341 3771 525 3869 sapientias
541 3771 673 3846 donum
690 3770 885 3866 eligantur,
897 3778 939 3845 ut
955 3770 1114 3871 exemplo
1130 3779 1166 3848 et
1183 3770 1287 3847 verbo
1304 3770 1372 3845 sibi
1389 3771 1504 3848 subie-

290 3884 359 3961 ctis
376 3908 489 3982 usque
506 3906 648 3982 quaque
663 3884 826 3984 prodesse
842 3882 997 3959 valeant

813 4019 979 4133 oxuvn.

751 4201 834 4254 item
853 4213 895 4253 ex
913 4198 1039 4252 eodem.

382 4331 475 4421 Quia
491 4334 590 4408 iuxta
608 4345 812 4410 sanctorum
833 4344 976 4434 patrum
1002 4332 1229 4409 traditionem
1255 4335 1421 4409 novimus
1447 4360 1504 4411 res

288 4445 459 4520 aecclesiae
474 4456 558 4520 vota
575 4446 734 4522 fidelium
751 4470 841 4536 esse,
853 4457 889 4521 et
906 4447 1020 4543 pretia
1038 4458 1276 4545 peccatorum,
1287 4459 1324 4525 et
1340 4450 1506 4548 patrimo
