3608 5498
1006 577 1069 660 lll.

814 753 894 840 Item
914 755 946 806 ln
966 752 1068 839 elusd.
1088 765 1160 820 cap.
1182 755 1254 806 1111.

524 894 651 970 Offerri
670 919 739 971 non
756 897 864 973 liceat
884 897 1021 996 aliquid
1042 898 1086 972 ad
1104 897 1228 974 Altare
1246 908 1373 996 praeter
1391 922 1502 973 novas
1519 899 1647 997 spicas,

428 1015 464 1081 et
481 1032 582 1096 uvas,
600 1017 636 1083 et
652 1007 770 1084 oleum
789 1010 833 1085 ad
850 1010 1055 1100 luminaria,
1072 1020 1107 1086 et
1123 1011 1323 1102 thimiama,
1340 1012 1430 1088 idest
1447 1012 1648 1103 incensum,

426 1133 583 1224 tempore
601 1147 670 1221 quo
687 1150 790 1201 saera
808 1126 1010 1202 celebratur
1026 1125 1164 1200 oblatio.
1178 1125 1327 1223 Reliqua
1341 1149 1442 1224 poma
1455 1126 1585 1217 omnia,
1602 1127 1648 1201 ad

402 1298 408 1309 .
428 1236 572 1311 domum
590 1239 758 1337 primitiae
776 1240 951 1342 episcopis
967 1239 1028 1314 vel
1045 1238 1264 1337 presbyteris
1281 1238 1498 1335 dirigantur,
1515 1265 1581 1316 nee
1598 1239 1648 1315 oi-

427 1348 590 1425 ferantur
606 1351 743 1428 altario.
761 1355 909 1429 Certum
928 1362 983 1429 est
998 1361 1118 1427 autem
1137 1352 1229 1449 quod
1245 1353 1430 1451 episeopus
1447 1362 1482 1427 et
1499 1353 1648 1452 presby·

424 1464 513 1539 teris
529 1465 693 1542 dividant
710 1467 918 1544 diaconibus
934 1478 970 1544 et
988 1466 1137 1566 reliquis
1153 1465 1305 1542 clericis.

994 1669 1077 1754 llll.

551 1875 589 1926 In
608 1873 872 1928 chalcedonense
891 1874 1026 1927 eonesslo
1046 1871 1089 1925 de
1107 1872 1199 1923 xxx
1217 1871 1301 1937 petr.
1322 1883 1394 1937 cap.
1414 1875 1516 1926 xxn.

523 2036 674 2113 Clericis
691 2036 864 2112 nonlicet
888 2043 1138 2134 postmortem
1164 2033 1317 2133 episcopi
1343 2034 1400 2109 sui
1425 2035 1577 2136 diripere
1601 2060 1644 2110 ea

424 2174 514 2249 quae
532 2151 586 2225 illi
605 2161 804 2253 competere
821 2149 967 2253 possint,
983 2149 1079 2225 sieut
1095 2147 1332 2224 anterioribus
1350 2150 1545 2226 canonibus
1563 2175 1647 2225 eau-

423 2273 500 2338 tum
519 2273 582 2340 est.
602 2263 768 2363 Alioquia
785 2288 845 2340 eos
861 2265 904 2340 de
921 2262 1094 2360 gradibus
1110 2261 1187 2337 suis
1204 2285 1304 2361 pesse
1322 2262 1527 2361 periclitari.

944 2466 1027 2550 IIII.
1047 2464 1124 2561 (eie)

835 2672 884 2722 Ex
903 2668 1020 2723 eodem
1039 2679 1110 2734 cap.
1130 2667 1229 2720 xxv.

518 2831 690 2907 Redditus
703 2832 873 2908 aeeclesiae
886 2832 1042 2906 viduatae
1059 2854 1148 2929 pene
1165 2828 1395 2904 echonomum
1415 2830 1572 2907 eiusdem
1590 2855 1644 2907 ce-

424 2943 543 3019 clesiae
561 2945 694 3043 integri
715 2955 955 3022 reserventur.

1008 3079 1051 3184 ll.

853 3245 903 3297 Ex
920 3243 1037 3297 eedem
1055 3255 1127 3310 cap.
1147 3243 1220 3294 1111.

517 3379 586 3466 Qui
613 3403 696 3455 vere
714 3390 751 3456 ct
767 3380 907 3455 sineere
923 3378 1147 3474 singularem
1165 3386 1351 3453 sectantur
1367 3378 1480 3453 vitam
1506 3400 1643 3477 compe-

422 3500 539 3567 tenter
556 3490 788 3568 honorentur.
805 3494 982 3581 Quoniam
1006 3514 1092 3566 vero
1108 3491 1251 3590 quidam
1270 3499 1413 3566 utentes
1429 3490 1554 3566 habitu
1573 3513 1644 3565 mo·

423 3603 542 3694 nachi,
556 3605 798 3681 ecelesiastica
811 3606 956 3703 negotia
969 3603 1163 3703 civiliaque
1175 3603 1401 3694 conturbant,
1413 3605 1639 3680 circumeun-

423 3728 477 3793 tes
500 3718 742 3795 indifferenter
768 3719 885 3807 urbes,
903 3743 969 3794 nee
993 3740 1062 3792 non
1080 3727 1117 3792 et
1133 3717 1349 3792 monasteria
1366 3717 1435 3793 sibi
1452 3717 1642 3792 instituere

421 3841 613 3924 tentantes,
638 3833 775 3931 placuit
798 3833 941 3907 nullum
967 3830 1110 3930 quidem
1136 3854 1287 3928 usquam
1313 3829 1502 3906 instituere
1524 3852 1644 3904 mona-

422 3946 585 4034 sterium,
609 3946 668 4022 vel
693 3946 837 4022 oratorii
862 3946 1018 4035 domum,
1043 3952 1172 4043 proeter
1200 3942 1456 4019 conscientiam
1482 3942 1643 4018 civitatis

421 4057 592 4158 episcopo.
609 4058 802 4135 Monachos
818 4083 903 4134 vero
920 4083 983 4158 per
999 4079 1290 4154 unamquamque
1308 4055 1490 4132 civitatem
1509 4066 1574 4131 aut
1590 4080 1643 4130 re-

419 4169 563 4266 gionem
581 4172 758 4248 subiectos
776 4197 853 4248 esse
870 4173 1042 4273 episeopo,
1058 4178 1094 4245 et
1111 4168 1228 4267 quiete
1245 4168 1398 4265 diligere
1423 4180 1460 4246 et
1484 4170 1640 4245 intentos

420 4306 497 4357 esse
515 4285 759 4359 tantummodo
776 4285 912 4360 ieiunio
927 4295 964 4360 et
979 4282 1140 4372 orationi,
1153 4282 1191 4355 in
1209 4281 1297 4357 loeis
1313 4283 1351 4356 in
1369 4284 1500 4381 quibus
1513 4307 1642 4358 renun-

420 4394 604 4470 tiaverunt
621 4396 751 4472 saeeulo
776 4407 1035 4495 permanentes.
1052 4399 1128 4472 Nee
1153 4395 1430 4487 aeclesiasticis
1447 4422 1515 4473 nee
1533 4422 1643 4473 saecu·

423 4505 560 4582 laribus
576 4507 730 4603 negotiis
747 4509 1025 4600 communicent,
1042 4509 1100 4584 vel
1125 4509 1163 4584 in
1181 4509 1301 4608 aliquo
1317 4511 1392 4586 sint
1409 4511 1546 4587 molesti
1564 4535 1642 4611 pro-
