3608 5498
802 383 1000 447 -298-

289 513 485 582 Precamnr
502 513 623 579 autem
642 513 683 578 nt
700 501 874 604 optimum
890 526 1068 600 organum
1087 528 1170 578 cum
1196 502 1335 578 artifice
1359 503 1421 602 qui
1445 502 1513 579 hoc

290 618 465 694 moderari
484 627 519 692 et
537 618 654 692 facere
678 616 724 691 ad
740 640 879 692 omnem
898 617 1149 693 modulationis
1172 617 1367 693 efficaciam
1393 620 1515 717 possit,

289 734 335 808 ad
348 731 619 808 instructionem
631 731 783 808 'musicae
796 731 984 831 discipline
1002 730 1102 806 nobis
1114 742 1178 806 aut
1191 731 1340 823 deferas,
1352 742 1417 806 aut
1429 758 1512 807 cnm

288 847 420 923 eisdem
441 845 638 922 redditibus
655 847 778 922 mittas
798 846 969 946 quatinus
993 845 1079 918 dum
1106 844 1181 920 vile
1203 845 1387 920 metallum
1413 846 1516 922 beato

288 962 392 1035 Petro
408 960 569 1035 conferre
586 959 748 1051 festinas,
764 958 809 1035 ab
826 984 867 1036 eo
883 985 993 1037 aurea
1008 959 1112 1058 regni
1126 959 1281 1036 oaelostis
1294 985 1443 1058 munera
1456 986 1515 1037 ea·

289 1096 420 1169 passas.
1192 1100 1201 1113 ‘

816 1216 992 1302 (lllllllll.
1010 1224 1014 1230 '

385 1417 560 1491 Iohannes
577 1416 763 1515 episcopus
780 1442 908 1492 servus
925 1441 1110 1493 servorum
1129 1418 1206 1508 Dei,
1230 1417 1285 1494 Ill.
1302 1417 1516 1494 subdiacono

289 1538 418 1604 nostrae
435 1529 635 1627 apostolicae
652 1531 756 1606 sedis.
774 1530 916 1605 Salubri
936 1532 1134 1630 providenti
1153 1531 1324 1631 quicquid
1341 1533 1516 1608 acclesia-

224 1732 230 1743 .
286 1644 376 1718 stica
393 1642 544 1742 requirit
560 1643 711 1733 utilitas,
728 1644 817 1720 illud
834 1644 1128 1721 committendum
1146 1645 1328 1721 credimus
1344 1670 1421 1721 esse
1439 1669 1516 1744 per·

286 1756 394 1849 sonis,
409 1782 498 1855 quas
511 1756 591 1832 fidei
605 1757 753 1855 puritas,
770 1758 830 1834 vel
848 1759 977 1857 placite
995 1759 1146 1835 actionis
1159 1761 1322 1836 studium
1341 1760 1512 1834 laudabili

197 1910 201 1923 ι
286 1870 442 1968 opinioni
460 1871 694 1946 commendat.
713 1874 933 1973 Quapropter
951 1873 1017 1948 tibi
1038 1873 1090 1948 ill.
1117 1875 1333 1951 subdiacono
1350 1874 1442 1973 quod
1467 1874 1518 1948 di·

288 1984 374 2057 vina
387 1983 506 2080 gratia
520 1984 741 2081 suffragante
757 1986 894 2061 dictum
908 1987 968 2079 sit,
977 2012 1080 2064 omne
1094 1988 1346 2087 patrimonium
1357 1989 1427 2062 iuri
1438 2015 1519 2063 san·

287 2108 354 2174 cta
363 2101 529 2172 Romanae
542 2098 601 2174 cui
613 2102 685 2175 Deo
697 2110 842 2176 anctore
855 2100 1078 2178 deservimus
1091 2102 1271 2193 aeoclesiae,
1285 2128 1347 2201 per
1360 2102 1516 2177 insulam

288 2212 339 2287 ill.
357 2212 591 2288 constitutum
607 2214 773 2311 praesenti
788 2215 1022 2315 praeceptione
1035 2216 1324 2315 pcraequandum,
1337 2215 1414 2290 sive
1427 2215 1519 2291 ordi·

287 2327 445 2401 nandum
463 2327 721 2402 committimus
739 2328 973 2429 iniungentcs
991 2339 1032 2406 ut
1044 2330 1249 2407 colonorum
1268 2329 1363 2404 vires
1382 2329 1449 2403 sub
1467 2329 1519 2403 di·

288 2442 365 2516 vini
390 2441 514 2517 indicii
534 2443 832 2541 contemplatione
849 2445 1064 2535 consideres,
1081 2454 1117 2520 et
1137 2453 1313 2542 qnantum
1339 2441 1521 2541 pensionis

289 2557 431 2632 nomine
439 2556 484 2631 ab
493 2557 559 2632 hoc
570 2558 735 2655 praesenti
746 2558 942 2634 Dominicae
950 2555 1208 2633 incarnationis
1220 2579 1315 2630 anno
1329 2555 1518 2632 millesimo

289 2671 339 2746 ill.
356 2672 488 2747 inlerre
506 2671 657 2748 debeant
673 2672 830 2750 sollicita
849 2671 1048 2772 provisione
1066 2671 1242 2769 disponas,
1267 2670 1518 2769 nequisquam

289 2810 411 2862 eorum
430 2785 525 2861 ultra
547 2812 653 2885 qnam
672 2787 806 2863 sufficit
822 2787 922 2884 exigi
936 2794 1127 2876 coartetur,
1144 2794 1208 2860 aut
1220 2784 1375 2883 amplius
1389 2785 1518 2882 persol-

292 2910 365 2974 vat.
378 2903 426 2974 nt
438 2900 608 2999 quicquid
622 2901 686 2976 tibi
701 2927 783 2978 cum
798 2902 863 2978 Dei
875 2903 1002 2977 timore
1016 2900 1162 3001 provida
1175 2891 1425 2975 deliberatione
1438 2923 1515 2974 oon·

291 3014 435 3104 stiterit,
449 3014 605 3089 eiusdem
621 3016 829 3112 protectoris
843 3016 953 3091 nostri
963 3017 1109 3091 dextera
1124 3024 1332 3113 protegente
1340 3014 1517 3112 disponas,

291 3138 332 3202 ut
348 3128 407 3203 cui
426 3128 631 3226 praevideris
648 3129 784 3228 aliquid
802 3130 1046 3219 relaxandum,
1060 3129 1239 3228 pensionis
1261 3128 1517 3225 levigationem

291 3242 465 3334 inveniat,
482 3254 517 3319 et
534 3243 593 3319 cui
607 3244 806 3319 addendum
822 3243 1026 3332 credideris,
1043 3242 1136 3340 qnod
1149 3242 1283 3316 iustum
1298 3252 1353 3317 est
1365 3251 1517 3337 cogatur

291 3356 484 3446 exsolvere,
500 3359 584 3457 quia
603 3359 637 3434 id
656 3360 748 3459 quod
766 3358 983 3457 pauperibus
1001 3367 1182 3452 erogatur,
1205 3355 1314 3452 longo
1331 3357 1371 3429 fit
1387 3381 1408 3427 a
1428 3380 1517 3430 mer·

290 3471 386 3558 code,
405 3472 435 3546 si
452 3473 621 3571 aquibus
641 3474 796 3550 infertur
821 3499 891 3548 non
917 3471 1027 3548 fuerit
1051 3472 1145 3548 iuste
1170 3497 1213 3547 ac
1239 3470 1516 3546 misericorditer

292 3583 545 3681 dispensatum.
1156 3611 1159 3619 ·

839 3732 976 3817 cxxv.

388 3932 563 4008 Iohannes
587 3932 915 4033 episcopusservus
940 3956 1124 4009 servorum
1144 3931 1209 4006 Dei
1227 3929 1277 4004 ill.
1302 3928 1440 4005 notario
1457 3953 1517 4003 no·

293 4053 375 4120 stro.
392 4048 434 4119 In
459 4045 653 4120 ordinando
673 4046 750 4122 sive
767 4048 989 4123 discutiendo
1007 4044 1219 4146 patrimonio
1236 4054 1370 4120 saneta
1390 4048 1516 4119 Roma-

293 4186 350 4234 nae
366 4161 425 4235 oui
441 4163 512 4237 Deo
525 4172 670 4237 auctore
686 4162 909 4238 deservimus
921 4161 1102 4250 eecclesiae,
1115 4160 1152 4234 in
1167 4159 1351 4261 provincia
1368 4158 1418 4232 ill.
1435 4183 1516 4235 con-

296 4271 434 4362 stitut0,
446 4274 492 4348 ab
508 4275 574 4350 hoc
592 4276 757 4375 praesenti
776 4301 870 4350 anno
890 4275 1084 4349 Dominioae
1097 4275 1354 4350 incarnationis
1372 4273 1517 4348 millesi-

297 4411 354 4462 mo
378 4398 414 4462 et
438 4387 489 4463 ill.
516 4389 680 4466 iubemus
698 4402 732 4466 te
759 4400 929 4467 rectorem
955 4388 1133 4464 accedere.
1159 4393 1208 4464 Te
1233 4388 1402 4464 videlicet
1426 4388 1516 4464 beno

296 4511 440 4604 agente,
453 4513 489 4580 et
505 4503 638 4609 absque
659 4505 862 4583 colonorum
881 4503 1094 4604 gravamine
1111 4514 1357 4595 conversante,
1372 4513 1414 4579 ut
1429 4503 1515 4579 dum
