3608 5498
799 431 839 446 -
864 397 930 459 432
955 428 995 444 -

287 539 393 614 quam
413 516 530 614 paleas
547 516 916 615 dissipantis'inimiei
943 517 1072 615 spiritu
1097 512 1276 592 ventilari.
1302 518 1354 590 De
1379 513 1522 614 quibus

287 628 462 705 lohannes
475 630 512 703 in
525 629 672 728 epistola
687 656 752 704 sua
764 629 862 703 dicit.
876 632 932 703 Ex
944 629 1045 705 nobis
1058 629 1234 717 exierunt,
1247 629 1307 704 sed
1320 651 1391 703 non
1409 637 1523 703 erant

288 768 337 845 eu¹
348 743 456 817 nobis.
472 743 507 816 Si
523 743 618 816 enim
635 743 792 817 fuissent
805 768 848 816 ex
861 743 962 818 nobis
977 744 1191 818 mansissent
1208 741 1404 817 nobiscum.
1422 746 1521 817 Item

282 857 553 932 ‘Paulusmonet
565 880 719 932 noscam
732 857 816 931 mali
826 858 869 933 de
879 856 1039 932 aecclesia
1049 867 1200 956 pereunt
1210 880 1278 931 non
1288 857 1520 946 moveri‚nec

288 969 536 1046 recedentibus
553 956 694 1067 perfidis
713 971 815 1045 fidem
835 970 961 1044 minui.
979 968 1079 1057 Quod
1095 969 1191 1045 enim
1209 969 1334 1069 inquid
1358 969 1388 1043 si
1415 970 1520 1046 exci-

287 1083 404 1158 derint
421 1108 443 1156 a
459 1083 526 1158 fide
539 1083 684 1181 quidam
699 1106 833 1171 eorum,
846 1082 1021 1181 numquid
1034 1081 1225 1156 infidelitas
1244 1081 1387 1156 illorum
1406 1082 1516 1158 fidem

288 1197 351 1271 Dei
370 1197 573 1273 evacuavit.
590 1195 703 1271 Absit.
722 1197 820 1283 Quod
838 1197 882 1270 ad
900 1185 964 1270 uos
980 1195 1119 1286 attinet,
1135 1195 1363 1272 conscientie
1379 1205 1517 1270 nostrae

288 1307 457 1384 convenit
473 1308 595 1397 frater,
612 1308 696 1384 dare
712 1332 854 1405 operam
873 1334 918 1385 ne
935 1311 1016 1408 quis
1033 1311 1139 1411 culpa
1155 1320 1276 1386 nostra
1289 1310 1331 1384 de
1348 1310 1517 1386 aecclesia

287 1430 417 1519 pereat.
435 1421 471 1495 Si
491 1421 572 1518 quis
589 1430 707 1497 autern
728 1420 822 1495 ultro
838 1431 874 1497 et
890 1423 1042 1500 crimine
1056 1449 1119 1499 suo
1132 1425 1288 1525 perierit,
1302 1433 1338 1499 et
1350 1423 1516 1522 peniten-

288 1534 373 1607 tiam
387 1557 496 1629 agere
508 1542 615 1630 atque
628 1533 672 1607 ad
686 1533 883 1609 aeclesiam
899 1538 1012 1613 redire
1026 1538 1262 1627 noluerit‚n0s
1272 1537 1309 1610 in
1319 1537 1375 1611 die
1384 1537 1516 1612 iudicii

286 1646 488 1744 inculpatos
505 1646 645 1721 futuros
662 1647 723 1745 qui
737 1646 960 1723 consulimus
974 1650 1130 1725 sanitati.
1143 1649 1227 1724 Illos
1239 1648 1330 1724 solos
1343 1649 1379 1722 in
1399 1649 1515 1747 paenis

284 1760 938 1858 -remansurosquinoluerintconsilii
949 1764 1062 1838 nostri
1075 1761 1515 1839 salubritatesanari.Nec

288 1896 430 1948 movere
448 1895 511 1947 nos
527 1872 631 1948 debet
647 1873 809 1948 convicia
827 1874 1058 1971 perditorum,
1071 1898 1140 1974 quo
1153 1876 1307 1949 minusa
1324 1876 1383 1948 via
1398 1885 1515 1967 recta,

288 1985 597 2081 etacertaregula
611 2009 681 2060 non
697 1986 913 2077 recedamus,
926 1989 1092 2086 quoniam
1107 1999 1143 2065 et
1157 1989 1348 2086 Apostolus
1360 1990 1518 2066 instruit

287 2099 419 2175 dicens.
442 2099 480 2173 si
502 2098 709 2173 hominibus
730 2097 917 2197 placerem,
931 2102 1064 2178 Christi
1082 2127 1209 2178 servus
1226 2126 1296 2177 non
1316 2126 1438 2177 essem.
1456 2105 1520 2177 In-

289 2223 401 2288 terest
418 2222 542 2287 utrum
560 2213 641 2309 quis
657 2211 821 2287 homines
845 2217 1038 2311 promereri
1056 2217 1101 2291 ad
1118 2217 1308 2291 Dominum
1326 2217 1458 2314 cupiat.
1475 2218 1519 2291 Si

286 2324 490 2399 hominibus
507 2323 690 2423 placeatur
707 2325 881 2399 Dominus
897 2328 1096 2402 offenditur.
1114 2330 1152 2404 Si
1170 2353 1255 2405 vero
1277 2331 1312 2404 id
1337 2329 1517 2405 enitimur

287 2449 323 2514 et
340 2438 563 2514 elaboramus
582 2454 623 2511 ut
639 2438 815 2537 possimus
834 2442 905 2514 Deo
922 2441 1073 2539 plaeere,
1089 2451 1125 2516 et
1144 2443 1306 2518 convicia
1318 2453 1355 2519 et
1369 2442 1518 2517 maledi-

287 2563 346 2627 cta
364 2551 532 2626 debemus
548 2551 708 2625 humana
726 2561 962 2630 contemnere.
987 2558 1035 2629 Et
1052 2555 1156 2629 infra.
1181 2559 1306 2654 Neque
1329 2556 1424 2630 enim
1448 2557 1515 2654 qui

287 2664 389 2738 audit
396 2663 457 2737 sed
466 2663 527 2760 qui
538 2662 624 2738 facit
633 2664 838 2739 convicium
848 2666 957 2741 miser
965 2677 1029 2741 est.
1042 2671 1118 2744 Neo
1132 2669 1216 2766 qnia
1229 2670 1340 2744 frater
1352 2669 1516 2766 vapulat,

288 2776 349 2851 sed
367 2776 428 2874 qui
446 2776 592 2851 fratrem
611 2776 706 2851 cedit
719 2777 756 2850 in
771 2777 851 2873 lege
869 2790 1032 2874 peccator
1044 2790 1108 2856 est.
1122 2786 1168 2857 Et
1180 2807 1263 2857 cum
1278 2789 1444 2858 nocentes
1458 2783 1516 2856 in-

289 2889 499 2964 nocentibus
517 2889 687 2962 iniuriam
703 2889 852 2977 faciunt,
866 2890 917 2965 illi
933 2895 1120 2990 patiuntur
1134 2894 1302 2969 iniuriam
1317 2894 1378 2992 qui
1392 2894 1515 2972 facere

289 3028 326 3077 se
344 3002 506 3079 credunt.
520 3002 681 3099 Denique
695 3001 780 3077 hinc
793 3002 854 3077 ille
868 3028 1036 3101 percussa
1053 3031 1152 3081 mens
1164 3016 1201 3082 et
1212 3005 1417 3080 besanimus
1430 3006 1514 3105 (aio)

287 3127 324 3192 et
341 3141 469 3191 sensus
493 3115 632 3190 alienus
658 3126 722 3192 est.
748 3120 805 3191 Ira
829 3119 926 3191 enim
952 3118 1016 3194 Dei
1044 3141 1111 3192 non
1139 3117 1344 3214 intelligere
1369 3115 1516 3210 delicta,

288 3256 333 3306 ne
351 3240 521 3328 sequatur
538 3231 754 3330 penitentia.
767 3233 870 3307 Sicut
887 3230 1062 3329 scriptum
1081 3230 1188 3306 estin
1218 3228 1391 3327 apostolo.
1417 3230 1516 3305 Deli-

288 3354 387 3419 ctum
404 3342 567 3417 veritatis
590 3367 659 3418 non
684 3343 889 3419 habuerunt
914 3353 955 3418 ut
980 3343 1072 3419 salvi
1097 3344 1233 3426 fierent,
1257 3367 1301 3418 ac
1326 3351 1517 3443 propterea

289 3458 407 3530 mittet
423 3455 496 3529 illis
515 3458 611 3531 Deus
626 3457 864 3554 operationem
882 3455 1023 3545 erroris,
1041 3466 1082 3531 ut
1094 3456 1241 3532 credant
1254 3454 1451 3542 mendacio,
1469 3466 1517 3530 ut

288 3569 492 3644 iudicentur
510 3568 659 3664 quinon
677 3569 895 3644 crediderint
912 3568 1069 3660 veritati,
1086 3570 1147 3644 sed
1164 3568 1232 3644 sibi
1250 3568 1392 3666 placent
1415 3568 1519 3644 iniu-

288 3681 397 3756 stitia.
415 3680 559 3754 Primus
576 3679 760 3756 felioitatis
777 3683 913 3776 gradus
930 3691 995 3770 est,
1006 3705 1076 3756 non
1090 3681 1305 3778 delinquere.
1323 3680 1519 3756 Secundus

289 3792 421 3869 delicta
437 3815 662 3889 cognoscere.
680 3797 727 3868 Et
744 3794 848 3892 paulo
865 3805 952 3892 post.
970 3793 1137 3868 Viderint
1151 3793 1235 3868 laici
1249 3792 1315 3868 boc
1328 3814 1398 3889 quo
1411 3792 1519 3869 modo

288 3915 426 3981 curent.
444 3904 695 3981 Sacerdotibus
709 3906 820 3980 maior
833 3906 931 3982 labor
944 3906 1122 3982 incumbit
1135 3906 1172 3979 in
1185 3904 1373 3981 asserenda
1386 3912 1423 3978 et
1436 3927 1520 4003 pro·

287 4017 447 4094 curanda
464 4018 528 4093 Dei
547 4018 801 4107 maiestatem
816 4019 900 4117 quid
917 4019 1103 4094 videamur
1115 4017 1153 4091 in
1167 4043 1210 4093 ac
1228 4028 1326 4116 parte
1339 4015 1521 4114 neglege-

289 4155 337 4220 re,
350 4132 437 4229 quin
450 4131 638 4206 admoveat
651 4134 746 4207 Deus
760 4142 797 4207 et
809 4133 915 4208 dicat.
931 4136 1083 4208 Etnunc
1094 4141 1309 4230 preceptum
1320 4129 1440 4204 hocad
1450 4155 1522 4207 ros

287 4252 342 4316 est
353 4264 373 4316 ο
386 4243 593 4317 sacerdotes.
610 4243 648 4317 Si
666 4267 737 4317 non
754 4245 952 4334 audieritis,
969 4255 1006 4321 et
1024 4245 1142 4318 sinon
1160 4243 1349 4342 posuer-itis
1374 4241 1412 4314 in
1439 4265 1519 4317 cor·

288 4354 330 4428 de
347 4366 466 4429 vestro
482 4364 524 4429 ut
541 4355 632 4430 detis
648 4355 816 4430 honorem
834 4357 973 4432 nomini
992 4378 1069 4431 meo
1082 4356 1170 4430 dicit
1183 4355 1366 4443 Dominus,
1379 4354 1522 4431 immit-

288 4477 362 4548 tam
380 4467 419 4539 in
443 4490 507 4542 vos
532 4467 815 4546 maledictionem
841 4480 889 4544 et*
904 4467 1111 4545 maledicam
1140 4466 1424 4543 maledictionem
1453 4493 1516 4544 ve·
