3608 5498
814 391 1010 455 -103-

296 514 420 588 ternis.
439 512 589 586 Prebeat
613 534 700 607 ergo
719 521 837 586 vestra
855 512 997 588 dilectio
1015 513 1051 588 iu
1070 514 1135 589 boe
1152 523 1249 589 statu
1267 516 1377 613 posite
1401 519 1521 616 myni-

299 627 448 702 sterium
466 625 683 700 visitationis
707 625 879 716 ecolesiae‚
898 637 934 701 et
956 638 1020 702 aut
1044 628 1287 703 conveniendo
1304 630 1438 726 pariter
1458 641 1523 707 aut

299 742 459 817 vicissim
479 750 583 838 prout
600 741 755 840 qualitas
772 766 961 839 rerumque
974 767 1084 818 causa
1097 743 1306 840 poposceris,
1318 743 1442 817 divina
1455 745 1520 817 mi·

296 857 403 931 steria
422 865 651 953 repraesentet
668 853 835 951 ingratis,
859 879 904 929 ue
929 880 1012 931 cum
1039 855 1178 929 zizania
1202 855 1406 931 devitamus
1431 856 1521 930 divi·

296 996 340 1044 na
360 971 546 1046 videamur
564 972 743 1047 frumenta
760 971 919 1068 periisse.

847 1197 961 1282 CXLI.

388 1427 568 1502 Gurusrvs
582 1425 1519 1525 CelestiuoEpisoopo.InteroeteraIuecclesiabeati

293 1542 467 1640 Martyris
484 1541 695 1629 Eleutherii‚
712 1541 846 1640 quaein
865 1541 1147 1618 Sithomeusium
1173 1541 1334 1617 civitatis
1351 1540 1518 1640 pareobia

291 1654 461 1752 probatur
477 1681 555 1731 esse
571 1665 789 1747 constructa,
806 1656 989 1732 Iulianum
1006 1657 1195 1733 diaconum
1213 1657 1244 1731 si
1261 1657 1314 1731 nil
1336 1659 1374 1731 in
1399 1681 1439 1733 ec
1463 1667 1518 1733 cst

292 1770 384 1866 quod
400 1781 525 1845 contra
540 1792 718 1845 canonum
740 1770 864 1846 veniat
885 1769 1052 1845 instituta
1072 1770 1286 1869 presbyterii
1308 1770 1440 1845 honore
1461 1771 1519 1846 de

295 1882 441 1956 curabis.
471 1883 638 1959 Sciturus
666 1908 750 1959 eum
779 1883 977 1959 visitatoris
1002 1893 1037 1959 te
1062 1884 1205 1959 nomine
1229 1908 1299 1959 nou
1325 1884 1518 1960 cardinalis

290 2020 428 2072 creasse
446 1998 632 2094 pontificis.
650 1999 745 2074 Idem
764 1999 894 2075 Sabino
912 1999 1093 2096 Episcopo.
1111 2000 1271 2084 Quarum
1293 1997 1515 2072 defensorem

224 2113 233 2123 ‘
291 2109 479 2185 diaconum
497 2111 641 2188 sibimet
657 2112 857 2189 consecrari
877 2110 1030 2212 populus
1048 2110 1260 2186 Crumitaue
1278 2109 1439 2185 civitatis
1460 2135 1516 2185 err·

293 2222 415 2320 poscit,
432 2222 499 2300 hoe
516 2249 603 2320 ergo
620 2225 651 2298 si
665 2236 803 2300 nonest
816 2226 907 2324 quod
921 2224 999 2300 eins
1012 2248 1157 2323 persone
1175 2224 1287 2321 possit
1299 2224 1424 2322 opponi
1443 2223 1516 2297 dia·

291 2336 385 2410 conii
399 2339 625 2434 provectione
638 2339 829 2416 decorabis.
843 2344 893 2416 Ut
905 2337 1047 2414 noverit
1064 2347 1184 2413 tamen
1201 2338 1345 2414 dilectio
1362 2349 1436 2429 tua,
1448 2338 1515 2414 hoo

291 2475 330 2525 se
347 2450 599 2549 delegantibus
616 2455 715 2531 nobis
734 2454 864 2552 exequi
889 2452 1087 2529 visitatoris
1110 2452 1235 2543 officio,
1252 2477 1322 2529 non
1341 2461 1514 2552 potestate

288 2564 420 2663 proprii
438 2566 641 2643 sacerdotis.

840 2795 973 2881 cxmt

384 3023 556 3120 Pelagius
573 3025 723 3099 Iohanni
737 3024 903 3102 Patricio.
916 3028 1015 3100 Inter
1027 3032 1156 3100 cetera.
1170 3024 1387 3101 consecrare
1401 3034 1456 3100 est
1468 3023 1514 3099 si·

289 3138 364 3213 mul
381 3163 532 3215 sacrare.
551 3140 619 3214 Sed
635 3140 680 3214 ab
698 3139 869 3216 Ecclesiae
886 3138 1087 3215 visceribus
1105 3139 1244 3213 divisus
1260 3149 1297 3215 et
1309 3138 1354 3213 ab
1368 3143 1514 3236 Aposto-

289 3252 359 3330 Iica
381 3253 469 3328 Sede
494 3264 691 3351 separatus,
708 3255 880 3331 dissecrat
897 3253 1014 3353 potius
1031 3254 1099 3329 iste
1121 3277 1191 3328 uon
1217 3264 1409 3329 consecrat.
1430 3256 1513 3330 Iure

288 3390 374 3462 ergo
386 3376 574 3441 execratus
583 3376 736 3456 tautum,
747 3392 817 3442 uon
828 3378 1059 3444 consecratus
1067 3368 1183 3466 potuit
1191 3366 1274 3457 diei,
1283 3391 1390 3465 quem
1403 3367 1513 3443 simul

287 3506 409 3558 secum
426 3507 568 3558 sacrare
586 3482 623 3556 in
637 3483 776 3558 unitate
794 3484 999 3559 coniunctis
1013 3482 1181 3557 membris
1194 3505 1265 3556 uon
1278 3481 1444 3578 agnoscit
1457 3505 1513 3557 ec·

289 3595 409 3671 clesia.
427 3596 524 3670 Idem
539 3596 677 3670 Viatori
695 3608 732 3672 et
749 3597 940 3673 Pancratio
953 3595 1165 3671 illustribus.
1183 3598 1281 3670 Inter
1297 3605 1426 3671 cetera.
1444 3596 1513 3672 Sed

288 3709 373 3808 quia
390 3735 429 3786 se
445 3711 489 3785 ab
508 3710 705 3786 universali
723 3711 876 3787 ecclesia
893 3711 1068 3802 diviserit,
1085 3710 1181 3787 siout
1196 3710 1323 3786 beatus
1336 3711 1513 3807 Augusti·

288 3849 357 3898 nus
373 3823 433 3898 eit.
451 3823 577 3899 Omnis
594 3824 793 3901 catholicus
810 3851 960 3902 securus
977 3851 1055 3902 eam
1074 3834 1211 3923 partem
1227 3824 1437 3914 detestatur,
1449 3825 1511 3901 oui

285 3938 473 4015 ecelesiam
490 3937 730 4014 universalem
748 3940 949 4038 apostolicis
967 3938 1110 4016 sedibus
1124 3938 1321 4013 roboratam
1334 3962 1406 4013 non
1418 3961 1511 4014 oom-

287 4053 471 4129 municare
487 4053 682 4150 cognoscit.
699 4054 796 4128 Idem
813 4055 851 4128 in
869 4056 991 4130 eadem
1007 4052 1157 4152 epistola
1174 4063 1252 4150 post
1273 4077 1397 4151 pauca.
1421 4055 1511 4128 Bea-

286 4177 346 4243 tus
363 4168 595 4263 Augustinus
611 4168 777 4242 enuntiat
794 4169 836 4244 de
853 4169 997 4244 talibus.
1015 4167 1085 4255 Qui
1103 4167 1295 4241 adversum
1320 4167 1511 4242 auctorita·

285 4290 357 4357 tem
375 4281 518 4355 illerum
537 4282 770 4358 eeclesiarum
784 4308 864 4382 quae
875 4281 1086 4382 apostolicas
1099 4281 1207 4356 Sedes
1220 4291 1256 4357 et
1268 4279 1435 4379 epistolas
1451 4305 1511 4356 ao-

286 4395 405 4494 oipere
422 4407 632 4471 meruerunt
648 4408 782 4472 temere
798 4398 914 4473 credit
930 4396 1232 4472 immanissimum
1245 4395 1425 4473 scismatis
1441 4394 1510 4471 cri·

287 4533 367 4585 men
385 4534 406 4583 a
424 4535 461 4586 se
480 4510 684 4608 propulsare
701 4535 771 4585 non
790 4511 928 4609 poterit.
