<?xml version="1.0" encoding="UTF-8"?>
<!DOCTYPE html PUBLIC "-//W3C//DTD XHTML 1.0 Transitional//EN"
    "http://www.w3.org/TR/xhtml1/DTD/xhtml1-transitional.dtd">
<html xmlns="http://www.w3.org/1999/xhtml" xml:lang="en" lang="en">
 <head>
  <title>
</title>
<meta http-equiv="Content-Type" content="text/html;charset=utf-8" />
  <meta name='ocr-system' content='tesseract 3.04.00' />
  <meta name='ocr-capabilities' content='ocr_page ocr_carea ocr_par ocr_line ocrx_word'/>
</head>
<body>
  <div class='ocr_page' id='page_1' title='image "./collectiocanonu00deusgoog_0244.png"; bbox 0 0 3608 5498; ppageno 0'>
   <div class='ocr_carea' id='block_1_1' title="bbox 680 404 876 466">
    <p class='ocr_par' dir='ltr' id='par_1_1' title="bbox 680 404 876 466">
     <span class='ocr_line' id='line_1_1' title="bbox 680 404 876 466; baseline -0.01 0"><span class='ocrx_word' id='word_1_1' title='bbox 680 404 876 466; x_wconf 76' lang='lat'>-213-</span> 
     </span>
    </p>
   </div>
   <div class='ocr_carea' id='block_1_2' title="bbox 163 511 1391 3347">
    <p class='ocr_par' dir='ltr' id='par_1_2' title="bbox 163 511 1391 3347">
     <span class='ocr_line' id='line_1_2' title="bbox 170 511 1391 622; baseline 0.008 -30"><span class='ocrx_word' id='word_1_2' title='bbox 170 511 326 597; x_wconf 82' lang='lat' dir='ltr'>versalia</span> <span class='ocrx_word' id='word_1_3' title='bbox 342 521 495 597; x_wconf 87' lang='lat' dir='ltr'>concilia</span> <span class='ocrx_word' id='word_1_4' title='bbox 511 521 717 596; x_wconf 88' lang='lat' dir='ltr'>inmutilata</span> <span class='ocrx_word' id='word_1_5' title='bbox 734 547 879 598; x_wconf 86' lang='lat' dir='ltr'>servare</span> <span class='ocrx_word' id='word_1_6' title='bbox 896 533 931 599; x_wconf 87' lang='lat' dir='ltr'>et</span> <span class='ocrx_word' id='word_1_7' title='bbox 947 523 1026 622; x_wconf 90' lang='lat' dir='ltr'>pari</span> <span class='ocrx_word' id='word_1_8' title='bbox 1043 524 1173 600; x_wconf 86' lang='lat' dir='ltr'><strong>honore</strong></span> <span class='ocrx_word' id='word_1_9' title='bbox 1191 537 1227 602; x_wconf 90' lang='lat' dir='ltr'>et</span> <span class='ocrx_word' id='word_1_10' title='bbox 1245 551 1391 603; x_wconf 88' lang='lat' dir='ltr'>venera·</span> 
     </span>
     <span class='ocr_line' id='line_1_3' title="bbox 168 634 1390 738; baseline 0.005 -28"><span class='ocrx_word' id='word_1_11' title='bbox 168 636 264 711; x_wconf 86' lang='lat' dir='ltr'>tione</span> <span class='ocrx_word' id='word_1_12' title='bbox 281 634 422 718; x_wconf 79' lang='lat' dir='ltr'>habere,</span> <span class='ocrx_word' id='word_1_13' title='bbox 435 646 470 711; x_wconf 89' lang='lat' dir='ltr'>et</span> <span class='ocrx_word' id='word_1_14' title='bbox 487 660 636 734; x_wconf 79' lang='lat' dir='ltr'>quaeque</span> <span class='ocrx_word' id='word_1_15' title='bbox 650 637 934 734; x_wconf 70' lang='lat' dir='ltr'>praedicaverunt</span> <span class='ocrx_word' id='word_1_16' title='bbox 950 647 986 712; x_wconf 90' lang='lat' dir='ltr'>et</span> <span class='ocrx_word' id='word_1_17' title='bbox 1003 647 1219 728; x_wconf 90' lang='lat' dir='ltr'>statuerunt,</span> <span class='ocrx_word' id='word_1_18' title='bbox 1236 641 1336 738; x_wconf 89' lang='lat' dir='ltr'>sequi</span> <span class='ocrx_word' id='word_1_19' title='bbox 1353 651 1390 717; x_wconf 92' lang='lat' dir='ltr'>et</span> 
     </span>
     <span class='ocr_line' id='line_1_4' title="bbox 170 748 1390 850; baseline 0.007 -28"><span class='ocrx_word' id='word_1_20' title='bbox 170 749 372 847; x_wconf 72' lang='lat' dir='ltr'>praedicare.</span> <span class='ocrx_word' id='word_1_21' title='bbox 383 748 605 845; x_wconf 80' lang='lat' dir='ltr'>Diligentius</span> <span class='ocrx_word' id='word_1_22' title='bbox 617 759 736 824; x_wconf 91' lang='lat' dir='ltr'>autem</span> <span class='ocrx_word' id='word_1_23' title='bbox 751 761 787 825; x_wconf 91' lang='lat' dir='ltr'>et</span> <span class='ocrx_word' id='word_1_24' title='bbox 800 749 964 824; x_wconf 89' lang='lat' dir='ltr'>invarius</span> <span class='ocrx_word' id='word_1_25' title='bbox 976 750 1094 825; x_wconf 91' lang='lat' dir='ltr'>omnia</span> <span class='ocrx_word' id='word_1_26' title='bbox 1107 751 1247 827; x_wconf 87' lang='lat' dir='ltr'>decreta</span> <span class='ocrx_word' id='word_1_27' title='bbox 1260 754 1390 850; x_wconf 85' lang='lat' dir='ltr'>praede-</span> 
     </span>
     <span class='ocr_line' id='line_1_5' title="bbox 169 861 1389 964; baseline 0.001 -27"><span class='ocrx_word' id='word_1_28' title='bbox 169 885 349 938; x_wconf 88' lang='lat' dir='ltr'>cessorum</span> <span class='ocrx_word' id='word_1_29' title='bbox 368 871 568 937; x_wconf 84' lang='lat' dir='ltr'>vestrorum</span> <span class='ocrx_word' id='word_1_30' title='bbox 583 861 854 959; x_wconf 89' lang='lat' dir='ltr'>apostolicorum</span> <span class='ocrx_word' id='word_1_31' title='bbox 868 862 1087 962; x_wconf 86' lang='lat' dir='ltr'>pontificum,</span> <span class='ocrx_word' id='word_1_32' title='bbox 1096 887 1244 962; x_wconf 77' lang='lat' dir='ltr'>quaeque</span> <span class='ocrx_word' id='word_1_33' title='bbox 1258 865 1315 940; x_wconf 88' lang='lat' dir='ltr'>vel</span> <span class='ocrx_word' id='word_1_34' title='bbox 1329 891 1389 964; x_wconf 82' lang='lat' dir='ltr'>sy·</span> 
     </span>
     <span class='ocr_line' id='line_1_6' title="bbox 172 975 1390 1072; baseline 0.003 -23"><span class='ocrx_word' id='word_1_35' title='bbox 172 975 345 1050; x_wconf 86' lang='lat' dir='ltr'>nodaliter</span> <span class='ocrx_word' id='word_1_36' title='bbox 362 985 519 1050; x_wconf 77' lang='lat' dir='ltr'><strong>statuere</strong></span> <span class='ocrx_word' id='word_1_37' title='bbox 535 985 571 1051; x_wconf 96' lang='lat' dir='ltr'>et</span> <span class='ocrx_word' id='word_1_38' title='bbox 584 976 728 1072; x_wconf 87' lang='lat' dir='ltr'>probata</span> <span class='ocrx_word' id='word_1_39' title='bbox 742 986 839 1066; x_wconf 86' lang='lat' dir='ltr'>snut,</span> <span class='ocrx_word' id='word_1_40' title='bbox 851 977 1062 1051; x_wconf 87' lang='lat' dir='ltr'>confirmare</span> <span class='ocrx_word' id='word_1_41' title='bbox 1079 987 1115 1052; x_wconf 88' lang='lat' dir='ltr'>et</span> <span class='ocrx_word' id='word_1_42' title='bbox 1128 978 1304 1053; x_wconf 89' lang='lat' dir='ltr'>diminute</span> <span class='ocrx_word' id='word_1_43' title='bbox 1319 1005 1390 1055; x_wconf 92' lang='lat' dir='ltr'>ser·</span> 
     </span>
     <span class='ocr_line' id='line_1_7' title="bbox 169 1089 1389 1169; baseline 0.007 -8"><span class='ocrx_word' id='word_1_44' title='bbox 169 1114 264 1164; x_wconf 89' lang='lat' dir='ltr'>vare.</span> <span class='ocrx_word' id='word_1_45' title='bbox 282 1089 455 1164; x_wconf 86' lang='lat' dir='ltr'>Promitte</span> <span class='ocrx_word' id='word_1_46' title='bbox 471 1089 579 1163; x_wconf 87' lang='lat' dir='ltr'>etiam</span> <span class='ocrx_word' id='word_1_47' title='bbox 606 1089 673 1164; x_wconf 92' lang='lat' dir='ltr'>sub</span> <span class='ocrx_word' id='word_1_48' title='bbox 697 1089 821 1163; x_wconf 89' lang='lat' dir='ltr'>divina</span> <span class='ocrx_word' id='word_1_49' title='bbox 845 1089 1077 1165; x_wconf 90' lang='lat' dir='ltr'>obtestatione</span> <span class='ocrx_word' id='word_1_50' title='bbox 1102 1092 1144 1166; x_wconf 92' lang='lat' dir='ltr'>de</span> <span class='ocrx_word' id='word_1_51' title='bbox 1168 1092 1389 1169; x_wconf 88' lang='lat' dir='ltr'>ordinatione</span> 
     </span>
     <span class='ocr_line' id='line_1_8' title="bbox 169 1201 1389 1306; baseline 0.002 -28"><span class='ocrx_word' id='word_1_52' title='bbox 169 1202 393 1291; x_wconf 85' lang='lat' dir='ltr'>clericorum,</span> <span class='ocrx_word' id='word_1_53' title='bbox 402 1226 423 1275; x_wconf 87' lang='lat' dir='ltr'>a</span> <span class='ocrx_word' id='word_1_54' title='bbox 432 1201 605 1278; x_wconf 80' lang='lat' dir='ltr'>clericatu</span> <span class='ocrx_word' id='word_1_55' title='bbox 618 1228 731 1300; x_wconf 92' lang='lat' dir='ltr'>nsque</span> <span class='ocrx_word' id='word_1_56' title='bbox 744 1205 788 1278; x_wconf 87' lang='lat' dir='ltr'>ad</span> <span class='ocrx_word' id='word_1_57' title='bbox 801 1203 1101 1302; x_wconf 82' lang='lat' dir='ltr'>presbyteratum,</span> <span class='ocrx_word' id='word_1_58' title='bbox 1110 1215 1146 1281; x_wconf 92' lang='lat' dir='ltr'>et</span> <span class='ocrx_word' id='word_1_59' title='bbox 1157 1205 1200 1281; x_wconf 93' lang='lat' dir='ltr'>de</span> <span class='ocrx_word' id='word_1_60' title='bbox 1208 1205 1389 1306; x_wconf 89' lang='lat' dir='ltr'>baptizan-</span> 
     </span>
     <span class='ocr_line' id='line_1_9' title="bbox 169 1316 1389 1417; baseline 0.005 -27"><span class='ocrx_word' id='word_1_61' title='bbox 169 1316 202 1390; x_wconf 94' lang='lat' dir='ltr'>di</span> <span class='ocrx_word' id='word_1_62' title='bbox 213 1316 548 1414; x_wconf 88' lang='lat' dir='ltr'>consignandisque,</span> <span class='ocrx_word' id='word_1_63' title='bbox 557 1326 593 1391; x_wconf 86' lang='lat' dir='ltr'>et</span> <span class='ocrx_word' id='word_1_64' title='bbox 602 1316 644 1392; x_wconf 92' lang='lat' dir='ltr'>de</span> <span class='ocrx_word' id='word_1_65' title='bbox 653 1317 887 1392; x_wconf 86' lang='lat' dir='ltr'>ecclesiarum</span> <span class='ocrx_word' id='word_1_66' title='bbox 897 1317 1070 1395; x_wconf 90' lang='lat' dir='ltr'>locatione</span> <span class='ocrx_word' id='word_1_67' title='bbox 1079 1329 1115 1395; x_wconf 90' lang='lat' dir='ltr'>et</span> <span class='ocrx_word' id='word_1_68' title='bbox 1124 1319 1320 1417; x_wconf 79' lang='lat' dir='ltr'>praebendis</span> <span class='ocrx_word' id='word_1_69' title='bbox 1332 1345 1389 1396; x_wconf 93' lang='lat' dir='ltr'>ec·</span> 
     </span>
     <span class='ocr_line' id='line_1_10' title="bbox 168 1429 1388 1530; baseline 0.002 -25"><span class='ocrx_word' id='word_1_70' title='bbox 168 1429 391 1518; x_wconf 85' lang='lat' dir='ltr'>clesiasticis,</span> <span class='ocrx_word' id='word_1_71' title='bbox 400 1429 647 1504; x_wconf 86' lang='lat' dir='ltr'>etdivinorum</span> <span class='ocrx_word' id='word_1_72' title='bbox 662 1430 915 1519; x_wconf 76' lang='lat' dir='ltr'>misteriorum,</span> <span class='ocrx_word' id='word_1_73' title='bbox 924 1455 987 1505; x_wconf 86' lang='lat' dir='ltr'>seu</span> <span class='ocrx_word' id='word_1_74' title='bbox 996 1455 1139 1506; x_wconf 85' lang='lat' dir='ltr'>sacrum</span> <span class='ocrx_word' id='word_1_75' title='bbox 1149 1431 1388 1530; x_wconf 78' lang='lat' dir='ltr'>dispositione,</span> 
     </span>
     <span class='ocr_line' id='line_1_11' title="bbox 169 1542 1386 1642; baseline 0.004 -27"><span class='ocrx_word' id='word_1_76' title='bbox 169 1542 228 1618; x_wconf 91' lang='lat' dir='ltr'>vel</span> <span class='ocrx_word' id='word_1_77' title='bbox 238 1543 706 1641; x_wconf 87' lang='lat' dir='ltr'>dispensationenumquam</span> <span class='ocrx_word' id='word_1_78' title='bbox 718 1542 922 1642; x_wconf 89' lang='lat' dir='ltr'>mealiquod</span> <span class='ocrx_word' id='word_1_79' title='bbox 933 1543 1120 1640; x_wconf 70' lang='lat' dir='ltr'>praemium</span> <span class='ocrx_word' id='word_1_80' title='bbox 1130 1544 1335 1642; x_wconf 88' lang='lat' dir='ltr'>inqualibet</span> <span class='ocrx_word' id='word_1_81' title='bbox 1348 1570 1386 1620; x_wconf 89' lang='lat' dir='ltr'>re</span> 
     </span>
     <span class='ocr_line' id='line_1_12' title="bbox 168 1656 1384 1756; baseline 0.002 -26"><span class='ocrx_word' id='word_1_82' title='bbox 168 1679 229 1755; x_wconf 90' lang='lat' dir='ltr'>pro</span> <span class='ocrx_word' id='word_1_83' title='bbox 238 1681 464 1755; x_wconf 91' lang='lat' dir='ltr'>quacumque</span> <span class='ocrx_word' id='word_1_84' title='bbox 473 1679 620 1754; x_wconf 85' lang='lat' dir='ltr'>persona</span> <span class='ocrx_word' id='word_1_85' title='bbox 631 1656 892 1754; x_wconf 88' lang='lat' dir='ltr'>postulaturum</span> <span class='ocrx_word' id='word_1_86' title='bbox 902 1656 960 1732; x_wconf 89' lang='lat' dir='ltr'>vel</span> <span class='ocrx_word' id='word_1_87' title='bbox 972 1667 1215 1755; x_wconf 89' lang='lat' dir='ltr'>accepturum.</span> <span class='ocrx_word' id='word_1_88' title='bbox 1226 1659 1384 1756; x_wconf 88' lang='lat' dir='ltr'>Spondeo</span> 
     </span>
     <span class='ocr_line' id='line_1_13' title="bbox 169 1768 1388 1866; baseline 0.005 -23"><span class='ocrx_word' id='word_1_89' title='bbox 169 1770 278 1844; x_wconf 88' lang='lat' dir='ltr'>etiam</span> <span class='ocrx_word' id='word_1_90' title='bbox 296 1768 536 1845; x_wconf 88' lang='lat' dir='ltr'>ecclesiastica</span> <span class='ocrx_word' id='word_1_91' title='bbox 551 1769 915 1866; x_wconf 74' lang='lat' dir='ltr'>pradia,urbana,vel</span> <span class='ocrx_word' id='word_1_92' title='bbox 929 1771 1141 1858; x_wconf 84' lang='lat' dir='ltr'>rustica,vel</span> <span class='ocrx_word' id='word_1_93' title='bbox 1153 1782 1318 1846; x_wconf 90' lang='lat' dir='ltr'>ornatum</span> <span class='ocrx_word' id='word_1_94' title='bbox 1331 1797 1388 1850; x_wconf 87' lang='lat' dir='ltr'>cc·</span> 
     </span>
     <span class='ocr_line' id='line_1_14' title="bbox 167 1882 1387 1982; baseline 0.003 -24"><span class='ocrx_word' id='word_1_95' title='bbox 167 1883 286 1958; x_wconf 84' lang='lat' dir='ltr'>clesiae</span> <span class='ocrx_word' id='word_1_96' title='bbox 303 1882 572 1981; x_wconf 90' lang='lat' dir='ltr'>ministeriaque</span> <span class='ocrx_word' id='word_1_97' title='bbox 586 1894 727 1960; x_wconf 85' lang='lat' dir='ltr'>saerata</span> <span class='ocrx_word' id='word_1_98' title='bbox 739 1884 998 1982; x_wconf 88' lang='lat' dir='ltr'>universasque</span> <span class='ocrx_word' id='word_1_99' title='bbox 1014 1909 1070 1960; x_wconf 88' lang='lat' dir='ltr'>res</span> <span class='ocrx_word' id='word_1_100' title='bbox 1082 1884 1279 1961; x_wconf 88' lang='lat' dir='ltr'>immobiles</span> <span class='ocrx_word' id='word_1_101' title='bbox 1296 1911 1387 1962; x_wconf 88' lang='lat' dir='ltr'>sese-</span> 
     </span>
     <span class='ocr_line' id='line_1_15' title="bbox 167 1995 1386 2097; baseline 0.002 -28"><span class='ocrx_word' id='word_1_102' title='bbox 167 2020 236 2093; x_wconf 91' lang='lat' dir='ltr'>que</span> <span class='ocrx_word' id='word_1_103' title='bbox 250 2006 434 2071; x_wconf 89' lang='lat' dir='ltr'>moventes</span> <span class='ocrx_word' id='word_1_104' title='bbox 451 1995 644 2093; x_wconf 83' lang='lat' dir='ltr'>diligenter</span> <span class='ocrx_word' id='word_1_105' title='bbox 661 2008 697 2073; x_wconf 93' lang='lat' dir='ltr'>et</span> <span class='ocrx_word' id='word_1_106' title='bbox 713 1999 929 2073; x_wconf 89' lang='lat' dir='ltr'>confidenter</span> <span class='ocrx_word' id='word_1_107' title='bbox 945 2007 1187 2086; x_wconf 87' lang='lat' dir='ltr'>servaturum,</span> <span class='ocrx_word' id='word_1_108' title='bbox 1211 1997 1269 2074; x_wconf 83' lang='lat' dir='ltr'>vel</span> <span class='ocrx_word' id='word_1_109' title='bbox 1287 2000 1316 2073; x_wconf 92' lang='lat' dir='ltr'>si</span> <span class='ocrx_word' id='word_1_110' title='bbox 1335 1999 1386 2097; x_wconf 91' lang='lat' dir='ltr'>pi-</span> 
     </span>
     <span class='ocr_line' id='line_1_16' title="bbox 163 2110 1386 2208; baseline 0.002 -24"><span class='ocrx_word' id='word_1_111' title='bbox 163 2132 280 2206; x_wconf 89' lang='lat' dir='ltr'>gnora</span> <span class='ocrx_word' id='word_1_112' title='bbox 293 2135 314 2182; x_wconf 89' lang='lat' dir='ltr'>a</span> <span class='ocrx_word' id='word_1_113' title='bbox 327 2110 544 2208; x_wconf 89' lang='lat' dir='ltr'>quibuslibet</span> <span class='ocrx_word' id='word_1_114' title='bbox 557 2110 714 2207; x_wconf 86' lang='lat' dir='ltr'>obligata</span> <span class='ocrx_word' id='word_1_115' title='bbox 728 2122 827 2204; x_wconf 88' lang='lat' dir='ltr'>sunt,</span> <span class='ocrx_word' id='word_1_116' title='bbox 840 2121 903 2186; x_wconf 88' lang='lat' dir='ltr'>aut</span> <span class='ocrx_word' id='word_1_117' title='bbox 915 2110 1072 2186; x_wconf 90' lang='lat' dir='ltr'>indebito</span> <span class='ocrx_word' id='word_1_118' title='bbox 1084 2110 1300 2202; x_wconf 83' lang='lat' dir='ltr'>detinentur,</span> <span class='ocrx_word' id='word_1_119' title='bbox 1310 2135 1386 2188; x_wconf 90' lang='lat' dir='ltr'>meo</span> 
     </span>
     <span class='ocr_line' id='line_1_17' title="bbox 165 2222 1385 2322; baseline 0.002 -26"><span class='ocrx_word' id='word_1_120' title='bbox 165 2224 294 2298; x_wconf 91' lang='lat' dir='ltr'>annisu</span> <span class='ocrx_word' id='word_1_121' title='bbox 320 2235 356 2298; x_wconf 93' lang='lat' dir='ltr'>et</span> <span class='ocrx_word' id='word_1_122' title='bbox 373 2223 502 2314; x_wconf 87' lang='lat' dir='ltr'>labore,</span> <span class='ocrx_word' id='word_1_123' title='bbox 519 2234 555 2299; x_wconf 89' lang='lat' dir='ltr'>et</span> <span class='ocrx_word' id='word_1_124' title='bbox 568 2234 713 2322; x_wconf 91' lang='lat' dir='ltr'>sumptu</span> <span class='ocrx_word' id='word_1_125' title='bbox 729 2224 866 2322; x_wconf 86' lang='lat' dir='ltr'>proprio</span> <span class='ocrx_word' id='word_1_126' title='bbox 884 2233 988 2321; x_wconf 87' lang='lat' dir='ltr'>prout</span> <span class='ocrx_word' id='word_1_127' title='bbox 1004 2222 1174 2320; x_wconf 87' lang='lat' dir='ltr'>temporis</span> <span class='ocrx_word' id='word_1_128' title='bbox 1191 2224 1385 2299; x_wconf 80' lang='lat' dir='ltr'>necessitas</span> 
     </span>
     <span class='ocr_line' id='line_1_18' title="bbox 167 2334 1386 2435; baseline -0.001 -24"><span class='ocrx_word' id='word_1_129' title='bbox 167 2336 334 2433; x_wconf 87' lang='lat' dir='ltr'>exposcit,</span> <span class='ocrx_word' id='word_1_130' title='bbox 348 2360 427 2412; x_wconf 88' lang='lat' dir='ltr'>meo</span> <span class='ocrx_word' id='word_1_131' title='bbox 443 2336 561 2411; x_wconf 89' lang='lat' dir='ltr'>studio</span> <span class='ocrx_word' id='word_1_132' title='bbox 578 2338 787 2425; x_wconf 81' lang='lat' dir='ltr'>revocanda,</span> <span class='ocrx_word' id='word_1_133' title='bbox 803 2361 869 2412; x_wconf 89' lang='lat' dir='ltr'>uec</span> <span class='ocrx_word' id='word_1_134' title='bbox 885 2361 907 2408; x_wconf 91' lang='lat' dir='ltr'>a</span> <span class='ocrx_word' id='word_1_135' title='bbox 924 2360 981 2410; x_wconf 94' lang='lat' dir='ltr'>me</span> <span class='ocrx_word' id='word_1_136' title='bbox 997 2334 1185 2410; x_wconf 88' lang='lat' dir='ltr'>alienanda</span> <span class='ocrx_word' id='word_1_137' title='bbox 1199 2360 1266 2410; x_wconf 88' lang='lat' dir='ltr'>neo</span> <span class='ocrx_word' id='word_1_138' title='bbox 1283 2336 1386 2435; x_wconf 90' lang='lat' dir='ltr'>impi-</span> 
     </span>
     <span class='ocr_line' id='line_1_19' title="bbox 168 2447 1387 2550; baseline 0.001 -23"><span class='ocrx_word' id='word_1_139' title='bbox 168 2451 365 2547; x_wconf 86' lang='lat' dir='ltr'>gnoranda,</span> <span class='ocrx_word' id='word_1_140' title='bbox 378 2462 524 2548; x_wconf 82' lang='lat' dir='ltr'>excepta</span> <span class='ocrx_word' id='word_1_141' title='bbox 535 2457 729 2550; x_wconf 73' lang='lat' dir='ltr'>paupertim</span> <span class='ocrx_word' id='word_1_142' title='bbox 743 2461 779 2528; x_wconf 91' lang='lat' dir='ltr'>et</span> <span class='ocrx_word' id='word_1_143' title='bbox 791 2447 1014 2549; x_wconf 88' lang='lat' dir='ltr'>captivorum</span> <span class='ocrx_word' id='word_1_144' title='bbox 1028 2451 1251 2527; x_wconf 89' lang='lat' dir='ltr'>necessitate.</span> <span class='ocrx_word' id='word_1_145' title='bbox 1264 2451 1387 2528; x_wconf 88' lang='lat' dir='ltr'>Eccle-</span> 
     </span>
     <span class='ocr_line' id='line_1_20' title="bbox 166 2563 1386 2664; baseline 0.002 -26"><span class='ocrx_word' id='word_1_146' title='bbox 166 2565 310 2640; x_wconf 89' lang='lat' dir='ltr'>siastica</span> <span class='ocrx_word' id='word_1_147' title='bbox 327 2588 412 2640; x_wconf 86' lang='lat' dir='ltr'>vero</span> <span class='ocrx_word' id='word_1_148' title='bbox 430 2565 575 2661; x_wconf 85' lang='lat' dir='ltr'>negotia</span> <span class='ocrx_word' id='word_1_149' title='bbox 592 2590 671 2664; x_wconf 84' lang='lat' dir='ltr'>quae</span> <span class='ocrx_word' id='word_1_150' title='bbox 689 2565 910 2663; x_wconf 87' lang='lat' dir='ltr'>proponenda</span> <span class='ocrx_word' id='word_1_151' title='bbox 927 2574 992 2639; x_wconf 89' lang='lat' dir='ltr'>aut</span> <span class='ocrx_word' id='word_1_152' title='bbox 1013 2564 1222 2663; x_wconf 85' lang='lat' dir='ltr'>excipienda</span> <span class='ocrx_word' id='word_1_153' title='bbox 1239 2563 1386 2655; x_wconf 84' lang='lat' dir='ltr'>luerint,</span> 
     </span>
     <span class='ocr_line' id='line_1_21' title="bbox 166 2678 1385 2778; baseline 0 -25"><span class='ocrx_word' id='word_1_154' title='bbox 166 2703 221 2753; x_wconf 91' lang='lat' dir='ltr'>me</span> <span class='ocrx_word' id='word_1_155' title='bbox 239 2678 315 2754; x_wconf 92' lang='lat' dir='ltr'>sine</span> <span class='ocrx_word' id='word_1_156' title='bbox 329 2690 490 2778; x_wconf 86' lang='lat' dir='ltr'>respectu</span> <span class='ocrx_word' id='word_1_157' title='bbox 509 2680 638 2776; x_wconf 76' lang='lat' dir='ltr'>gratiae</span> <span class='ocrx_word' id='word_1_158' title='bbox 654 2679 812 2769; x_wconf 93' lang='lat' dir='ltr'>colludii,</span> <span class='ocrx_word' id='word_1_159' title='bbox 829 2679 887 2754; x_wconf 88' lang='lat' dir='ltr'>vel</span> <span class='ocrx_word' id='word_1_160' title='bbox 904 2678 1111 2755; x_wconf 84' lang='lat' dir='ltr'>venalitatis</span> <span class='ocrx_word' id='word_1_161' title='bbox 1124 2690 1189 2755; x_wconf 87' lang='lat' dir='ltr'>aut</span> <span class='ocrx_word' id='word_1_162' title='bbox 1201 2679 1338 2754; x_wconf 79' lang='lat' dir='ltr'>fraudis</span> <span class='ocrx_word' id='word_1_163' title='bbox 1349 2704 1385 2753; x_wconf 88' lang='lat' dir='ltr'>a·</span> 
     </span>
     <span class='ocr_line' id='line_1_22' title="bbox 166 2792 1384 2891; baseline -0.001 -23"><span class='ocrx_word' id='word_1_164' title='bbox 166 2793 274 2888; x_wconf 95' lang='lat' dir='ltr'>gendi</span> <span class='ocrx_word' id='word_1_165' title='bbox 289 2802 413 2868; x_wconf 90' lang='lat' dir='ltr'>contra</span> <span class='ocrx_word' id='word_1_166' title='bbox 426 2793 637 2889; x_wconf 85' lang='lat' dir='ltr'>deceptores,</span> <span class='ocrx_word' id='word_1_167' title='bbox 650 2792 708 2868; x_wconf 86' lang='lat' dir='ltr'>vel</span> <span class='ocrx_word' id='word_1_168' title='bbox 721 2792 918 2890; x_wconf 86' lang='lat' dir='ltr'>excipiendi</span> <span class='ocrx_word' id='word_1_169' title='bbox 935 2802 1058 2867; x_wconf 86' lang='lat' dir='ltr'>contra</span> <span class='ocrx_word' id='word_1_170' title='bbox 1076 2792 1269 2891; x_wconf 80' lang='lat' dir='ltr'>pulsantes,</span> <span class='ocrx_word' id='word_1_171' title='bbox 1282 2792 1384 2869; x_wconf 87' lang='lat' dir='ltr'>efica-</span> 
     </span>
     <span class='ocr_line' id='line_1_23' title="bbox 164 2905 1381 3005; baseline -0.001 -22"><span class='ocrx_word' id='word_1_172' title='bbox 164 2906 254 2983; x_wconf 85' lang='lat' dir='ltr'>citer</span> <span class='ocrx_word' id='word_1_173' title='bbox 266 2918 373 3005; x_wconf 92' lang='lat' dir='ltr'>atque</span> <span class='ocrx_word' id='word_1_174' title='bbox 386 2906 547 2996; x_wconf 88' lang='lat' dir='ltr'>fideliter,</span> <span class='ocrx_word' id='word_1_175' title='bbox 554 2907 777 2983; x_wconf 87' lang='lat' dir='ltr'>considerata</span> <span class='ocrx_word' id='word_1_176' title='bbox 784 2916 905 2981; x_wconf 87' lang='lat' dir='ltr'>tamen</span> <span class='ocrx_word' id='word_1_177' title='bbox 913 2906 952 2979; x_wconf 92' lang='lat' dir='ltr'>in</span> <span class='ocrx_word' id='word_1_178' title='bbox 961 2906 1127 2981; x_wconf 89' lang='lat' dir='ltr'>omnibus</span> <span class='ocrx_word' id='word_1_179' title='bbox 1140 2905 1293 2997; x_wconf 86' lang='lat' dir='ltr'>iustitia,</span> <span class='ocrx_word' id='word_1_180' title='bbox 1301 2930 1381 3005; x_wconf 83' lang='lat' dir='ltr'>quae</span> 
     </span>
     <span class='ocr_line' id='line_1_24' title="bbox 164 3019 1384 3120; baseline 0 -27"><span class='ocrx_word' id='word_1_181' title='bbox 164 3019 343 3094; x_wconf 91' lang='lat' dir='ltr'>universis</span> <span class='ocrx_word' id='word_1_182' title='bbox 353 3019 568 3095; x_wconf 82' lang='lat' dir='ltr'>utilitatibus</span> <span class='ocrx_word' id='word_1_183' title='bbox 582 3020 814 3120; x_wconf 73' lang='lat' dir='ltr'>praeponenda</span> <span class='ocrx_word' id='word_1_184' title='bbox 824 3028 889 3108; x_wconf 86' lang='lat' dir='ltr'>est,</span> <span class='ocrx_word' id='word_1_185' title='bbox 899 3022 971 3095; x_wconf 89' lang='lat' dir='ltr'>Deo</span> <span class='ocrx_word' id='word_1_186' title='bbox 982 3046 1036 3094; x_wconf 93' lang='lat' dir='ltr'>me</span> <span class='ocrx_word' id='word_1_187' title='bbox 1046 3020 1202 3109; x_wconf 89' lang='lat' dir='ltr'>iubante,</span> <span class='ocrx_word' id='word_1_188' title='bbox 1212 3044 1384 3117; x_wconf 88' lang='lat' dir='ltr'>peragen-</span> 
     </span>
     <span class='ocr_line' id='line_1_25' title="bbox 163 3132 1383 3231; baseline 0.003 -25"><span class='ocrx_word' id='word_1_189' title='bbox 163 3132 207 3206; x_wconf 87' lang='lat' dir='ltr'>da</span> <span class='ocrx_word' id='word_1_190' title='bbox 220 3133 394 3231; x_wconf 88' lang='lat' dir='ltr'>promitto.</span> <span class='ocrx_word' id='word_1_191' title='bbox 408 3134 565 3230; x_wconf 87' lang='lat' dir='ltr'>Spondeo</span> <span class='ocrx_word' id='word_1_192' title='bbox 578 3133 686 3209; x_wconf 87' lang='lat' dir='ltr'>etiam</span> <span class='ocrx_word' id='word_1_193' title='bbox 701 3143 830 3210; x_wconf 88' lang='lat' dir='ltr'>nostrae</span> <span class='ocrx_word' id='word_1_194' title='bbox 843 3135 992 3212; x_wconf 90' lang='lat' dir='ltr'>diocesis</span> <span class='ocrx_word' id='word_1_195' title='bbox 1005 3133 1154 3210; x_wconf 89' lang='lat' dir='ltr'>clericos</span> <span class='ocrx_word' id='word_1_196' title='bbox 1168 3136 1212 3210; x_wconf 87' lang='lat' dir='ltr'>ad</span> <span class='ocrx_word' id='word_1_197' title='bbox 1226 3158 1383 3210; x_wconf 91' lang='lat' dir='ltr'>commu·</span> 
     </span>
     <span class='ocr_line' id='line_1_26' title="bbox 163 3245 1384 3347; baseline 0.002 -28"><span class='ocrx_word' id='word_1_198' title='bbox 163 3272 244 3322; x_wconf 91' lang='lat' dir='ltr'>nem</span> <span class='ocrx_word' id='word_1_199' title='bbox 259 3245 512 3322; x_wconf 83' lang='lat' dir='ltr'>etcanonicam</span> <span class='ocrx_word' id='word_1_200' title='bbox 522 3246 635 3321; x_wconf 85' lang='lat' dir='ltr'>vitam</span> <span class='ocrx_word' id='word_1_201' title='bbox 648 3245 710 3322; x_wconf 90' lang='lat' dir='ltr'>ubi</span> <span class='ocrx_word' id='word_1_202' title='bbox 725 3248 801 3322; x_wconf 87' lang='lat' dir='ltr'>ficri</span> <span class='ocrx_word' id='word_1_203' title='bbox 815 3248 944 3347; x_wconf 91' lang='lat' dir='ltr'>poterit</span> <span class='ocrx_word' id='word_1_204' title='bbox 956 3248 1111 3323; x_wconf 88' lang='lat' dir='ltr'>invitare</span> <span class='ocrx_word' id='word_1_205' title='bbox 1120 3258 1156 3323; x_wconf 93' lang='lat' dir='ltr'>et</span> <span class='ocrx_word' id='word_1_206' title='bbox 1164 3246 1308 3323; x_wconf 88' lang='lat' dir='ltr'>hortari.</span> <span class='ocrx_word' id='word_1_207' title='bbox 1318 3249 1384 3322; x_wconf 91' lang='lat' dir='ltr'>Mi·</span> 
     </span>
    </p>
   </div>
   <div class='ocr_carea' id='block_1_3' title="bbox 164 3359 1483 3451">
    <p class='ocr_par' dir='ltr' id='par_1_3' title="bbox 164 3359 1483 3451">
     <span class='ocr_line' id='line_1_27' title="bbox 164 3359 1483 3451; baseline 0.002 -17"><span class='ocrx_word' id='word_1_208' title='bbox 164 3361 294 3435; x_wconf 89' lang='lat' dir='ltr'>nistros</span> <span class='ocrx_word' id='word_1_209' title='bbox 310 3383 395 3436; x_wconf 81' lang='lat' dir='ltr'>vero</span> <span class='ocrx_word' id='word_1_210' title='bbox 412 3361 505 3435; x_wconf 86' lang='lat' dir='ltr'>sacri</span> <span class='ocrx_word' id='word_1_211' title='bbox 525 3359 660 3436; x_wconf 84' lang='lat' dir='ltr'>Altaris</span> <span class='ocrx_word' id='word_1_212' title='bbox 677 3361 770 3437; x_wconf 88' lang='lat' dir='ltr'>idest</span> <span class='ocrx_word' id='word_1_213' title='bbox 787 3362 1037 3451; x_wconf 86' lang='lat' dir='ltr'>Subdiaconos,</span> <span class='ocrx_word' id='word_1_214' title='bbox 1051 3361 1235 3450; x_wconf 84' lang='lat' dir='ltr'>Diaconos,</span> <span class='ocrx_word' id='word_1_215' title='bbox 1247 3371 1285 3437; x_wconf 92' lang='lat' dir='ltr'>et</span> <span class='ocrx_word' id='word_1_216' title='bbox 1301 3366 1384 3437; x_wconf 92' lang='lat' dir='ltr'>Pre·</span> <span class='ocrx_word' id='word_1_217' title='bbox 1480 3420 1483 3427; x_wconf 84' lang='lat'>.</span> 
     </span>
    </p>
   </div>
   <div class='ocr_carea' id='block_1_4' title="bbox 162 3474 1384 4141">
    <p class='ocr_par' dir='ltr' id='par_1_4' title="bbox 162 3474 1384 4141">
     <span class='ocr_line' id='line_1_28' title="bbox 164 3474 1383 3576; baseline 0.002 -27"><span class='ocrx_word' id='word_1_218' title='bbox 164 3475 389 3574; x_wconf 84' lang='lat' dir='ltr'>sbyteros,ad</span> <span class='ocrx_word' id='word_1_219' title='bbox 399 3475 599 3550; x_wconf 87' lang='lat' dir='ltr'>castitatem</span> <span class='ocrx_word' id='word_1_220' title='bbox 616 3474 724 3550; x_wconf 86' lang='lat' dir='ltr'>etiam</span> <span class='ocrx_word' id='word_1_221' title='bbox 737 3474 932 3574; x_wconf 89' lang='lat' dir='ltr'>impellere.</span> <span class='ocrx_word' id='word_1_222' title='bbox 942 3479 1097 3563; x_wconf 86' lang='lat' dir='ltr'>Quartas</span> <span class='ocrx_word' id='word_1_223' title='bbox 1110 3499 1195 3550; x_wconf 85' lang='lat' dir='ltr'>vero</span> <span class='ocrx_word' id='word_1_224' title='bbox 1207 3476 1383 3576; x_wconf 87' lang='lat' dir='ltr'>portiones</span> 
     </span>
     <span class='ocr_line' id='line_1_29' title="bbox 163 3587 1382 3687; baseline 0 -23"><span class='ocrx_word' id='word_1_225' title='bbox 163 3588 304 3664; x_wconf 88' lang='lat' dir='ltr'>clericis</span> <span class='ocrx_word' id='word_1_226' title='bbox 316 3597 352 3663; x_wconf 91' lang='lat' dir='ltr'>et</span> <span class='ocrx_word' id='word_1_227' title='bbox 365 3587 579 3686; x_wconf 88' lang='lat' dir='ltr'>pauperibus</span> <span class='ocrx_word' id='word_1_228' title='bbox 592 3596 628 3663; x_wconf 92' lang='lat' dir='ltr'>et</span> <span class='ocrx_word' id='word_1_229' title='bbox 642 3587 787 3664; x_wconf 79' lang='lat' dir='ltr'>fabricis</span> <span class='ocrx_word' id='word_1_230' title='bbox 805 3614 862 3664; x_wconf 94' lang='lat' dir='ltr'>me</span> <span class='ocrx_word' id='word_1_231' title='bbox 878 3588 983 3662; x_wconf 89' lang='lat' dir='ltr'>annis</span> <span class='ocrx_word' id='word_1_232' title='bbox 1000 3587 1158 3685; x_wconf 87' lang='lat' dir='ltr'>singulis</span> <span class='ocrx_word' id='word_1_233' title='bbox 1171 3587 1249 3663; x_wconf 90' lang='lat' dir='ltr'>sine</span> <span class='ocrx_word' id='word_1_234' title='bbox 1262 3588 1382 3687; x_wconf 87' lang='lat' dir='ltr'>aliqua</span> 
     </span>
     <span class='ocr_line' id='line_1_30' title="bbox 163 3701 1384 3801; baseline 0.001 -26"><span class='ocrx_word' id='word_1_235' title='bbox 163 3702 396 3776; x_wconf 90' lang='lat' dir='ltr'>diminutione</span> <span class='ocrx_word' id='word_1_236' title='bbox 406 3701 557 3798; x_wconf 86' lang='lat' dir='ltr'>spondeo</span> <span class='ocrx_word' id='word_1_237' title='bbox 566 3701 810 3799; x_wconf 84' lang='lat' dir='ltr'>praestiturum</span> <span class='ocrx_word' id='word_1_238' title='bbox 820 3725 886 3778; x_wconf 86' lang='lat' dir='ltr'>nec</span> <span class='ocrx_word' id='word_1_239' title='bbox 895 3701 1050 3801; x_wconf 87' lang='lat' dir='ltr'>aliquem</span> <span class='ocrx_word' id='word_1_240' title='bbox 1062 3723 1123 3800; x_wconf 89' lang='lat' dir='ltr'>pro</span> <span class='ocrx_word' id='word_1_241' title='bbox 1133 3701 1384 3797; x_wconf 80' lang='lat' dir='ltr'>gratisonius·</span> 
     </span>
     <span class='ocr_line' id='line_1_31' title="bbox 164 3813 1383 3913; baseline 0.002 -26"><span class='ocrx_word' id='word_1_242' title='bbox 164 3814 250 3890; x_wconf 87' lang='lat' dir='ltr'>libet</span> <span class='ocrx_word' id='word_1_243' title='bbox 268 3838 424 3913; x_wconf 74' lang='lat' dir='ltr'>personae</span> <span class='ocrx_word' id='word_1_244' title='bbox 441 3813 694 3890; x_wconf 87' lang='lat' dir='ltr'>ecclesiasticis</span> <span class='ocrx_word' id='word_1_245' title='bbox 710 3815 837 3890; x_wconf 89' lang='lat' dir='ltr'>officiis</span> <span class='ocrx_word' id='word_1_246' title='bbox 853 3824 1153 3913; x_wconf 80' lang='lat' dir='ltr'>aggregaturum.</span> <span class='ocrx_word' id='word_1_247' title='bbox 1167 3818 1272 3891; x_wconf 85' lang='lat' dir='ltr'>Sarta</span> <span class='ocrx_word' id='word_1_248' title='bbox 1287 3825 1383 3891; x_wconf 88' lang='lat' dir='ltr'>tecta</span> 
     </span>
     <span class='ocr_line' id='line_1_32' title="bbox 165 3927 1382 4028; baseline 0.002 -27"><span class='ocrx_word' id='word_1_249' title='bbox 165 3953 249 4004; x_wconf 83' lang='lat' dir='ltr'>vero</span> <span class='ocrx_word' id='word_1_250' title='bbox 262 3953 323 4026; x_wconf 90' lang='lat' dir='ltr'>per</span> <span class='ocrx_word' id='word_1_251' title='bbox 336 3952 458 4002; x_wconf 85' lang='lat' dir='ltr'>omnes</span> <span class='ocrx_word' id='word_1_252' title='bbox 470 3927 640 4004; x_wconf 86' lang='lat' dir='ltr'>ecclesias</span> <span class='ocrx_word' id='word_1_253' title='bbox 659 3953 757 4004; x_wconf 87' lang='lat' dir='ltr'>meas</span> <span class='ocrx_word' id='word_1_254' title='bbox 774 3930 841 4004; x_wconf 92' lang='lat' dir='ltr'>sub</span> <span class='ocrx_word' id='word_1_255' title='bbox 857 3931 954 4006; x_wconf 91' lang='lat' dir='ltr'>omni</span> <span class='ocrx_word' id='word_1_256' title='bbox 968 3930 1169 4028; x_wconf 89' lang='lat' dir='ltr'>diligentia,</span> <span class='ocrx_word' id='word_1_257' title='bbox 1180 3930 1240 4006; x_wconf 87' lang='lat' dir='ltr'>vel</span> <span class='ocrx_word' id='word_1_258' title='bbox 1252 3929 1382 4006; x_wconf 92' lang='lat' dir='ltr'>sollici·</span> 
     </span>
     <span class='ocr_line' id='line_1_33' title="bbox 162 4041 1381 4141; baseline 0.002 -26"><span class='ocrx_word' id='word_1_259' title='bbox 162 4043 285 4117; x_wconf 88' lang='lat' dir='ltr'>tudine</span> <span class='ocrx_word' id='word_1_260' title='bbox 298 4067 354 4116; x_wconf 90' lang='lat' dir='ltr'>me</span> <span class='ocrx_word' id='word_1_261' title='bbox 367 4043 530 4138; x_wconf 85' lang='lat' dir='ltr'>profiteor</span> <span class='ocrx_word' id='word_1_262' title='bbox 541 4041 647 4116; x_wconf 90' lang='lat' dir='ltr'>annis</span> <span class='ocrx_word' id='word_1_263' title='bbox 660 4042 818 4139; x_wconf 91' lang='lat' dir='ltr'>singulis</span> <span class='ocrx_word' id='word_1_264' title='bbox 831 4054 935 4140; x_wconf 88' lang='lat' dir='ltr'>prout</span> <span class='ocrx_word' id='word_1_265' title='bbox 947 4068 1119 4141; x_wconf 85' lang='lat' dir='ltr'>expensas</span> <span class='ocrx_word' id='word_1_266' title='bbox 1130 4041 1286 4117; x_wconf 88' lang='lat' dir='ltr'>habuero</span> <span class='ocrx_word' id='word_1_267' title='bbox 1303 4067 1381 4119; x_wconf 90' lang='lat' dir='ltr'>esse</span> 
     </span>
    </p>
   </div>
   <div class='ocr_carea' id='block_1_5' title="bbox 162 4155 1504 4261">
    <p class='ocr_par' dir='ltr' id='par_1_5' title="bbox 162 4155 1504 4261">
     <span class='ocr_line' id='line_1_34' title="bbox 162 4155 1504 4261; baseline 0.001 -32"><span class='ocrx_word' id='word_1_268' title='bbox 162 4155 354 4231; x_wconf 87' lang='lat' dir='ltr'>facturum.</span> <span class='ocrx_word' id='word_1_269' title='bbox 370 4159 547 4230; x_wconf 85' lang='lat' dir='ltr'>Praeterea</span> <span class='ocrx_word' id='word_1_270' title='bbox 564 4156 730 4254; x_wconf 89' lang='lat' dir='ltr'>promitto</span> <span class='ocrx_word' id='word_1_271' title='bbox 749 4182 803 4232; x_wconf 92' lang='lat' dir='ltr'>me</span> <span class='ocrx_word' id='word_1_272' title='bbox 820 4158 897 4233; x_wconf 88' lang='lat' dir='ltr'>sine</span> <span class='ocrx_word' id='word_1_273' title='bbox 915 4158 1017 4232; x_wconf 84' lang='lat' dir='ltr'>Sedis</span> <span class='ocrx_word' id='word_1_274' title='bbox 1029 4156 1241 4256; x_wconf 83' lang='lat' dir='ltr'>Apostolicae</span> <span class='ocrx_word' id='word_1_275' title='bbox 1257 4155 1382 4232; x_wconf 89' lang='lat' dir='ltr'>iussio·</span> <span class='ocrx_word' id='word_1_276' title='bbox 1502 4256 1504 4261; x_wconf 11' lang='grc' dir='ltr'><em>Α</em></span> 
     </span>
    </p>
   </div>
   <div class='ocr_carea' id='block_1_6' title="bbox 162 4268 1382 4597">
    <p class='ocr_par' dir='ltr' id='par_1_6' title="bbox 162 4268 1382 4597">
     <span class='ocr_line' id='line_1_35' title="bbox 162 4268 1382 4369; baseline 0.002 -27"><span class='ocrx_word' id='word_1_277' title='bbox 162 4293 206 4345; x_wconf 90' lang='lat' dir='ltr'>ne</span> <span class='ocrx_word' id='word_1_278' title='bbox 224 4270 269 4344; x_wconf 87' lang='lat' dir='ltr'>ad</span> <span class='ocrx_word' id='word_1_279' title='bbox 285 4268 495 4344; x_wconf 89' lang='lat' dir='ltr'>comitatum</span> <span class='ocrx_word' id='word_1_280' title='bbox 512 4269 721 4345; x_wconf 90' lang='lat' dir='ltr'>nullatenus</span> <span class='ocrx_word' id='word_1_281' title='bbox 747 4270 933 4369; x_wconf 87' lang='lat' dir='ltr'>proficisci,</span> <span class='ocrx_word' id='word_1_282' title='bbox 950 4294 1018 4346; x_wconf 92' lang='lat' dir='ltr'>nec</span> <span class='ocrx_word' id='word_1_283' title='bbox 1039 4294 1101 4368; x_wconf 91' lang='lat' dir='ltr'>per</span> <span class='ocrx_word' id='word_1_284' title='bbox 1125 4269 1285 4344; x_wconf 88' lang='lat' dir='ltr'>diversas</span> <span class='ocrx_word' id='word_1_285' title='bbox 1305 4292 1382 4367; x_wconf 91' lang='lat' dir='ltr'>pro·</span> 
     </span>
     <span class='ocr_line' id='line_1_36' title="bbox 163 4382 1379 4474; baseline 0.002 -20"><span class='ocrx_word' id='word_1_286' title='bbox 163 4383 305 4458; x_wconf 85' lang='lat' dir='ltr'>vincias</span> <span class='ocrx_word' id='word_1_287' title='bbox 322 4392 385 4457; x_wconf 89' lang='lat' dir='ltr'>aut</span> <span class='ocrx_word' id='word_1_288' title='bbox 401 4382 568 4458; x_wconf 89' lang='lat' dir='ltr'>civitates</span> <span class='ocrx_word' id='word_1_289' title='bbox 585 4383 796 4474; x_wconf 89' lang='lat' dir='ltr'>discurrere,</span> <span class='ocrx_word' id='word_1_290' title='bbox 821 4409 866 4460; x_wconf 92' lang='lat' dir='ltr'>ne</span> <span class='ocrx_word' id='word_1_291' title='bbox 890 4383 1015 4458; x_wconf 84' lang='lat' dir='ltr'>videar</span> <span class='ocrx_word' id='word_1_292' title='bbox 1039 4382 1238 4459; x_wconf 75' lang='lat' dir='ltr'>aecclesiam</span> <span class='ocrx_word' id='word_1_293' title='bbox 1264 4405 1379 4457; x_wconf 88' lang='lat' dir='ltr'>meam</span> 
     </span>
     <span class='ocr_line' id='line_1_37' title="bbox 165 4495 1381 4597; baseline -0.002 -25"><span class='ocrx_word' id='word_1_294' title='bbox 165 4496 336 4573; x_wconf 88' lang='lat' dir='ltr'>deserere.</span> <span class='ocrx_word' id='word_1_295' title='bbox 347 4497 519 4574; x_wconf 87' lang='lat' dir='ltr'>Promitte</span> <span class='ocrx_word' id='word_1_296' title='bbox 531 4497 640 4574; x_wconf 89' lang='lat' dir='ltr'>etiam</span> <span class='ocrx_word' id='word_1_297' title='bbox 655 4522 711 4573; x_wconf 91' lang='lat' dir='ltr'>me</span> <span class='ocrx_word' id='word_1_298' title='bbox 723 4498 769 4573; x_wconf 90' lang='lat' dir='ltr'>ad</span> <span class='ocrx_word' id='word_1_299' title='bbox 781 4496 900 4574; x_wconf 87' lang='lat' dir='ltr'>natale</span> <span class='ocrx_word' id='word_1_300' title='bbox 911 4496 1169 4597; x_wconf 88' lang='lat' dir='ltr'>Apostolorum,</span> <span class='ocrx_word' id='word_1_301' title='bbox 1177 4495 1236 4573; x_wconf 86' lang='lat' dir='ltr'>rel</span> <span class='ocrx_word' id='word_1_302' title='bbox 1249 4519 1311 4595; x_wconf 87' lang='lat' dir='ltr'>per</span> <span class='ocrx_word' id='word_1_303' title='bbox 1324 4520 1381 4571; x_wconf 88' lang='lat' dir='ltr'>me</span> 
     </span>
    </p>
   </div>
   <div class='ocr_carea' id='block_1_7' title="bbox 0 0 1808 5498">
    <p class='ocr_par' dir='ltr' id='par_1_7' title="bbox 0 0 1808 5498">
     <span class='ocr_line' id='line_1_38' title="bbox 0 0 1808 5498; baseline 0 3"><span class='ocrx_word' id='word_1_304' title='bbox 0 0 1808 5498; x_wconf 95' lang='lat' dir='ltr'> </span> 
     </span>
    </p>
   </div>
  </div>
 </body>
</html>
