3608 5498
947 427 1145 493 -246-

432 549 564 648 plante.
580 552 661 625 Non
686 548 773 654 licet
788 557 907 626 autem
926 550 959 627 ei
976 551 1144 627 fraudare
1160 549 1353 650 quicquam
1372 576 1416 627 ex
1432 551 1507 628 illis
1523 551 1583 629 vel
1599 574 1655 628 co

433 664 558 761 gnatis
575 662 725 763 propriis
742 663 827 740 dare
843 687 923 762 quae
939 663 1005 739 Dei
1030 674 1126 740 sunt.
1144 665 1245 752 Quod
1269 664 1299 740 si
1317 689 1491 764 pauperes
1509 665 1655 757 luerint,

433 789 476 854 ut
496 778 711 878 pauperibus
727 778 908 876 largiatur
924 779 1074 855 sednon
1099 778 1168 853 sub
1183 777 1358 853 honorum
1376 780 1559 856 occasione
1576 803 1657 878 qua

432 901 519 968 sunt
535 890 696 967 ecclesie
716 889 987 968 defraudentur.
1005 892 1106 980 Quod
1130 891 1163 968 si
1179 893 1445 969 excusationem
1464 894 1657 992 pretende·

434 1006 517 1097 rint,
534 1005 705 1079 damnum
731 1004 849 1082 facere
873 1013 910 1081 et
933 1004 1025 1081 nihil
1044 1006 1089 1081 ad
1112 1006 1309 1105 profectum
1335 1029 1467 1103 agrurn
1492 1006 1656 1098 existere,

433 1145 501 1196 nec
513 1118 566 1195 sic
579 1118 802 1217 principibus
818 1119 1002 1194 tribuatur
1019 1143 1109 1217 ager
1126 1118 1186 1195 vel
1203 1119 1385 1208 locus,sed
1403 1119 1544 1197 clericis
1560 1120 1658 1218 agri-

434 1233 643 1311 cultoribus.
661 1234 761 1322 Quod
783 1233 815 1309 si
839 1233 1037 1311 calliditate
1064 1258 1153 1309 usus
1176 1232 1286 1308 fuerit
1311 1234 1487 1335 princeps,
1503 1243 1541 1309 et
1564 1258 1658 1310 aco

437 1348 518 1424 lonc
530 1347 588 1425 vel
606 1347 736 1425 clerico
753 1349 882 1425 emerit
898 1373 1043 1446 agrum,
1056 1347 1164 1423 etiam
1179 1347 1232 1423 sic
1248 1347 1298 1422 sit
1314 1346 1417 1422 irrita
1434 1348 1605 1437 venditio,
1620 1358 1658 1424 et

437 1460 650 1538 restituatur
673 1461 849 1560 episcopio
873 1461 933 1539 vel
959 1460 1186 1550 monasterio,
1202 1469 1239 1537 et
1263 1461 1449 1560 episcopus
1474 1461 1533 1537 vel
1549 1461 1659 1536 abbas

436 1574 503 1651 hcc
519 1574 656 1652 faciens
672 1574 849 1652 abiciatur
866 1585 1048 1675 tamquam
1068 1574 1130 1674 qui
1143 1574 1319 1675 dispergit
1331 1600 1412 1675 quae
1424 1599 1495 1652 non
1507 1575 1658 1673 colligit.

1000 1777 1101 1863 VIII.

873 1982 924 2056 Ex
941 1980 1015 2035 eod.
1035 1992 1108 2047 cap.
1126 1981 1214 2034 xm.

533 2142 708 2232 Quoniam
741 2143 954 2244 quibusdam
980 2144 1071 2219 viris
1095 2144 1256 2243 quiedam
1282 2144 1506 2222 venerabiles
1530 2145 1657 2221 domus

438 2259 699 2359 supripiuntur,
713 2267 787 2335 tarn
804 2259 973 2336 videlicet
990 2259 1178 2358 episcopia,
1191 2282 1299 2357 quam
1314 2259 1539 2350 monasteria,
1552 2260 1623 2336 etf
1643 2303 1657 2316 -

439 2383 498 2449 cta
515 2382 602 2448 sunt
618 2371 822 2449 communia
839 2372 1230 2470 diversoria,siquidem
1249 2370 1431 2448 voluerint
1447 2372 1485 2447 hi
1503 2371 1566 2472 qui
1582 2372 1660 2448 haec

440 2485 597 2562 retinent
614 2485 762 2573 reddere
781 2510 834 2577 ea,
852 2497 894 2563 ut
918 2489 1115 2564 secundum
1133 2485 1383 2585 antiquitatem
1403 2495 1661 2577 restaurentur,

437 2601 528 2677 bene
545 2608 582 2675 ct
597 2598 739 2697 optime.
756 2598 924 2698 Alioquia
940 2600 972 2675 si
989 2600 1032 2677 de
1050 2624 1152 2677 sacro
1169 2599 1332 2697 catalogo
1352 2600 1500 2690 fuerint,
1516 2600 1580 2676 hos
1603 2601 1661 2676 de

417 2714 521 2813 poni
546 2711 783 2812 praecipimus.
800 2713 841 2786 Si
864 2735 951 2788 vero
976 2713 1141 2790 monachi
1166 2713 1226 2789 vel
1244 2713 1329 2788 laici
1346 2713 1660 2790 excommunicari.

439 2831 535 2916 Quos
551 2825 724 2900 nimirum
741 2834 881 2902 constat
897 2827 1173 2933 condempnatos
1190 2852 1267 2905 esse
1291 2853 1312 2901 a
1332 2831 1437 2903 Patre
1461 2836 1498 2903 ct
1514 2827 1606 2902 Filio
1622 2837 1660 2902 et

442 2940 579 3040 Spiritu
593 2949 727 3030 sancto,
738 2950 774 3017 et
786 2942 1005 3040 deputantur
1024 2941 1083 3018 ubi
1102 2943 1235 3018 vermis
1252 2963 1374 3018 eorum
1392 2965 1462 3016 non
1477 2941 1660 3031 morietur,

441 3065 478 3133 et
494 3055 592 3152 ignis
609 3078 678 3130 non
704 3056 951 3153 extinguetur,
967 3056 1054 3154 quia
1078 3057 1191 3130 aDeo
1215 3055 1453 3132 adversantur
1477 3055 1539 3152 qui
1563 3054 1661 3130 dicit.

440 3169 560 3247 Nolite
575 3169 693 3247 facere
709 3170 853 3246 domum
874 3170 986 3269 patris
1003 3170 1085 3261 mei,
1101 3170 1245 3246 domum
1263 3169 1526 3267 negotiationis.
1635 3234 1637 3238 Α

996 3373 1111 3457 VIIII.

672 3577 722 3630 Ex
740 3577 817 3630 VIII
836 3576 968 3644 synodo
988 3576 1093 3630 CCXL
1111 3576 1244 3631 Petrum
1262 3577 1295 3629 tn
1313 3574 1377 3629 dte.
1396 3576 1435 3627 x.

540 3739 760 3840 Apostolicos
783 3748 820 3816 et
836 3747 1002 3837 paternos
1018 3762 1171 3816 canones
1189 3761 1365 3814 renovans
1382 3737 1460 3815 haec
1476 3747 1602 3814 sancta
1626 3749 1663 3815 et

445 3854 664 3932 universalis
689 3854 860 3953 synodus,
876 3853 1074 3929 diffinimus
1098 3853 1278 3929 neminem
1296 3875 1441 3951 prorsus
1457 3853 1662 3952 episcopum

445 3971 599 4048 uendere
616 3969 675 4045 vel
692 3977 889 4067 utcumque
913 3968 1083 4057 alienare,
1099 3966 1249 4066 cymilia
1273 3974 1310 4042 et
1326 3989 1413 4040 vasa
1438 3974 1590 4055 sacrata,
1606 3991 1662 4041 ex-

447 4094 550 4184 cepta
574 4108 684 4160 causa
708 4082 794 4158 olim
824 4082 870 4157 ab
897 4082 1058 4181 antiquis
1082 4079 1280 4155 canonibus
1304 4078 1475 4168 ordinata,
1496 4077 1664 4155 videlicet

447 4222 526 4298 quoe
553 4197 783 4296 accipiuntur
812 4196 851 4271 in
881 4195 1121 4296 redemptione
1145 4193 1383 4291 captivorum,
1408 4192 1470 4268 sed
1498 4216 1565 4268 nec
1594 4203 1664 4267 tra·

447 4314 530 4388 dere
547 4310 678 4384 salaria
697 4310 928 4387 ecclesiarum
948 4310 986 4383 in
1004 4306 1274 4408 emphyteutica
1290 4315 1406 4405 pacta,
1417 4331 1484 4382 nec
1500 4305 1590 4380 alias
1606 4332 1665 4382 ru-

447 4424 559 4501 sticas
575 4423 811 4522 possessiones
835 4423 1051 4499 venundare.
1068 4428 1124 4498 Ac
1140 4446 1202 4521 per
1225 4421 1294 4497 hoc
1310 4419 1571 4498 ecclesiasticos
1589 4422 1664 4497 red·

448 4537 545 4614 diors
562 4537 690 4630 ledere,
706 4563 796 4638 quos
811 4537 857 4616 ad
874 4537 1052 4639 propriam
1078 4536 1284 4629 utilitatem,
1299 4544 1336 4613 ct
1359 4535 1404 4613 ob
1420 4559 1521 4612 escas
1536 4559 1665 4636 paupe
