3608 5498
972 393 1167 460 -208-

463 543 585 593 omnes
601 515 754 590 ordinati
770 514 923 589 offerunt
939 513 1133 588 oblationes
1149 512 1193 586 ad
1211 536 1339 585 manus
1356 507 1549 598 Pontificis,
1567 517 1603 582 et
1621 506 1684 580 mi-

463 631 621 705 nistrant
637 629 692 702 illi
715 629 962 727 unusquisque
979 627 1176 704 secuudum
1196 625 1351 700 officium
1375 648 1493 698 suum.
1517 619 1685 696 Pontifex

463 767 548 818 vero
570 742 706 818 oblatas
723 743 885 839 integras
897 743 958 816 dat
972 740 1129 837 siugulis
1143 738 1288 815 novitiis
1305 736 1541 836 Presbyteris,
1554 746 1590 811 et
1603 735 1685 809 inda

460 856 726 934 communicant
742 881 855 954 nsque
879 856 954 931 dies
967 858 1064 929 VIII.
1081 853 1242 952 Expletis
1259 863 1379 927 autem
1397 850 1562 925 omnibus
1584 858 1683 925 stant

460 970 575 1068 parati
584 970 745 1044 homines
754 969 941 1066 regionum
952 969 995 1043 ad
1009 967 1173 1063 singulos
1181 965 1306 1053 titulos
1318 962 1586 1065 pertinentium,
1599 987 1682 1036 cum

460 1082 681 1159 candelabris
694 1093 730 1158 et
743 1081 923 1171 turibulis,
937 1093 978 1156 ut
990 1080 1171 1181 proprium
1186 1079 1384 1176 suscipiant
1396 1076 1624 1153 sacerdotem.
1638 1078 1683 1148 ll-

443 1198 447 1206 ’
460 1195 707 1294 gradientibus
723 1206 843 1271 antem
858 1196 900 1270 de
917 1195 1065 1270 basilica
1079 1195 1195 1268 sancti
1209 1193 1318 1281 Petri,
1332 1192 1538 1289 praecedunt
1554 1216 1682 1263 unum-

460 1333 636 1406 quemque
652 1308 865 1384 candelabra
882 1333 965 1384 cum
979 1308 1149 1383 turibulis
1165 1317 1207 1382 ut
1224 1306 1404 1406 proprium
1418 1304 1617 1402 suscipiant
1629 1330 1683 1377 sa·

461 1423 649 1510 candelam,
665 1421 732 1520 ipsi
751 1445 835 1496 vero
852 1421 975 1495 sedent
992 1445 1099 1518 super
1116 1442 1224 1517 equos
1245 1417 1353 1506 albos,
1370 1429 1405 1493 at
1421 1416 1625 1517 praecedens
1645 1424 1681 1489 et

460 1534 678 1633 subsequens
695 1535 845 1634 populus
857 1534 955 1610 canit
968 1533 999 1608 ei
1014 1534 1145 1609 laudes.
1159 1533 1333 1608 Similiter
1345 1533 1453 1607 etiam
1468 1534 1508 1606 fit
1521 1531 1681 1606 diaconis

460 1649 522 1749 qui
539 1649 659 1724 eodem
677 1648 732 1724 die
744 1648 1013 1724 benedicuntur.
1027 1648 1158 1723 Plataea
1170 1656 1291 1722 autem
1305 1646 1465 1722 civitatis
1478 1647 1572 1721 uude
1585 1655 1681 1720 trau·

460 1763 567 1838 situri
584 1772 669 1837 sunt
686 1772 899 1837 coronantur
916 1771 952 1839 et
968 1770 1141 1836 ornantur
1158 1760 1286 1858 palliis,
1303 1761 1408 1836 etsie
1428 1760 1611 1835 ducuntur
1636 1759 1680 1834 ad

459 1876 630 1952 ecclesias
646 1902 739 1952 suas.

556 1988 721 2089 Episcopi
740 2013 823 2064 vero
839 1988 934 2062 omni
953 1998 1110 2085 tempore
1136 1986 1408 2062 benedicuntur.
1425 1991 1533 2063 Nunc
1558 1997 1680 2062 autern

461 2099 553 2176 idest
569 2101 607 2174 in
624 2101 768 2176 sabbato
786 2099 876 2176 IIII²¹
895 2101 1064 2200 temporis
1077 2125 1160 2176 com
1175 2100 1348 2175 ordinatio
1361 2100 1484 2197 agitur
1496 2102 1590 2202 apud
1602 2126 1682 2174 sau-

461 2223 561 2288 ctum
576 2216 736 2304 Petrum,
753 2239 828 2289 mos
840 2225 947 2291 estut
959 2225 1132 2290 nocturno
1145 2224 1302 2311 tempore
1315 2213 1580 2289 benedicantur.
1594 2219 1682 2289 Sau-

461 2334 520 2400 cta
537 2352 692 2425 namque
710 2328 884 2402 incisione
901 2328 993 2402 idest
1010 2329 1160 2404 lectione
1178 2331 1211 2398 V
1238 2327 1422 2424 agreditur
1447 2329 1612 2403 Pontifex
1635 2328 1677 2402 da

461 2438 624 2515 ecclesia
641 2440 757 2515 sancti
772 2441 882 2530 Petri,
898 2451 935 2516 et
947 2441 1107 2517 ascendit
1119 2441 1375 2516 monasterium
1393 2442 1507 2516 sancti
1522 2442 1681 2532 Martini,

461 2561 496 2627 et
513 2551 743 2651 subsequitur
760 2554 834 2652 ipse
852 2554 991 2630 electus
1016 2554 1077 2652 qui
1101 2552 1366 2629 benedicendus
1383 2564 1447 2641 est„
1468 2554 1679 2652 simpliciter
1712 2561 1716 2568 '

463 2688 547 2739 cum
566 2666 702 2764 reliquo
715 2666 809 2742 claro
821 2667 1000 2757 incedens,
1013 2678 1049 2743 at
1065 2675 1138 2742 stat
1154 2668 1248 2741 foras
1264 2667 1396 2741 ostium
1413 2667 1567 2742 oratorii.
1579 2671 1680 2745 Tune

461 2776 558 2851 scola
574 2786 760 2853 cantorum
778 2779 907 2877 incipit
923 2779 1119 2855 introitum.
1133 2785 1259 2855 Postea
1275 2781 1363 2857 dicit
1381 2780 1544 2856 Pontifex
1557 2782 1680 2856 Gloria

461 2888 500 2962 in
517 2890 667 2966 excelsis
684 2893 766 2966 Deo.
784 2893 955 2991 Sequitur
971 2895 1092 2968 oratio.
1109 2897 1156 2967 Et
1173 2903 1260 2970 tunc
1279 2919 1373 2968 unus
1391 2895 1582 2993 Presbyter
1600 2896 1677 2970 eius

461 3012 497 3076 et
511 3002 691 3078 Diaconos
703 3004 853 3079 induent
865 3031 948 3079 eum
962 3006 1132 3093 vestibus,
1143 3006 1234 3080 idest
1246 3006 1394 3094 amictu,
1403 3006 1509 3096 linea,
1521 3007 1680 3103 cingulo,

461 3116 586 3202 orario,
603 3115 804 3206 dalmatica,
821 3117 956 3207 casula,
970 3118 1073 3194 Claro
1085 3118 1229 3193 interim
1243 3128 1393 3195 canente
1406 3120 1679 3217 Responsorium

462 3227 610 3302 Immola
628 3230 701 3303 Deo
717 3239 753 3305 et
769 3230 915 3306 alleluia
933 3231 1070 3306 Diffusa
1083 3241 1137 3307 est
1150 3232 1280 3328 gratia,
1294 3241 1358 3306 aut
1370 3242 1528 3307 tractum
1542 3234 1612 3320 Qui
1629 3260 1681 3310 se·

461 3340 603 3414 minant
619 3341 656 3414 iu
674 3340 844 3416 lacrimis
868 3345 1019 3440 Legitur
1043 3344 1296 3440 Evangelium.
1322 3345 1534 3420 Convocatis
1554 3347 1686 3421 lhesus'

462 3454 533 3525 XII
550 3451 736 3550 discipulis
753 3454 839 3528 suis.
857 3457 982 3530 Postea
998 3456 1194 3532 advocatur
1211 3456 1250 3530 in
1264 3456 1449 3531 basilicam
1465 3458 1679 3558 Presbytero

461 3563 539 3637 eius
555 3587 577 3635 a
594 3564 729 3640 dextris
746 3576 782 3641 et
799 3567 956 3641 Diacouo
972 3593 994 3642 a
1011 3569 1177 3644 sinistris.
1190 3572 1268 3668 Ipsa
1282 3593 1366 3645 vero
1378 3569 1551 3646 inclinato
1563 3573 1679 3666 capita

460 3673 595 3749 incedit
607 3675 644 3749 in
661 3677 775 3753 medio
788 3702 910 3754 eorum
927 3704 1040 3779 usque
1058 3682 1142 3756 dnm
1160 3684 1284 3757 veniat
1300 3682 1344 3757 ad
1359 3682 1493 3772 Altera,
1506 3695 1542 3759 et
1555 3687 1679 3781 agitur

460 3789 686 3864 scrutinium.
704 3793 805 3866 Tunc
822 3792 968 3868 exuitur
985 3793 1107 3868 casula
1124 3804 1160 3870 at
1177 3793 1341 3870 induitur
1358 3795 1511 3892 planeta,
1528 3808 1564 3872 et
1590 3800 1679 3872 Pon·

459 3900 549 3976 tifex
561 3901 653 3999 legit
664 3902 772 3980 breve
785 3905 823 3978 in
836 3905 933 3982 hunc
946 3907 1099 3982 modum.
1112 3908 1219 3983 Cives
1233 3907 1283 3982 ill.
1297 3907 1487 4005 clegerunt
1499 3910 1566 3985 sibi
1580 3910 1678 3987 hunc

461 4022 647 4110 pastorem.
665 4016 819 4090 Oramus
843 4016 964 4116 itaque
989 4042 1052 4116 pro
1076 4017 1142 4095 hoo
1167 4018 1245 4094 viro
1269 4029 1311 4094 ut
1336 4021 1432 4095 Deus
1457 4022 1678 4120 omnipotens

459 4123 627 4199 iufundat
643 4125 682 4199 in
699 4151 780 4202 eum
798 4129 957 4224 gratiam
976 4129 1132 4227 Spiritus
1149 4130 1206 4205 sui
1227 4141 1269 4205 ut
1285 4131 1419 4228 dignus
1443 4132 1618 4208 habeatur
1634 4135 1678 4208 ad

460 4235 667 4312 cathedram
682 4240 907 4338 episcopatus
921 4244 1125 4337 regendam.
1134 4247 1180 4318 Et
1194 4245 1408 4342 respondens
1420 4246 1526 4335 scola,
1539 4247 1681 4322 Christe

459 4346 543 4422 audi
561 4372 633 4424 nos.
650 4353 697 4424 Et
715 4350 799 4425 dum
817 4362 953 4428 canunt
971 4353 1163 4445 laetaniam,
1175 4356 1315 4432 accedit
1332 4358 1476 4458 propius
1490 4358 1535 4432 ad
1552 4358 1677 4435 Altare

458 4460 609 4536 subnixo
629 4463 756 4561 capite.
773 4466 938 4541 Pontifex
954 4491 1039 4543 vero
1054 4479 1160 4567 ponat
1179 4493 1325 4542 manum
1344 4495 1450 4569 super
1468 4482 1577 4570 caput
1600 4473 1679 4546 eius
