3608 5498
685 397 881 460 -189-

166 503 203 592 in
222 517 434 615 cuiusquam
453 527 695 616 praesumatur
712 517 893 607 iniuriam,
911 543 954 592 ne
973 519 1002 591 si
1026 507 1153 592 iterato
1177 518 1222 592 ad
1239 541 1302 592 nos
1327 518 1391 620 im-

165 631 314 730 ploratio
327 631 421 706 iusta
436 631 651 729 confugerit,
664 656 808 707 necesse
823 631 870 705 sit
883 631 1044 706 severius
1057 653 1290 707 commovere.
1303 635 1393 707 Exe-

165 746 345 822 cutionem
365 772 450 822 vero
469 747 744 845 praeceptionum
771 755 985 834 nostrarum,
1010 744 1113 818 fratri
1131 733 1168 819 et
1191 745 1393 844 coepiscopo

164 870 283 935 nostro
300 860 439 935 Iuliano
456 884 520 934 nos
538 861 758 936 commisisse
775 859 928 946 noveris
941 868 983 933 ut
999 857 1118 932 omnia
1133 858 1178 932 ab
1191 857 1252 932 illo
1270 883 1392 957 quem·

164 974 352 1049 admodum
375 975 629 1050 constituimus
648 975 864 1049 roborentur.
890 974 1022 1046 Datum
1050 973 1137 1045 VIII
1159 969 1243 1044 Idus
1268 971 1392 1046 Martii

165 1086 485 1184 postconsulatum
508 1091 552 1161 V.
571 1089 610 1163 C.
627 1087 770 1162 Iuliani.

747 1290 819 1373 IIL.

689 1494 767 1559 cap.
788 1496 860 1546 1111.

262 1654 428 1729 Gelasius
438 1655 474 1728 in
485 1655 723 1731 decretalibus
736 1656 821 1729 suis,
831 1656 1080 1731 Ordinationes
1094 1657 1395 1755 presbyterorum,

172 1778 208 1843 et
224 1769 450 1845 diaconorum
469 1770 537 1844 nisi
557 1772 664 1846 certis
682 1769 899 1868 temporibus
916 1779 952 1844 et
969 1769 1092 1845 diebus
1110 1795 1273 1845 exercere
1290 1794 1396 1846 nemo

171 1884 422 1981 Episcoporum
441 1884 580 1959 audent.
598 1887 720 1982 ltaque
740 1883 873 1958 mensis
886 1886 965 1958 llll.
980 1886 1059 1957 Vll.
1076 1896 1112 1959 et
1125 1889 1160 1959 X
1174 1885 1317 1974 ieiuni0,
1335 1884 1395 1960 sed

168 1997 274 2070 etiem
286 1997 588 2094 quadragesimali
599 1998 713 2088 initio,
722 2023 764 2072 ac
779 1999 940 2074 mediana
951 1999 1244 2098 quadragesime,
1254 2000 1309 2074 die
1320 1999 1396 2073 sab

167 2110 241 2185 bati
261 2112 357 2187 circa
371 2138 539 2212 vesperas
551 2113 648 2211 ipsas
661 2112 900 2187 ordinationes
916 2112 1082 2187 noverint
1099 2110 1336 2187 celebrandas.
1351 2115 1398 2184 Et

168 2224 272 2299 infra.
289 2229 365 2302 Nec
382 2226 576 2303 cuiuslibet
594 2225 764 2301 utilitatis
781 2251 844 2300 seu
863 2225 1112 2324 presbyterum
1126 2251 1189 2301 seu
1208 2226 1396 2300 diaconum

169 2337 225 2412 his
248 2339 424 2436 praeferre,
446 2340 607 2438 quiante
632 2341 776 2414 fuerant
793 2339 955 2414 ordinati.
978 2339 1075 2413 Idem
1093 2339 1131 2413 in
1150 2349 1299 2436 regesto
1325 2338 1395 2426 Qui

168 2453 336 2550 proficere
354 2452 563 2544 noluerunt,
581 2453 775 2527 reddantur
793 2454 870 2527 suis
889 2452 1117 2528 inferioribus
1135 2464 1213 2551 post
1231 2453 1396 2544 minores,

170 2567 316 2664 ipsaque
334 2566 516 2641 commoda
534 2567 735 2665 presbytori
757 2567 976 2665 propensius,
995 2591 1103 2665 quarn
1121 2567 1260 2644 diaconi
1277 2592 1398 2645 conse-

172 2690 340 2776 quantur,
357 2691 398 2754 ut
413 2679 481 2754 hac
495 2679 622 2755 saltem
638 2681 773 2756 ratione
786 2680 983 2772 constricti,
996 2688 1032 2756 et
1045 2678 1213 2757 honorem
1226 2705 1331 2779 quem
1343 2681 1399 2755 fu·

171 2793 281 2889 giunt
297 2802 462 2892 appetere
479 2794 644 2868 nitantur
660 2805 696 2869 et
713 2804 889 2892 questum.

753 2996 842 3080 XLI.

627 3202 675 3252 Ex
695 3198 767 3252 eod.
788 3212 860 3267 cap.
879 3202 948 3252 VI?

269 3364 346 3437 Nnc
356 3362 476 3436 minus
489 3364 596 3438 etiam
611 3361 837 3465 presbyteros
851 3371 972 3437 contra
983 3387 1089 3435 suum
1101 3361 1242 3436 modum
1252 3360 1397 3436 tendere

174 3475 411 3572 prohibemus,
422 3500 489 3550 nec
502 3475 691 3575 episcopali
710 3474 855 3572 fastigio
872 3475 990 3550 debita
1003 3475 1149 3551 simibet
1161 3475 1331 3549 audacter
1343 3498 1399 3549 as·

175 3615 325 3665 sumere.
339 3594 418 3665 Non
432 3589 642 3666 conficiendi
660 3587 889 3676 Chrismatis,
906 3613 976 3662 non
990 3587 1275 3685 cogsignatiouis
1287 3586 1400 3684 ponti·

175 3703 289 3779 ficalis
305 3703 500 3781 adhibendo
517 3703 659 3778 sibimet
675 3703 833 3800 arripere
847 3703 1068 3793 facultatem,
1081 3713 1117 3778 et
1133 3725 1204 3776 non
1226 3710 1399 3800 praesente

176 3817 333 3915 quolibet
346 3817 528 3906 Antistite,
540 3816 611 3890 nisi
625 3816 773 3890 fortasse
788 3815 953 3891 iubeatur
967 3815 1026 3891 vel
1039 3814 1207 3891 orationis
1220 3812 1279 3889 vel
1292 3813 1400 3888 actio·

175 3931 233 4004 nis
250 3955 361 4007 sacrae
378 3940 563 4028 suppetere
581 3929 647 4003 sibi
666 3938 861 4028 prasumat
878 3953 954 4004 esse
972 3929 1168 4018 licentiam,
1193 3951 1308 4025 neque
1333 3925 1400 4002 sub

176 4044 255 4118 eius
272 4054 417 4142 aspectu
436 4044 505 4117 uisi
523 4043 689 4118 iubeatur
706 4052 770 4117 aut
792 4043 913 4118 sedero
938 4051 1141 4143 prasumat,
1165 4049 1229 4114 ant
1253 4064 1401 4115 venera-

176 4158 262 4233 bilia
275 4169 430 4235 tractare
440 4158 609 4233 misteria.
622 4160 697 4232 Nec
712 4156 778 4230 sibi
795 4156 998 4231 meminerit
1009 4154 1083 4229 ulla
1097 4154 1231 4229 ratione
1244 4152 1399 4243 concedi,

178 4273 254 4348 sine
272 4295 412 4346 summo
429 4272 601 4347 Pontifice
618 4271 820 4357 diaconum,
846 4268 1113 4357 subdiaconum,
1134 4267 1193 4342 vel
1218 4265 1400 4356 acolitum,

178 4386 235 4460 ius
252 4386 378 4462 habere
396 4385 550 4461 faciendi
569 4409 633 4459 nec
650 4408 795 4482 prorsus
805 4382 947 4457 dubitet
959 4382 990 4456 si
1004 4381 1196 4480 quiequam
1213 4376 1401 4478 ad‘episco

179 4500 257 4598 pale
268 4498 730 4597 ministerium,speoialiter
740 4497 922 4596 pertinens
931 4517 995 4570 suo
1005 4505 1102 4571 motu
1113 4495 1402 4593 putaveritexse·
