3608 5498
799 396 995 458 -346-

290 543 383 606 rum,
396 513 489 590 nulli
503 536 625 591 eorum
640 535 780 612 quoquo
794 513 894 589 modo
906 514 1016 591 licere
1028 514 1105 590 haec
1117 521 1182 590 aut
1194 513 1434 610 confringere,
1450 515 1509 591 rel

290 633 329 706 in
346 654 523 730 quoquam
541 627 705 706 convelli.
723 627 762 703 Si
780 627 861 727 quis
873 638 993 704 autem
1008 628 1100 727 qnod
1112 650 1183 702 non
1196 627 1377 704 oredimus
1389 628 1428 702 in
1440 628 1509 706 hoc

291 753 483 822 temerator
500 754 564 817 aut
580 751 800 840 contemptor
824 741 993 830 extiterit,
1017 741 1162 818 aeternis
1186 741 1510 840 condempnationi-

292 860 360 935 bus
376 856 544 945 subiceat
554 854 756 944 innodatus,
772 865 809 931 et
825 865 966 931 sanctos
983 856 1049 931 Dei
1067 855 1247 954 principes
1257 854 1509 954 Apostolorum

290 976 439 1048 Petrum
458 979 494 1046 et
511 968 678 1059 Paulum,
691 968 759 1046 sibi
773 979 810 1045 et
822 970 861 1043 in
873 970 1040 1069 presenti
1053 979 1089 1047 et
1101 969 1140 1042 in
1149 968 1277 1044 'futura
1289 969 1366 1044 vita
1378 968 1511 1046 sentiat

287 1094 412 1163 contra
428 1107 494 1159 nos
508 1094 617 1184 atque
633 1086 672 1160 in
685 1086 826 1161 inferno
839 1082 998 1158 inferiori
1012 1092 1261 1159 concrematus
1274 1107 1358 1158 oum
1372 1083 1508 1160 diabolo

288 1210 324 1277 et
340 1199 506 1275 omnibus
522 1200 665 1277 deficiat
681 1200 811 1299 impiis.
824 1199 944 1275 Huius
956 1219 1043 1272 vero
1054 1196 1251 1296 imperialis
1264 1197 1376 1273 nostri
1389 1198 1508 1274 decre-

292 1313 321 1389 ti
346 1312 516 1412 paginam
541 1314 694 1412 propriis
718 1312 885 1388 manibus
910 1311 1123 1414 roborantes,
1139 1335 1246 1410 super
1262 1312 1507 1387 venerandum

288 1452 417 1526 corpus
433 1426 528 1502 beati
545 1428 642 1503 Petri
662 1427 855 1527 posuimus.
873 1428 965 1502 Data
982 1427 1102 1501 Rome
1118 1427 1171 1500 lll
1195 1424 1270 1499 kal.
1293 1425 1429 1524 Aprilis
1454 1427 1508 1502 Fl.

292 1539 527 1616 Constantino
544 1545 712 1637 Augusto
728 1550 855 1638 quater
871 1539 1018 1617 consule
1036 1549 1072 1617 et
1089 1539 1275 1616 Gallicano
1292 1544 1372 1616 VV.
1390 1541 1461 1617 CO.

873 1745 920 1829 ΙΙ.

586 1950 623 1999 In
641 1947 789 2012 Epistola
807 1947 939 2022 concilil
957 1947 1201 2001 calcedonensi.

383 2110 489 2185 Galla
506 2107 666 2184 Placidia
683 2114 863 2206 Augusta,
888 2108 1002 2183 Haelie
1028 2108 1228 2185 Pulcherioe
1249 2109 1419 2209 piissimas
1437 2118 1510 2187 Au·

287 2222 388 2318 gusti
403 2223 495 2312 filiae,
506 2224 598 2297 inter
612 2232 751 2299 cratera.
760 2222 879 2319 Igitur
892 2231 955 2296 tua
968 2222 1161 2299 clementia
1173 2226 1370 2301 secundum
1382 2226 1510 2303 Catho-

287 2335 394 2411 lioam
414 2336 517 2410 fidem
534 2336 626 2434 quod
643 2361 782 2436 semper
799 2334 984 2411 nobiscum
1003 2335 1091 2412 fecit
1107 2336 1310 2434 conspirare
1327 2339 1509 2435 dignetur,

287 2458 329 2524 ut
346 2448 517 2547 quicquid
534 2449 572 2522 in
589 2449 652 2523 illo
668 2448 889 2524 tumultuoso
908 2448 1176 2548 miserrimoque
1193 2451 1342 2527 concilio
1359 2452 1451 2528 idest
1463 2457 1507 2527 E·

288 2560 434 2661 phesino
451 2566 485 2637 II
503 2563 740 2638 constitutum
759 2572 824 2653 est,
839 2563 938 2638 omni
956 2563 1092 2639 virtute
1117 2563 1384 2641 submoveatur.
1407 2570 1453 2641 Et
1476 2591 1509 2641 o

288 2674 433 2749 mnibus
450 2674 605 2771 integris
630 2675 933 2773 permanentibus,
950 2679 994 2752 ad
1017 2679 1229 2776 Apostolicae
1254 2680 1355 2756 Sedis
1379 2682 1417 2754 in
1438 2705 1510 2780 qua

288 2789 426 2886 primns
443 2789 569 2864 beatus
587 2789 777 2887 Apostolus
795 2793 924 2866 Petrus
946 2792 1009 2891 qni
1033 2793 1141 2868 etiam
1167 2793 1289 2869 claves
1314 2818 1508 2891 regnorum

291 2901 488 2978 celestium
515 2903 725 3001 suscipiens,
747 2905 934 2981 sacordotii
961 2905 1200 3006 principatum
1226 2908 1354 2998 tenuit,
1379 2906 1509 3005 episco

289 3041 375 3115 pum
392 3043 501 3094 causa
519 3017 693 3094 mittatur.

869 3212 933 3296 lll.

703 3413 785 3469 Item
805 3417 839 3468 in
857 3416 920 3471 alto
939 3418 1096 3472 eiusdem.
1223 3397 1225 3401 ¹

384 3576 535 3653 Domino
547 3601 626 3654 meo
639 3577 829 3654 Theodosio
842 3578 1100 3676 gloriosissimo
1112 3580 1241 3657 victori
1257 3606 1301 3657 ac
1312 3580 1511 3680 triumpha-

289 3691 357 3766 tori
376 3699 547 3791 perpetuo
564 3690 768 3790 imperatori
786 3702 822 3768 et
835 3694 938 3791 patri.
951 3693 1077 3770 Victor
1091 3695 1370 3770 Valentinianus
1382 3695 1512 3791 glorio·

289 3831 352 3881 sus
370 3829 508 3905 semper
520 3816 702 3901 augustus
714 3815 751 3882 et
765 3806 862 3882 filius
874 3807 969 3884 inter
981 3817 1110 3885 cetera.
1122 3808 1245 3884 Fidem
1260 3834 1281 3882 a
1294 3809 1426 3884 nostris
1440 3833 1512 3882 ma-

289 3919 424 3996 ioribus
441 3919 622 4008 traditam,
633 3920 804 3996 debemus
816 3947 901 3998 cum
917 3921 1014 3995 omni
1028 3921 1244 4019 competenti
1256 3920 1443 3996 devotione
1455 3921 1513 3995 de-

289 4034 443 4123 fendere,
459 4042 495 4109 et
512 4033 727 4130 dignitatem
746 4035 895 4134 propria
912 4034 1152 4111 venerationis
1169 4035 1271 4111 beato
1291 4038 1397 4111 Petro
1422 4040 1514 4131 Apo

289 4148 378 4223 stolo
394 4147 646 4223 intemeratam
664 4148 700 4222 in
719 4149 853 4224 nostris
870 4149 1087 4247 temporibus
1100 4172 1324 4239 conservare,
1341 4148 1513 4248 quatinus

288 4261 518 4337 beatissimus
534 4265 702 4337 Romanae
719 4263 879 4337 civitatis
897 4265 1094 4361 Episcopus
1110 4262 1171 4338 oui
1193 4263 1434 4361 principatum
1459 4285 1514 4333 sa·

288 4374 433 4452 cerdotii
452 4397 560 4472 super
576 4398 700 4450 omnes
715 4375 914 4474 antiquitas
931 4377 1095 4468 contulit,
1112 4377 1230 4453 locum
1256 4375 1385 4451 habeat
1405 4373 1479 4450 acl
1499 4417 1513 4430 ·

288 4486 461 4568 cultawm
478 4488 523 4566 de
539 4488 781 4573 sacerdotibus
798 4490 968 4569 iudicare.
