3608 5498
799 412 840 430 ·-
870 381 1001 444 384-

292 501 441 578 rationis
458 502 623 598 regulam
641 502 785 578 omnino
800 501 914 577 nichil
930 502 1049 576 faciat.
1067 499 1172 575 Absit
1188 522 1273 575 vero
1290 511 1332 575 ut
1347 501 1515 578 ecclesia

292 641 376 690 cum
394 627 589 710 augmento
607 617 756 713 recipiat
772 616 864 714 quod
881 616 924 690 de
941 614 1094 691 terrenis
1107 614 1213 691 rebus
1225 615 1370 690 videtur
1382 616 1515 691 admit·

291 740 366 803 tere
383 737 420 804 et
438 730 540 804 lucra
558 730 601 804 de
618 731 722 803 vanis
740 754 897 828 querere.
916 732 962 801 Et
975 728 1079 802 infra.
1092 728 1185 804 Cum
1198 738 1352 824 cognata
1365 752 1509 827 quoque

291 840 433 917 misceri
452 841 669 938 prohibitum
680 851 750 917 est.
769 845 837 916 Pro
862 866 932 939 qua
958 866 996 915 rc
1021 842 1129 916 ctiam
1155 842 1330 916 Iohannes
1347 843 1516 938 Baptista

290 954 407 1051 capite
426 963 617 1029 truncatus
641 963 705 1044 cst,
730 964 766 1029 et
791 965 915 1030 sancto
938 953 1115 1052 martyrio
1139 963 1416 1029 consummatus.
1441 954 1516 1030 Cui

290 1091 360 1141 non
374 1077 428 1142 est
440 1067 576 1142 dictum
595 1077 635 1141 nt
652 1067 838 1143 Christum
852 1075 1014 1162 negaret,
1026 1075 1062 1141 ot
1074 1076 1195 1141 tamen
1208 1089 1270 1166 pro
1283 1066 1417 1143 Christi
1431 1090 1519 1142 oon-

290 1180 442 1255 fessioue
455 1180 604 1255 occisus.
618 1179 686 1255 Sed
700 1180 784 1277 quia
797 1179 889 1254 idem
904 1180 1077 1255 Dominus
1089 1191 1209 1256 noster
1221 1182 1327 1256 Ihesu
1341 1181 1514 1257 Christus

290 1295 439 1383 dixerat,
456 1317 617 1388 egosum
636 1294 781 1382 veritas,
797 1293 882 1391 quia
907 1314 968 1388 pro
992 1291 1144 1366 veritate
1169 1291 1345 1368 Iohannes
1369 1291 1517 1368 occisus

293 1417 358 1496 est,
376 1430 439 1505 pro
457 1407 602 1482 Christo
618 1406 833 1501 sanguinem
848 1406 953 1494 ludit,
966 1414 1002 1480 et
1015 1405 1118 1479 infra.
1132 1407 1174 1479 ln
1187 1406 1253 1481 hoc
1265 1415 1419 1505 tempore
1431 1431 1519 1480 san-

292 1530 350 1594 cta
363 1518 525 1594 aecclesia
542 1518 702 1617 quaedam
717 1542 778 1615 per
796 1520 971 1594 fervorem
986 1518 1148 1614 corrigit,
1160 1519 1321 1616 quaedam
1335 1544 1397 1616 per
1411 1545 1517 1593 man-

291 1633 519 1708 suetudinem
537 1633 675 1722 tolerat,
697 1634 858 1731 quaedam
876 1656 938 1730 per
963 1631 1280 1707 considerationem
1296 1631 1519 1721 dissimulat,

292 1756 333 1820 ut
357 1770 439 1843 sepe
464 1745 600 1819 malum
630 1745 722 1844 quod
750 1746 973 1834 adversatur,
998 1745 1168 1842 portando
1192 1755 1229 1818 et
1252 1744 1518 1827 dissimulando

294 1873 505 1959 compescat.

847 2002 950 2088 LXV.

385 2202 583 2296 Gregorius
592 2200 959 2298 Theoctistepatricioe
968 2201 1063 2276 inter
1072 2211 1199 2276 cetera.
1210 2201 1248 2274 Si
1258 2201 1318 2298 qui
1329 2224 1414 2275 vero
1424 2213 1520 2278 sunt

291 2313 351 2411 qni
369 2313 491 2386 dicant
508 2312 593 2409 quia
609 2313 813 2411 compulsus
830 2313 1007 2411 quispiam
1025 2315 1237 2389 necessitate
1256 2315 1286 2386 si
1303 2315 1516 2389 anathema-

290 2425 469 2515 tizaverit,
477 2435 672 2501 autcontra
684 2451 726 2501 ea
735 2451 814 2524 quae
827 2427 893 2500 sub
905 2427 1130 2502 anathemate
1143 2426 1319 2524 prohibita
1328 2438 1414 2502 sunt
1423 2453 1516 2526 praa-

289 2539 491 2636 sumpserit,
508 2539 747 2614 anathematis
771 2540 916 2615 vinoulo
932 2563 1002 2615 nou
1019 2549 1173 2628 tenetur,
1197 2539 1285 2636 ipsis
1302 2540 1368 2615 sibi
1396 2551 1516 2617 testes

289 2660 375 2724 sunt
387 2651 471 2748 quia
484 2650 680 2727 Christiani
694 2676 764 2726 non
777 2662 873 2742 sunt,
885 2654 966 2751 quia
982 2653 1177 2748 ligamenta
1190 2663 1324 2728 sanctae
1336 2652 1517 2730 aeoclosiae

290 2764 394 2836 vanis
411 2788 448 2838 se
465 2764 633 2838 estimant
649 2765 834 2839 conatibus
852 2766 998 2854 solvero,
1014 2765 1082 2840 hac
1099 2791 1161 2864 per
1185 2765 1252 2840 hoo
1276 2790 1343 2840 noc
1364 2766 1516 2841 absolu·

290 2877 419 2950 tionem
435 2887 568 2952 sanctu
581 2877 760 2967 aecclesia,
778 2902 884 2976 qnam
899 2887 1042 2973 praestat
1055 2876 1217 2951 fidelibus
1230 2902 1354 2952 veram
1368 2888 1516 2973 putant,

288 2988 320 3062 si
337 2987 515 3084 ligaturas
532 2988 610 3063 eius
627 2987 748 3086 valere
764 3013 835 3064 non
851 2991 1030 3065 estimant.
1048 2990 1177 3066 Contra
1197 3013 1284 3087 quos
1301 2989 1438 3063 diutius
1455 2991 1514 3064 di-

289 3102 508 3199 sputandum
526 3112 679 3191 nonest,
697 3103 781 3201 quia
797 3126 859 3200 per
876 3102 994 3176 omnia
1010 3101 1227 3198 despiciendi
1245 3126 1288 3177 ao
1306 3102 1519 3176 anathema·

289 3213 424 3287 tizandi
442 3224 537 3289 sunt.
554 3216 601 3288 Et
614 3214 708 3290 unde
720 3238 758 3289 se
770 3213 894 3290 fallere
907 3215 1094 3289 veritatem
1107 3214 1270 3301 credunt,
1282 3212 1363 3289 indo
1377 3212 1415 3286 in
1429 3238 1516 3311 pec·

288 3324 379 3400 catis
395 3325 471 3399 suis
488 3326 664 3401 veraciter
681 3325 853 3421 ligantur.
878 3325 917 3399 Si
938 3325 1019 3424 quis
1044 3325 1160 3421 igitur
1184 3325 1246 3422 qui
1271 3324 1340 3399 suh
1363 3325 1517 3403 nomine

288 3437 482 3511 christiano
498 3436 565 3511 hoc
581 3448 646 3512 aut
663 3437 855 3536 praedicare
871 3438 1036 3527 audeant,
1052 3446 1116 3512 aut
1131 3436 1234 3512 taciti
1256 3436 1349 3535 apud
1374 3436 1517 3536 seipsos

287 3559 408 3624 tenere
425 3548 655 3647 proculdubio
671 3548 735 3623 hos
752 3548 1109 3636 anathematizamus,
1125 3558 1161 3623 et
1173 3570 1252 3642 ego,
1265 3557 1301 3621 et
1313 3569 1436 3621 omnes
1448 3572 1513 3623 ca·

288 3660 413 3736 tholici
429 3661 583 3759 episcopi
599 3686 642 3736 ac
668 3662 838 3737 universa
858 3661 1020 3736 aecclesia
1036 3660 1121 3758 quia
1144 3659 1297 3734 veritate
1323 3661 1510 3736 contraria

290 3773 453 3848 sentiunt
469 3782 506 3850 ot
521 3773 674 3850 veritate
691 3774 870 3849 contraria
887 3773 1064 3848 locuntur.

838 3938 960 4022 hlllll.

382 4110 580 4207 Gregorius
594 4109 804 4186 Theoctistae
817 4107 983 4184 Patriciae
995 4107 1090 4181 inter
1102 4109 1513 4206 ceteraSuntquaedam

286 4222 454 4296 scaudala
479 4248 558 4321 quae
581 4222 725 4297 omnino
748 4223 972 4320 despicienda
999 4230 1094 4295 sunt.
1117 4221 1286 4308 Quaedam
1312 4245 1397 4296 vero
1422 4247 1514 4299 oum

287 4333 396 4407 vitari
414 4335 491 4409 sinc
508 4334 614 4434 culpa
631 4357 701 4408 non
719 4334 854 4431 possint
870 4334 1095 4432 despicienda
1112 4358 1180 4408 non
1199 4345 1294 4425 sunt,
1312 4358 1378 4410 neo
1401 4334 1516 4434 culpa

286 4456 486 4522 servantur.
502 4448 601 4535 Quod
619 4449 657 4520 in
678 4472 778 4522 sacro
803 4447 1003 4542 Evangelio
1029 4446 1232 4543 predicante
1257 4446 1517 4543 cognovimus,
