3608 5498
686 434 727 453 -
751 400 819 464 coo
842 433 883 452 -

732 555 823 638 ΧΟΙ.

639 732 722 784 Item
739 734 772 785 tn
790 730 917 786 eadem.

266 866 444 943 Caeterum
463 877 505 940 ut
529 868 709 944 calamum
726 868 771 943 ad
789 867 1196 965 constantinopolitanos
1221 869 1392 967 praesules

168 978 372 1077 specialiter
385 980 629 1071 extendamus,
640 993 705 1056 aut
718 1005 902 1079 nunquam
916 982 1069 1072 omnino,
1082 992 1146 1057 aut
1159 993 1255 1058 certe
1268 983 1330 1057 vix
1339 1006 1393 1058 eo·

169 1118 249 1166 rum
267 1091 398 1190 aliquis
415 1092 493 1168 sine
505 1117 680 1168 consensu
694 1094 843 1169 Romani
857 1093 1041 1170 Pontificis
1055 1095 1230 1193 reperitur
1247 1095 1393 1186 eiectus,

167 1206 230 1305 qui
247 1215 367 1281 tamen
385 1215 536 1280 actenus
551 1205 646 1281 inter
663 1207 836 1306 depositos
853 1220 1123 1297 annumeretur,
1140 1221 1176 1284 et
1188 1232 1259 1284 non
1273 1209 1318 1284 ab
1331 1209 1391 1285 he-

170 1318 293 1395 reticis
310 1317 369 1395 vel
393 1320 561 1418 tyrannis
585 1320 711 1418 pulsus
734 1332 799 1396 aut
823 1321 1060 1421 interemptus
1080 1333 1389 1399 commemoretur.

169 1433 331 1532 Denique
340 1445 380 1508 nt
389 1458 434 1509 ex
445 1434 503 1509 his
514 1458 646 1533 paucos
658 1458 974 1527 commoneremus,
987 1460 1103 1513 nonne
1111 1437 1292 1512 Maximus
1301 1447 1393 1536 post·

167 1573 276 1646 quam
301 1548 456 1623 multum
473 1574 495 1621 a
513 1551 665 1624 Damaso
682 1552 779 1649 Papa
796 1549 892 1625 sicut
915 1549 994 1626 eius
1017 1551 1062 1625 ad
1087 1550 1246 1626 diversos
1265 1550 1392 1649 episto·

167 1663 211 1737 1ae
229 1663 346 1738 missae
363 1662 525 1739 indicant
541 1663 739 1740 laboratum
758 1674 824 1752 est,
842 1662 1147 1761 Constantinopoli
1164 1663 1289 1762 pulsus
1311 1667 1393 1739 est?

167 1800 283 1852 nonne
300 1776 498 1867 Nestorius,
515 1801 632 1854 nonne
650 1778 852 1854 Acathius‘?
868 1800 986 1852 noune
1005 1776 1206 1868 Athemius,
1231 1777 1393 1875 Sergius,

169 1889 347 1987 Pyrhrus,
364 1889 510 1980 Paulus,
528 1891 625 1966 Petri
643 1891 745 1966 Sedis
767 1891 979 1989 Apostolicoe
1004 1891 1288 1968 discurrentibus
1313 1915 1394 1968 con·
1470 1973 1476 1983 ‚

170 2002 425 2078 sultationibus
442 2029 485 2080 ac
502 2004 655 2080 decretis
673 2005 778 2081 eiecti
795 2011 908 2081 sunt?
925 2005 1017 2082 Cum
1036 2029 1124 2103 ergo
1142 2005 1192 2080 ita
1205 2007 1264 2095 sit,
1276 2031 1341 2082 cur
1353 2007 1393 2080 in

169 2118 241 2193 solo
257 2117 401 2213 Ignatio
417 2117 512 2194 beati
532 2120 628 2194 Petri
646 2119 851 2194 memoriam
869 2118 1051 2216 despicere
1067 2144 1111 2194 ac
1127 2119 1298 2193 oblivioni
1322 2128 1394 2194 tra·

168 2234 250 2308 dere
263 2232 453 2307 studuistis
464 2237 483 2308 ⁴?
495 2234 566 2307 nisi
585 2234 669 2332 quia
686 2257 748 2332 pro
764 2241 847 2307 voto
858 2243 989 2309 cuncta
1003 2232 1121 2308 facere
1134 2232 1301 2308 voluistis
1313 2256 1395 2309 con·

167 2347 359 2422 stituentes
371 2347 547 2445 synodum
564 2346 750 2448 Ephesinae
762 2346 928 2423 secundm
940 2345 1145 2422 crudelitati
1158 2346 1391 2423 consimilem.

168 2463 216 2535 Et
232 2470 451 2558 postpauca.
470 2464 514 2534 Et
530 2461 574 2535 ad
593 2471 715 2536 votum
733 2461 962 2536 saecularium
989 2472 1032 2535 ut
1055 2485 1138 2535 cum
1161 2485 1248 2559 pace
1272 2474 1393 2537 vestra

167 2574 340 2662 dicamus,
357 2575 399 2649 de
416 2574 503 2650 solio
519 2575 696 2673 imperiali
713 2575 980 2663 descendentes,
996 2575 1200 2650 cathedram
1226 2575 1394 2672 praesula·

168 2712 242 2764 rem
261 2698 303 2762 ut
320 2687 370 2763 ita
388 2688 566 2763 fateamur
582 2689 805 2778 ascendistis,
821 2698 857 2765 et
874 2712 937 2787 pro
960 2688 1133 2764 desiderio
1157 2689 1289 2763 ostium
1314 2689 1393 2764 eius

170 2801 430 2898 Augustalium
447 2802 547 2878 obliti
573 2813 793 2901 sceptrorum
819 2802 1008 2900 quemdam
1034 2826 1156 2898 regem
1182 2802 1293 2877 Israel
1314 2802 1394 2876 imi·

171 2924 289 2990 tantes
309 2915 483 2991 adversus
503 2915 607 2990 illum
627 2917 857 2994 sacerdotalis
878 2915 1071 2991 ministerii
1091 2916 1295 3013 arripuistis
1320 2917 1392 2991 offi-

170 3028 278 3103 cium.
296 3029 497 3104 Praesertim
515 3055 599 3106 cum
616 3029 807 3129 imperium
826 3043 986 3107 vestrum
1005 3031 1081 3105 suis
1099 3030 1250 3129 publicas
1268 3031 1318 3106 rei
1337 3055 1392 3106 co·

168 3143 314 3218 tidianis
329 3144 699 3220 administrationibus
714 3145 839 3221 debeat
852 3169 929 3221 esse
941 3152 1150 3220 contentum
1163 3168 1230 3220 nec
1244 3168 1393 3241 usurpa·

168 3269 210 3333 re
224 3281 293 3355 que
310 3257 424 3333 solum
443 3258 683 3335 sacerdotibus
709 3259 850 3335 Domini
875 3257 1104 3334 conveniunt.
1129 3257 1246 3333 Dicite
1272 3280 1391 3356 quaeso

171 3371 316 3446 ubinam
333 3371 475 3468 legistis
492 3373 722 3471 imperatores
741 3383 982 3449 antecessores
1002 3382 1141 3447 vestros
1157 3371 1195 3445 in
1214 3370 1393 3470 synodali·

169 3486 236 3560 bus
253 3486 489 3562 conventibus
505 3487 711 3564 interfuisse
727 3487 799 3562 nisi
815 3486 965 3561 forsitan
983 3485 1021 3560 in
1040 3484 1170 3585 quibus
1186 3485 1229 3561 dc
1243 3485 1309 3562 fida
1322 3497 1393 3561 tra·

170 3610 309 3676 etatum
327 3611 391 3689 est,
409 3623 488 3700 quoe
504 3600 722 3678 universalis
739 3610 803 3690 est,
820 3625 899 3700 qus
922 3601 1083 3676 omniurn
1100 3601 1301 3678 communis
1326 3611 1392 3692 est,

169 3741 249 3813 quoe
265 3741 336 3792 non
353 3717 468 3792 solum
480 3718 526 3793 ad
538 3716 699 3807 clericos,
711 3741 838 3794 verum
851 3717 959 3793 etiarn
972 3717 1017 3792 ad
1030 3716 1151 3807 laicos,
1163 3726 1199 3793 et
1213 3716 1258 3791 ad
1269 3739 1393 3793 omnes

169 3831 312 3907 omnino
328 3832 483 3930 pertinet
504 3832 725 3908 christianos.
743 3837 816 3906 Vos
832 3841 1041 3908 autemnon
1058 3831 1172 3906 solum
1198 3830 1237 3904 in
1257 3830 1394 3929 synodo

170 3944 208 4018 in
218 3970 326 4021 causa
336 3944 530 4021 sacerdotis
542 3943 691 4022 collecta
704 3945 931 4036 interfuistis,
943 3967 1069 4022 verum
1082 3943 1191 4021 etiam
1204 3966 1394 4020 numerosa

170 4058 398 4134 secularium
421 4055 521 4132 milia
541 4058 684 4135 videndi
705 4061 785 4136 eius
805 4058 1030 4157 oppmbrium
1044 4056 1287 4155 aggregastis,
1308 4081 1393 4132 cum

169 4173 288 4268 magis
311 4172 515 4247 debueratis
539 4174 577 4246 in
599 4173 666 4249 hoc
691 4173 828 4248 imitari
855 4173 1131 4248 Constantinum
1149 4171 1248 4270 pium
1267 4175 1395 4267 Augu·

171 4284 330 4374 stum,de
344 4309 413 4383 quo
424 4286 599 4384 scriptum
613 4296 668 4362 est
680 4287 772 4385 quod
781 4284 912 4362 dixerit
924 4287 1008 4384 quia
1016 4287 1049 4359 si
1058 4285 1227 4361 vidissem
1237 4284 1393 4383 aliquem

169 4422 290 4473 eorum
304 4398 365 4497 qui
383 4398 550 4496 religioso
566 4399 828 4476 circumamicti
843 4410 929 4475 sunt
940 4400 1041 4475 abitu
1055 4399 1318 4498 turpitudinem
1330 4398 1394 4472 ali·

170 4534 276 4611 quam
286 4510 712 4613 operantem,clamydem
721 4537 836 4588 meam
846 4511 1078 4619 explicassem
1086 4510 1391 4616 etcooperuissem
