3608 5498
801 415 1002 477 -489-

211 614 216 626 .
290 537 464 612 iudicium
482 561 589 634 quam
607 536 739 635 impius
757 536 925 634 praevalet
949 536 1122 610 adversus
1147 536 1293 609 iustum.
1312 533 1512 610 Zacharias.

291 653 367 725 Hoo
377 650 647 724 dioitDominus
661 649 1081 724 exercituumludioium
1095 661 1222 722 verum
1237 647 1391 722 iudicate
1404 647 1513 721 etmi-

292 764 518 838 serioordiam
533 764 824 839 etmiseratioues
837 764 944 838 facito
959 764 1204 861 unusquisque
1217 788 1299 838 oum
1315 762 1429 836 fratre
1438 787 1513 851 suo,

292 888 329 952 et
343 876 502 965 viduam,
515 889 551 951 et
568 876 760 973 pupillum,
773 887 808 951 et
825 877 1014 965 advenam,
1026 887 1063 952 et
1079 900 1270 975 pauperem
1289 875 1399 951 nolite
1416 876 1514 951 calu·

290 989 430 1064 mniari.
448 989 650 1087 Loquimini
667 990 856 1065 veritatem
872 992 1120 1089 uuusquisque
1145 1016 1229 1066 cum
1255 990 1413 1088 proximo
1438 1013 1511 1064 suo.

290 1102 490 1177 Veritatem
504 1113 540 1177 et
553 1102 726 1177 iudicium
741 1104 839 1199 pacis
853 1103 1007 1178 iudicato
1022 1104 1058 1176 in
1073 1103 1181 1202 portis
1195 1102 1338 1190 vestris,
1350 1110 1386 1176 et
1402 1127 1513 1175 uuus-

290 1216 441 1313 quisque
459 1214 652 1290 malumne
670 1217 836 1312 cogitetis
853 1227 976 1291 contra
993 1219 1149 1293 amioum
1167 1243 1273 1292 suum
1292 1216 1330 1288 in
1347 1215 1512 1291 cordibus

290 1330 484 1416 vestris-et
501 1329 741 1403 iuramentum
760 1329 912 1403 mendax
927 1355 973 1405 no
990 1330 1161 1425 diligatis.
1175 1327 1305 1404 Omnia
1321 1328 1416 1402 euim
1434 1327 1512 1403 haro

291 1452 377 1516 sunt
390 1465 469 1538 quae
486 1441 642 1516 edidicit
656 1442 838 1516 Dominus,
852 1446 996 1517 Esuris.
1010 1443 1194 1540 Principes
1207 1441 1262 1517 tui
1277 1440 1364 1516 socii
1377 1441 1512 1529 furum,

288 1576 411 1627 omnes
427 1552 585 1648 diligunt
603 1578 752 1628 munera
766 1565 938 1629 secuntur
953 1557 1215 1643 retributiones,
1229 1553 1362 1653 pupillo
1375 1578 1445 1629 non
1459 1553 1512 1627 iu-

289 1668 421 1755 dicant,
430 1664 465 1742 et
478 1690 587 1741 causa
600 1668 718 1741 vidore
731 1692 799 1742 non
815 1669 1017 1764 ingreditur
1030 1671 1074 1743 ad
1088 1695 1154 1744 eos.
1164 1669 1289 1765 Vequi
1305 1666 1426 1742 dicitis
1439 1691 1511 1739 ma·

291 1781 367 1853 lum
386 1779 529 1867 bonum,
541 1792 577 1854 et
594 1778 722 1854 bonum
744 1780 891 1870 malum,
904 1793 1074 1878 ponentes
1091 1781 1255 1856 tenebras
1268 1779 1399 1868 lucem,
1411 1788 1446 1854 et
1459 1778 1513 1852 Iu·

295 1917 370 1967 cem
389 1891 563 1966 tenebras.
582 1897 635 1966 Ve
653 1893 714 1989 qui
732 1893 932 1969 iustificant
945 1895 1094 1991 impium
1109 1918 1171 1992 pro
1184 1892 1446 1980 muneribuset
1460 1893 1513 1965 iu·

295 2005 430 2080 stitiam
449 2004 534 2078 iusti
552 2005 720 2080 auferunt
733 2006 800 2079 hab
814 2011 928 2081 eoVe
942 2008 1001 2104 qui
1020 2008 1177 2082 condunt
1195 2007 1294 2101 leges
1311 2006 1454 2103 iniquas
1471 2015 1513 2079 ut
1583 1997 1587 2006 ’

293 2118 493 2218 opprimant
506 2116 543 2189 in
558 2117 689 2192 iudicio
703 2143 873 2214 pauperes
887 2130 922 2194 et
940 2122 1012 2193 vim
1032 2121 1167 2197 faciant
1183 2145 1302 2196 eausae
1314 2118 1509 2193 humilium

234 2260 238 2267 ·
292 2231 410 2329 populi
429 2231 507 2306 mei.
523 2230 697 2319 Salomon.
711 2235 841 2306 Facere
855 2233 1133 2309 misericordiam
1147 2242 1183 2308 et
1195 2232 1380 2320 iudicium,
1394 2231 1512 2326 magis

291 2345 433 2441 placent
447 2344 596 2418 Domino
609 2368 717 2441 quam
736 2345 903 2419 victimae.
920 2350 968 2420 Et
992 2346 1133 2421 iterum.
1147 2345 1255 2419 Multi
1272 2345 1366 2418 datis
1379 2344 1417 2416 in
1434 2343 1514 2416 anri

292 2483 409 2545 casus
422 2466 457 2531 et
475 2457 569 2531 facta
588 2466 641 2531 est
659 2457 695 2529 iu
714 2460 831 2556 specie
849 2457 948 2534 illius
966 2461 1114 2559 perditio
1127 2459 1449 2554 illorumLiguum
1463 2458 1513 2532 of·

291 2571 460 2646 fensionis
472 2580 527 2644 est
539 2595 670 2644 aurum
687 2572 981 2648 sacrificantium.
998 2579 1053 2649 Vo
1068 2575 1119 2647 illi
1138 2574 1200 2672 qui
1213 2583 1399 2649 sectantur
1413 2571 1512 2646 illud.

292 2685 491 2779 Gregorius
508 2684 545 2756 in
564 2742 572 2758 .
590 2742 597 2758 .
616 2742 623 2757 .
640 2687 794 2773 XVIIII,
809 2685 866 2760 vel
885 2687 1015 2761 miuus.
1035 2687 1088 2760 Ad
1106 2687 1351 2784 proferendam
1371 2695 1512 2760 senten-

291 2798 379 2871 tiam
399 2822 583 2895 nuuquam
599 2798 797 2895 praecipites
811 2799 924 2873 simus
937 2825 1004 2875 nec-
1016 2809 1148 2874 temere
1162 2799 1362 2872 indiscussa
1380 2797 1513 2872 iudice·

294 2936 381 2984 mus.
398 2913 474 2985 Nec
492 2909 657 3007 quaelibet
675 2910 768 2984 mala
785 2912 907 2986 audita
924 2938 988 2987 nos
1007 2922 1181 3000 moveant,
1192 2936 1256 2987 neo
1270 2910 1402 3008 passim
1415 2910 1512 2985 dicta

291 3023 368 3098 siue
382 3023 584 3121 probatione
597 3024 792 3099 credamus.
806 3025 940 3099 Maiora
958 3025 1109 3099 crimina
1123 3024 1223 3098 tarde
1240 3022 1414 3098 credenda
1427 3033 1514 3096 sunt

293 3163 375 3214 eum
395 3138 548 3212 audiunt
564 3148 601 3212 et
616 3139 725 3212 citius
742 3138 920 3234 punienda
945 3161 1028 3211 cum
1055 3137 1231 3211 veraciter
1255 3145 1512 3231 agnoscuntur.

294 3251 497 3326 Anonosius
514 3252 552 3324 in
565 3254 599 3325 II
617 3250 676 3324 lib.
693 3251 747 3324 off.
765 3249 887 3324 Nichil
903 3250 1101 3346 opinionem
1124 3251 1233 3323 immo
1251 3250 1353 3324 fidem
1370 3257 1513 3344 gravat,

295 3390 403 3463 quam
422 3365 452 3439 si
471 3365 507 3438 in
526 3363 714 3439 iudicando
739 3363 926 3460 potentiori
952 3364 1060 3437 dones
1075 3387 1230 3437 -causarn
1248 3361 1437 3450 inferioris
1454 3360 1513 3435 vel

295 3503 486 3577 pauperem
498 3478 875 3574 iunocentemarguas,
883 3476 1031 3552 divitem
1042 3501 1191 3551 excuses
1201 3475 1434 3575 reumculpae.
1442 3480 1515 3549 Au·

292 3592 473 3687 gustinus
483 3594 615 3666 Omnes
628 3617 744 3666 causae
758 3591 856 3689 prius
870 3616 931 3688 per
947 3589 1196 3666 auctoritatem
1215 3588 1379 3665 veritatis
1397 3588 1512 3663 venti·

295 3706 410 3780 laudm
427 3715 522 3779 sunt.
541 3709 627 3792 Quae
652 3706 736 3794 sint,
760 3707 865 3779 ouius
889 3705 973 3793 siut,
990 3704 1161 3802 quomodo
1180 3703 1264 3792 sint,
1285 3703 1409 3802 quales
1432 3703 1515 3777 sint.

296 3821 416 3906 Docte,
433 3830 497 3893 aut
514 3819 663 3903 indocte.
682 3822 795 3893 Parve
813 3831 876 3892 aut
902 3842 1044 3913 magne,
1061 3826 1142 3892 note
1164 3816 1223 3891 vel
1240 3817 1373 3912 ignote.
1398 3814 1512 3910 Longi

293 3932 473 4029 temporis,
491 3932 549 4007 vel
567 3933 682 4031 parvi,
706 3943 769 4006 aut
793 3932 932 4030 antiqui
959 3931 1071 4006 hostis
1094 3931 1350 4007 cousuetudine
1376 3941 1514 4028 reperte

295 4056 390 4133 sunt,
400 4044 476 4120 haec
489 4045 609 4119 omnia
623 4045 729 4121 iudex
741 4072 825 4121 oum
839 4047 996 4143 equitate
1009 4046 1210 4120 discernere
1226 4044 1337 4120 debet.
1347 4044 1514 4118 Hrnnoui·

296 4184 376 4230 mus
393 4183 499 4255 super
514 4164 630 4232 Amos.
648 4159 885 4234 Convertistis
903 4160 940 4231 iu
957 4159 1112 4233 furorem
1127 4158 1311 4233 iudicium.
1328 4157 1515 4233 Convertit

294 4271 331 4342 iu
350 4270 468 4344 furore
486 4271 669 4358 iudicium,
687 4271 749 4368 qui
768 4270 882 4344 iratus
900 4270 1045 4359 iudicat,
1063 4281 1099 4345 et
1116 4271 1255 4344 dicente
1269 4270 1428 4356 Domino,
1442 4292 1513 4344 non

294 4383 447 4480 accipies
472 4407 658 4481 personam
681 4385 718 4456 in
736 4384 878 4471 iudicio,
894 4394 930 4457 et
947 4383 985 4455 in
1002 4383 1073 4457 alio
1094 4382 1170 4458 loco
1186 4386 1266 4457 Non
1289 4382 1514 4459 misereberis

293 4497 460 4597 pauperis
477 4497 515 4572 in
533 4497 676 4587 iudicio
694 4507 729 4571 et
746 4497 830 4600 quia
849 4497 913 4572 Dei
930 4497 1104 4574 iudicium
1121 4507 1188 4589 est,
1205 4495 1267 4572 ille
1284 4496 1375 4572 irata
1401 4497 1445 4572 ad
1462 4498 1515 4575 iu·
