3608 5498
802 407 998 471 ..tlt-

286 528 343 603 bis
352 528 472 628 itaque
482 528 672 604 manifeste
686 529 834 628 repertis
846 540 993 628 apparet
1005 530 1336 606 etcomministrnm
1346 540 1514 608 nostrum

287 643 471 740 Ignatium
487 666 550 740 per
561 641 784 740 imperialem
798 646 1014 720 sententiam
1028 645 1230 720 nullomodo
1242 647 1399 744 potuisse
1412 671 1515 745 pror·

287 781 349 830 sus
365 756 503 854 expelli.
520 758 563 829 In
583 754 770 831 cuiusdam
798 757 941 834 natione
966 760 1051 859 quia
1076 761 1270 858 praesulum
1295 761 1515 838 subsecutus

287 894 427 969 quoque
448 879 502 946 est
519 894 697 959 assensus,
709 880 857 969 apparet
873 871 909 946 id
926 898 1036 948 causa
1053 882 1232 972 patratum
1259 874 1371 950 fuisse
1387 876 1515 951 adulo·

286 984 406 1074 tionis,
422 1005 493 1059 non
511 983 674 1081 legitime
691 984 898 1060 sanctionis.
1364 1013 1367 1017 ’

809 1178 987 1264 XGVIIII.

597 1381 721 1435 Nicolel
734 1380 779 1435 ad
792 1383 1025 1448 Imperatorem
1037 1384 1203 1439 Karalum.

382 1552 672 1653 Reprehensibile
697 1553 850 1652 denique
868 1554 972 1632 valde
988 1581 1065 1661 esse
1082 1566 1222 1632 constat
1238 1557 1330 1654 quod
1348 1556 1516 1632 subintu-

288 1666 375 1755 listi,
393 1666 540 1742 dicendo
559 1667 726 1740 maiorem
749 1678 886 1766 partem
907 1668 1094 1744 hominnm
1111 1669 1355 1769 episcoporum
1372 1670 1433 1746 din
1452 1694 1517 1744 uo

287 1791 420 1878 ctuque
437 1805 520 1856 cum
539 1779 622 1854 aliis
641 1781 802 1856 fidelibus
813 1781 887 1856 tuis
899 1792 1023 1857 contra
1040 1792 1188 1881 pyratas
1207 1784 1402 1858 maritimos
1418 1784 1518 1857 invi·

288 1893 404 1989 gilare
421 1893 464 1969 ob
481 1893 588 1991 idque
617 1893 771 1992 episcopi
798 1894 1039 1993 impediantur
1064 1895 1199 1986 venire,
1216 1921 1299 1971 cum
1325 1895 1516 1987 militibus,

288 2007 424 2082 Christi
441 2007 490 2081 sit
504 2006 648 2082 Christo
663 2007 801 2083 servire
819 2008 995 2083 militibus
1012 2032 1097 2085 vero
1114 2010 1236 2085 saculi
1254 2010 1393 2086 sarculo.
1407 2012 1517 2086 Sicut

287 2121 461 2218 scriptum
480 2132 545 2210 est,
561 2145 666 2197 nemo
683 2121 845 2196 militans
862 2124 933 2198 Deo
958 2122 1175 2220 implicatae
1194 2124 1350 2219 negotiis
1366 2123 1519 2199 sacula-

288 2233 396 2309 ribus.
408 2234 509 2322 Quod
525 2234 556 2308 si
573 2233 695 2309 saeculi
715 2233 847 2310 milites
865 2236 1003 2311 militiae
1020 2236 1176 2327 student,
1189 2238 1252 2335 qni
1270 2238 1315 2313 ad
1331 2237 1517 2335 episcopos

287 2357 325 2422 et
342 2348 477 2424 milites
494 2348 641 2438 Christi,
657 2348 729 2423 nisi
748 2358 788 2424 ut
805 2361 935 2424 vacent
951 2349 1179 2426 orationibus.

882 2553 919 2636 0.

750 2754 832 2806 Item
844 2753 1050 2808 adeundam.

385 2919 623 2989 Accusatores
636 2929 755 2990 autem
770 2915 900 2991 habere
912 2918 1120 2992 Rotherinm
1130 2918 1272 2992 nonnisi
1286 2917 1348 3017 qui
1366 2942 1516 2993 accusa·

288 3037 343 3103 tor
355 3029 509 3103 fratrum
523 3028 560 3100 in
573 3028 764 3126 apocalipsi
777 3028 944 3104 Iohannis
956 3030 1133 3127 appellato
1139 3055 1166 3118 r,
1179 3040 1215 3105 et
1227 3053 1331 3128 opera
1344 3029 1423 3105 eius
1432 3053 1517 3127 quae

288 3142 326 3216 in
337 3143 413 3240 ipsa
426 3142 585 3218 eiusdem
595 3143 734 3240 antiqui
745 3142 858 3218 hostis
870 3142 1046 3217 instinctu
1057 3144 1516 3241 patranturproleotocom-

289 3256 456 3354 perimus.
474 3258 561 3343 Quae
579 3279 664 3330 vero
681 3255 875 3330 Rotharins
888 3259 964 3331 Rex
977 3264 1095 3330 vester
1108 3279 1215 3353 nepos
1228 3264 1394 3354 operatur
1406 3279 1516 3331 accu-

288 3378 403 3445 satore
420 3393 489 3445 non
506 3369 656 3466 indiget.
670 3370 861 3445 Manifesta
878 3368 1007 3468 quippe
1024 3369 1179 3466 apostolo
1196 3378 1286 3443 teste
1303 3380 1390 3444 sunt
1407 3390 1516 3466 opera

288 3482 410 3557 carnis
426 3506 505 3580 qnoe
521 3491 607 3556 sunt
624 3483 822 3573 fornicatio,
836 3483 1075 3571 immunditia,
1093 3492 1128 3559 et
1146 3491 1285 3557 namra.

871 3674 926 3759 01.

620 3874 776 3930 Eiusdem
796 3875 840 3930 ad
853 3876 1039 3930 Lotherlnm
1058 3888 1180 3942 regem.

388 4045 584 4143 Proecipuae
601 4045 812 4133 Qunldradae
829 4045 954 4144 pelicis
967 4054 1039 4121 tuae
1051 4056 1088 4121 et
1100 4046 1233 4120 dudum
1248 4055 1316 4122 ate
1331 4045 1516 4145 repudiate

290 4159 574 4233 communionem
593 4158 744 4233 declina.
758 4158 1077 4236 Excommunioata
1094 4169 1148 4233 est
1165 4160 1273 4249 enim,
1290 4170 1325 4235 et
1342 4159 1516 4257 usquead

287 4269 513 4368 presentiam
533 4280 690 4346 nostram
711 4269 756 4344 ab
780 4270 877 4345 omni
902 4270 1180 4345 christianornm
1207 4270 1441 4346 contubernio
1461 4295 1517 4346 se·

288 4393 480 4479 questrata.
493 4383 730 4470 Quamobrem
747 4383 948 4458 cavendum
962 4392 1027 4471 est,
1040 4406 1085 4457 ne
1099 4406 1182 4456 cnm
1196 4406 1237 4457 ea
1251 4383 1327 4481 pari
1344 4404 1517 4458 mucrone

288 4491 494 4590 percellaris
505 4495 704 4581 sententia,
713 4519 756 4570 ac
765 4518 827 4593 pro
837 4494 945 4580 unius
959 4495 1180 4576 muliercula
1192 4495 1354 4594 passione
1364 4495 1515 4571 rinctus
