3608 5498
697 417 894 483 -251-

720 634 870 718 XXHII.

401 842 438 891 In
456 839 634 894 canonIbus
652 839 881 906 Apostolorum
900 851 971 907 cap.
991 841 1186 894 Xxvam.

281 1013 361 1086 Non
378 1010 484 1088 liceat
501 1011 662 1111 episcopo
680 1011 888 1110 parentibus
913 1011 990 1088 suis
1015 1035 1100 1111 quae.
1119 1012 1185 1088 Dei
1210 1023 1297 1089 suut
1313 1013 1407 1090 dare.

186 1124 287 1212 Quod
304 1125 333 1199 si
352 1150 524 1224 pauperes
536 1136 633 1217 sunt,
645 1135 828 1224 tamquam
846 1125 1063 1227 pauperibus
1079 1125 1131 1202 eis
1148 1127 1409 1220 subministret,

185 1262 229 1313 ne
246 1261 368 1313 eorum
387 1239 571 1317 occasione
587 1238 739 1317 ecclesia
755 1238 987 1338 depraedetur.

744 1448 848 1533 XXV.

503 1646 552 1699 Ex
570 1645 703 1702 concillo
722 1645 903 1711 agathensi
922 1656 993 1712 cap.
1013 1648 1087 1699 1111.

281 1804 415 1882 Clerici
432 1807 539 1883 etiam
557 1809 616 1884 vel
632 1808 835 1901 saculares
853 1808 916 1908 qui
932 1808 1126 1885 oblationes
1139 1817 1328 1909 parentum
1341 1819 1406 1886 aut

185 1920 333 1996 donatas
349 1931 414 1996 aut
425 1930 638 1999 testamento
651 1923 794 1998 relictas
808 1923 963 1999 retinere
975 1923 1278 2022 presumpserint,
1289 1933 1355 2000 aut
1367 1924 1404 2000 id

185 2033 277 2131 quod
294 2033 363 2132 ipsi
379 2036 590 2113 donaverint
602 2037 776 2113 aecclesiis
789 2038 850 2113 uel
869 2039 1095 2115 monasteriis
1107 2038 1331 2129 crediderint,
1344 2050 1409 2115 aut

186 2148 386 2240 ferendum,
399 2150 495 2227 sicut
507 2161 631 2227 sancta
644 2150 832 2227 constituit
845 2151 1004 2250 synodus
1016 2151 1119 2228 volut
1130 2162 1312 2229 necatores
1324 2177 1409 2252 pau·

192 2285 315 2360 perum
333 2286 517 2362 quousque
535 2264 683 2340 reddant
698 2264 744 2339 ab
760 2263 922 2340 ecclesiis
939 2264 1186 2341 excludantur.

731 2464 859 2550 XXVI.

506 2670 556 2723 Ex
574 2670 709 2724 concilio
729 2672 881 2724 Icasense
901 2681 972 2737 cap.
993 2673 1079 2724 XXI.

284 2830 352 2918 Qui
371 2831 565 2908 oblationes
581 2833 830 2909 defunctorum
849 2833 1015 2925 retinent,
1030 2843 1067 2911 et
1083 2835 1245 2912 ecclesiis
1267 2837 1406 2913 tradere

190 2952 384 3034 morantur,
403 2956 443 3020 ut
460 2944 632 3043 sacrilegi
647 2945 692 3022 ab
708 2946 870 3023 aeclesia
884 2958 969 3023 sunt
981 2948 1168 3040 abiciendi,
1181 2951 1284 3047 quasi
1300 2974 1407 3047 egen-

190 3057 282 3131 tium
301 3067 516 3149 neccatores,
533 3083 600 3135 nec
616 3059 801 3135 credentes
819 3060 952 3137 iudicio
968 3062 1044 3138 Dei.

722 3261 869 3348 XXVII.

318 3476 355 3527 In
373 3475 507 3530 ooncIlio
525 3476 713 3543 usgununo
733 3475 785 3528 oui
803 3473 936 3543 praefuit
952 3479 1118 3532 Romanus
1136 3478 1279 3544 Legatos

434 3564 612 3620 Bonifatius
630 3567 753 3632 martyr
769 3565 804 3619 et
820 3566 995 3634 episcopus
1014 3578 1087 3633 cap.
1107 3568 1163 3619 XI.

261 3735 432 3813 Ecclesia
447 3737 648 3837 antiquitus
664 3736 879 3828 constituto,
895 3761 963 3813 nec
978 3737 1139 3830 decimis,
1155 3763 1224 3815 nec
1239 3737 1323 3812 aliis
1336 3761 1412 3838 pos·

188 3851 404 3927 sessionibus
416 3874 478 3951 pro
491 3852 594 3926 novis
606 3850 769 3927 oratoriis
782 3852 860 3927 sine
875 3875 1050 3929 consensu
1063 3851 1255 3952 episcopali
1267 3851 1410 3953 priven-

190 3976 259 4040 tur.
275 3969 365 4040 Item
383 3965 421 4039 in
438 3957 570 4041 eodem.
583 3968 633 4042 Ut
646 3965 843 4041 terminum
860 3965 990 4043 habeat
1006 3989 1230 4066 unaquaeque
1247 3965 1410 4042 ccclesia

188 4081 231 4156 de
248 4080 378 4178 quibus
390 4080 477 4156 locis
489 4080 646 4156 decimas
662 4078 825 4178 accipiat.
838 4080 1064 4180 Quicumque
1076 4103 1161 4156 vero
1177 4079 1333 4154 voluerit
1345 4103 1412 4156 ac·

190 4195 337 4271 clesiam
354 4195 482 4284 facere,
500 4216 584 4270 cum
602 4217 778 4271 consensu
796 4193 952 4291 episcopi
969 4193 1091 4284 saciat,
1107 4192 1212 4269 cuius
1225 4190 1412 4290 parrochia

189 4308 309 4384 luerit.
328 4313 586 4384 Verumtamen
604 4313 748 4384 omnino
764 4307 1021 4405 providendum
1035 4318 1100 4398 est,
1114 4317 1155 4382 ut
1168 4305 1337 4383 ecclesia
1349 4330 1411 4379 an-

189 4423 359 4520 tiquiores
376 4431 517 4520 propter
530 4422 623 4498 hanc
636 4422 857 4498 occasionem
870 4445 973 4495 suam
987 4420 1163 4495 iustitiam
1176 4428 1240 4494 aut
1252 4419 1410 4495 decimas

190 4559 260 4611 non
278 4536 437 4635 perdant,
449 4536 511 4613 sed
529 4561 668 4641 semper
684 4533 947 4637 antiquioribus
964 4535 1137 4614 aecclesiis
1153 4532 1413 4635 persolventur.
