<?xml version="1.0" encoding="UTF-8"?>
<!DOCTYPE html PUBLIC "-//W3C//DTD XHTML 1.0 Transitional//EN"
    "http://www.w3.org/TR/xhtml1/DTD/xhtml1-transitional.dtd">
<html xmlns="http://www.w3.org/1999/xhtml" xml:lang="en" lang="en">
 <head>
  <title>
</title>
<meta http-equiv="Content-Type" content="text/html;charset=utf-8" />
  <meta name='ocr-system' content='tesseract 3.04.00' />
  <meta name='ocr-capabilities' content='ocr_page ocr_carea ocr_par ocr_line ocrx_word'/>
</head>
<body>
  <div class='ocr_page' id='page_1' title='image "./collectiocanonu00deusgoog_0174.png"; bbox 0 0 3608 5498; ppageno 0'>
   <div class='ocr_carea' id='block_1_1' title="bbox 802 435 1003 497">
    <p class='ocr_par' dir='ltr' id='par_1_1' title="bbox 802 435 1003 497">
     <span class='ocr_line' id='line_1_1' title="bbox 802 435 1003 497; baseline 0 -1"><span class='ocrx_word' id='word_1_1' title='bbox 802 469 841 484; x_wconf 92' lang='lat'><em>-</em></span> <span class='ocrx_word' id='word_1_2' title='bbox 875 435 937 497; x_wconf 82' lang='lat'>143</span> <span class='ocrx_word' id='word_1_3' title='bbox 964 469 1003 485; x_wconf 87' lang='lat'>-</span> 
     </span>
    </p>
   </div>
   <div class='ocr_carea' id='block_1_2' title="bbox 823 684 972 769">
    <p class='ocr_par' dir='ltr' id='par_1_2' title="bbox 823 684 972 769">
     <span class='ocr_line' id='line_1_2' title="bbox 823 684 972 769; baseline 0.007 -1"><span class='ocrx_word' id='word_1_4' title='bbox 823 684 972 769; x_wconf 80' lang='lat' dir='ltr'>Olllllll.</span> 
     </span>
    </p>
   </div>
   <div class='ocr_carea' id='block_1_3' title="bbox 287 911 1512 1582">
    <p class='ocr_par' dir='ltr' id='par_1_3' title="bbox 287 911 1512 1582">
     <span class='ocr_line' id='line_1_3' title="bbox 383 911 1511 1014; baseline 0.003 -25"><span class='ocrx_word' id='word_1_5' title='bbox 383 913 589 1012; x_wconf 82' lang='lat' dir='ltr'><strong>Cyprianus</strong></span> <span class='ocrx_word' id='word_1_6' title='bbox 606 911 770 988; x_wconf 84' lang='lat' dir='ltr'>Cornelio</span> <span class='ocrx_word' id='word_1_7' title='bbox 786 911 880 986; x_wconf 88' lang='lat' dir='ltr'>inter</span> <span class='ocrx_word' id='word_1_8' title='bbox 896 922 1024 988; x_wconf 87' lang='lat' dir='ltr'>cetera.</span> <span class='ocrx_word' id='word_1_9' title='bbox 1046 914 1183 990; x_wconf 85' lang='lat' dir='ltr'>Pseudo</span> <span class='ocrx_word' id='word_1_10' title='bbox 1200 915 1362 1014; x_wconf 88' lang='lat' dir='ltr'>episcopo</span> <span class='ocrx_word' id='word_1_11' title='bbox 1380 917 1446 992; x_wconf 90' lang='lat' dir='ltr'>sibi</span> <span class='ocrx_word' id='word_1_12' title='bbox 1464 917 1511 992; x_wconf 92' lang='lat' dir='ltr'>ab</span> 
     </span>
     <span class='ocr_line' id='line_1_4' title="bbox 287 1024 1510 1129; baseline 0.007 -31"><span class='ocrx_word' id='word_1_13' title='bbox 287 1025 456 1103; x_wconf 84' lang='lat' dir='ltr'>hereticis</span> <span class='ocrx_word' id='word_1_14' title='bbox 470 1027 672 1114; x_wconf 87' lang='lat' dir='ltr'>constituto,</span> <span class='ocrx_word' id='word_1_15' title='bbox 685 1024 860 1121; x_wconf 88' lang='lat' dir='ltr'>navigare</span> <span class='ocrx_word' id='word_1_16' title='bbox 872 1025 1005 1102; x_wconf 91' lang='lat' dir='ltr'>audent</span> <span class='ocrx_word' id='word_1_17' title='bbox 1017 1027 1062 1101; x_wconf 90' lang='lat' dir='ltr'>ad</span> <span class='ocrx_word' id='word_1_18' title='bbox 1073 1027 1171 1103; x_wconf 88' lang='lat' dir='ltr'>Petri</span> <span class='ocrx_word' id='word_1_19' title='bbox 1186 1029 1392 1104; x_wconf 83' lang='lat' dir='ltr'>cathedram</span> <span class='ocrx_word' id='word_1_20' title='bbox 1401 1041 1510 1129; x_wconf 90' lang='lat' dir='ltr'>atque</span> 
     </span>
     <span class='ocr_line' id='line_1_5' title="bbox 288 1139 1509 1240; baseline 0.004 -26"><span class='ocrx_word' id='word_1_21' title='bbox 288 1140 476 1216; x_wconf 85' lang='lat' dir='ltr'>ecclesiam</span> <span class='ocrx_word' id='word_1_22' title='bbox 496 1140 728 1240; x_wconf 82' lang='lat' dir='ltr'>principalem</span> <span class='ocrx_word' id='word_1_23' title='bbox 747 1139 840 1215; x_wconf 88' lang='lat' dir='ltr'>unde</span> <span class='ocrx_word' id='word_1_24' title='bbox 858 1139 978 1214; x_wconf 85' lang='lat' dir='ltr'>unitas</span> <span class='ocrx_word' id='word_1_25' title='bbox 1003 1140 1231 1216; x_wconf 84' lang='lat' dir='ltr'>sacerdotalis</span> <span class='ocrx_word' id='word_1_26' title='bbox 1255 1153 1376 1217; x_wconf 84' lang='lat' dir='ltr'>exorta</span> <span class='ocrx_word' id='word_1_27' title='bbox 1402 1154 1456 1219; x_wconf 89' lang='lat' dir='ltr'>est</span> <span class='ocrx_word' id='word_1_28' title='bbox 1473 1155 1509 1219; x_wconf 88' lang='lat' dir='ltr'>ot</span> 
     </span>
     <span class='ocr_line' id='line_1_6' title="bbox 287 1254 1512 1354; baseline 0.004 -26"><span class='ocrx_word' id='word_1_29' title='bbox 287 1256 334 1329; x_wconf 91' lang='lat' dir='ltr'>ab</span> <span class='ocrx_word' id='word_1_30' title='bbox 350 1256 564 1332; x_wconf 85' lang='lat' dir='ltr'>scismaticis</span> <span class='ocrx_word' id='word_1_31' title='bbox 581 1268 617 1332; x_wconf 89' lang='lat' dir='ltr'>et</span> <span class='ocrx_word' id='word_1_32' title='bbox 633 1255 790 1354; x_wconf 85' lang='lat' dir='ltr'>profanis</span> <span class='ocrx_word' id='word_1_33' title='bbox 807 1254 946 1330; x_wconf 86' lang='lat' dir='ltr'>litteras</span> <span class='ocrx_word' id='word_1_34' title='bbox 964 1255 1057 1330; x_wconf 89' lang='lat' dir='ltr'>ferre</span> <span class='ocrx_word' id='word_1_35' title='bbox 1075 1279 1140 1331; x_wconf 87' lang='lat' dir='ltr'>nec</span> <span class='ocrx_word' id='word_1_36' title='bbox 1158 1257 1321 1352; x_wconf 84' lang='lat' dir='ltr'>cogitant</span> <span class='ocrx_word' id='word_1_37' title='bbox 1343 1283 1419 1333; x_wconf 91' lang='lat' dir='ltr'>esse</span> <span class='ocrx_word' id='word_1_38' title='bbox 1446 1261 1512 1333; x_wconf 87' lang='lat' dir='ltr'>Ro-</span> 
     </span>
     <span class='ocr_line' id='line_1_7' title="bbox 288 1368 1509 1469; baseline 0.004 -28"><span class='ocrx_word' id='word_1_39' title='bbox 288 1394 412 1445; x_wconf 90' lang='lat' dir='ltr'>manos</span> <span class='ocrx_word' id='word_1_40' title='bbox 430 1392 579 1469; x_wconf 91' lang='lat' dir='ltr'>quorum</span> <span class='ocrx_word' id='word_1_41' title='bbox 598 1371 683 1445; x_wconf 87' lang='lat' dir='ltr'>fidos</span> <span class='ocrx_word' id='word_1_42' title='bbox 701 1368 866 1466; x_wconf 83' lang='lat' dir='ltr'>Apostolo</span> <span class='ocrx_word' id='word_1_43' title='bbox 885 1369 1097 1465; x_wconf 81' lang='lat' dir='ltr'>praedicante</span> <span class='ocrx_word' id='word_1_44' title='bbox 1114 1369 1259 1445; x_wconf 85' lang='lat' dir='ltr'>laudata</span> <span class='ocrx_word' id='word_1_45' title='bbox 1276 1382 1341 1459; x_wconf 87' lang='lat' dir='ltr'>est,</span> <span class='ocrx_word' id='word_1_46' title='bbox 1357 1372 1402 1446; x_wconf 91' lang='lat' dir='ltr'>ad</span> <span class='ocrx_word' id='word_1_47' title='bbox 1420 1396 1509 1469; x_wconf 88' lang='lat' dir='ltr'>quos</span> 
     </span>
     <span class='ocr_line' id='line_1_8' title="bbox 288 1482 1007 1582; baseline -0.001 -25"><span class='ocrx_word' id='word_1_48' title='bbox 288 1484 435 1581; x_wconf 88' lang='lat' dir='ltr'>perfidia</span> <span class='ocrx_word' id='word_1_49' title='bbox 453 1507 522 1558; x_wconf 93' lang='lat' dir='ltr'>non</span> <span class='ocrx_word' id='word_1_50' title='bbox 540 1483 650 1582; x_wconf 90' lang='lat' dir='ltr'>possit</span> <span class='ocrx_word' id='word_1_51' title='bbox 665 1482 795 1558; x_wconf 86' lang='lat' dir='ltr'>habere</span> <span class='ocrx_word' id='word_1_52' title='bbox 813 1506 1007 1557; x_wconf 87' lang='lat' dir='ltr'>accessum.</span> 
     </span>
    </p>
   </div>
   <div class='ocr_carea' id='block_1_4' title="bbox 799 1675 966 1760">
    <p class='ocr_par' dir='ltr' id='par_1_4' title="bbox 799 1675 966 1760">
     <span class='ocr_line' id='line_1_9' title="bbox 799 1675 966 1760; baseline -0.012 0"><span class='ocrx_word' id='word_1_53' title='bbox 799 1675 966 1760; x_wconf 79' lang='lat' dir='ltr'>ooxssss.</span> 
     </span>
    </p>
   </div>
   <div class='ocr_carea' id='block_1_5' title="bbox 524 1879 1267 1946">
    <p class='ocr_par' dir='ltr' id='par_1_5' title="bbox 524 1879 1267 1946">
     <span class='ocr_line' id='line_1_10' title="bbox 524 1879 1267 1946; baseline -0.001 -14"><span class='ocrx_word' id='word_1_54' title='bbox 524 1883 573 1932; x_wconf 81' lang='lat' dir='ltr'>Ex</span> <span class='ocrx_word' id='word_1_55' title='bbox 591 1880 740 1946; x_wconf 79' lang='lat' dir='ltr'>Epistola</span> <span class='ocrx_word' id='word_1_56' title='bbox 758 1880 789 1933; x_wconf 88' lang='lat' dir='ltr'>S.</span> <span class='ocrx_word' id='word_1_57' title='bbox 811 1879 962 1944; x_wconf 81' lang='lat' dir='ltr'>Cypriani</span> <span class='ocrx_word' id='word_1_58' title='bbox 980 1879 1025 1931; x_wconf 83' lang='lat' dir='ltr'>ad</span> <span class='ocrx_word' id='word_1_59' title='bbox 1044 1879 1267 1935; x_wconf 82' lang='lat' dir='ltr'>Antonianum.</span> 
     </span>
    </p>
   </div>
   <div class='ocr_carea' id='block_1_6' title="bbox 288 2041 1515 2710">
    <p class='ocr_par' dir='ltr' id='par_1_6' title="bbox 288 2041 1515 2710">
     <span class='ocr_line' id='line_1_11' title="bbox 383 2041 1511 2142; baseline 0 -23"><span class='ocrx_word' id='word_1_60' title='bbox 383 2044 607 2119; x_wconf 87' lang='lat' dir='ltr'>Novatianus</span> <span class='ocrx_word' id='word_1_61' title='bbox 625 2042 820 2140; x_wconf 84' lang='lat' dir='ltr'>Episcopus</span> <span class='ocrx_word' id='word_1_62' title='bbox 838 2066 907 2116; x_wconf 92' lang='lat' dir='ltr'>non</span> <span class='ocrx_word' id='word_1_63' title='bbox 925 2051 989 2130; x_wconf 87' lang='lat' dir='ltr'>est,</span> <span class='ocrx_word' id='word_1_64' title='bbox 1006 2041 1067 2140; x_wconf 92' lang='lat' dir='ltr'>qui</span> <span class='ocrx_word' id='word_1_65' title='bbox 1087 2043 1250 2118; x_wconf 84' lang='lat' dir='ltr'>Cornelio</span> <span class='ocrx_word' id='word_1_66' title='bbox 1276 2043 1448 2142; x_wconf 87' lang='lat' dir='ltr'>Episcopo</span> <span class='ocrx_word' id='word_1_67' title='bbox 1473 2046 1511 2119; x_wconf 92' lang='lat' dir='ltr'>in</span> 
     </span>
     <span class='ocr_line' id='line_1_12' title="bbox 288 2155 1513 2255; baseline -0.001 -24"><span class='ocrx_word' id='word_1_68' title='bbox 288 2158 451 2234; x_wconf 86' lang='lat' dir='ltr'>Ecclesia</span> <span class='ocrx_word' id='word_1_69' title='bbox 468 2182 490 2230; x_wconf 90' lang='lat' dir='ltr'>a</span> <span class='ocrx_word' id='word_1_70' title='bbox 506 2160 595 2231; x_wconf 74' lang='lat' dir='ltr'>XVI</span> <span class='ocrx_word' id='word_1_71' title='bbox 609 2155 833 2253; x_wconf 85' lang='lat' dir='ltr'>Coepiscopis</span> <span class='ocrx_word' id='word_1_72' title='bbox 845 2155 939 2230; x_wconf 85' lang='lat' dir='ltr'>facto</span> <span class='ocrx_word' id='word_1_73' title='bbox 952 2155 1093 2230; x_wconf 88' lang='lat' dir='ltr'>adulter</span> <span class='ocrx_word' id='word_1_74' title='bbox 1109 2166 1216 2253; x_wconf 87' lang='lat' dir='ltr'>atque</span> <span class='ocrx_word' id='word_1_75' title='bbox 1233 2166 1425 2233; x_wconf 85' lang='lat' dir='ltr'>extraneus</span> <span class='ocrx_word' id='word_1_76' title='bbox 1442 2159 1513 2255; x_wconf 89' lang='lat' dir='ltr'>epi-</span> 
     </span>
     <span class='ocr_line' id='line_1_13' title="bbox 289 2268 1513 2369; baseline -0.001 -23"><span class='ocrx_word' id='word_1_77' title='bbox 289 2294 418 2369; x_wconf 83' lang='lat' dir='ltr'>scopus</span> <span class='ocrx_word' id='word_1_78' title='bbox 435 2270 512 2346; x_wconf 92' lang='lat' dir='ltr'>fieri</span> <span class='ocrx_word' id='word_1_79' title='bbox 529 2295 550 2342; x_wconf 90' lang='lat' dir='ltr'>a</span> <span class='ocrx_word' id='word_1_80' title='bbox 567 2268 805 2343; x_wconf 86' lang='lat' dir='ltr'>desertoribus</span> <span class='ocrx_word' id='word_1_81' title='bbox 822 2294 884 2367; x_wconf 91' lang='lat' dir='ltr'>per</span> <span class='ocrx_word' id='word_1_82' title='bbox 895 2268 1077 2343; x_wconf 87' lang='lat' dir='ltr'>ambitum</span> <span class='ocrx_word' id='word_1_83' title='bbox 1096 2269 1236 2359; x_wconf 88' lang='lat' dir='ltr'>nititur,</span> <span class='ocrx_word' id='word_1_84' title='bbox 1261 2280 1298 2345; x_wconf 92' lang='lat' dir='ltr'>et</span> <span class='ocrx_word' id='word_1_85' title='bbox 1322 2296 1406 2346; x_wconf 92' lang='lat' dir='ltr'>cum</span> <span class='ocrx_word' id='word_1_86' title='bbox 1428 2272 1475 2346; x_wconf 89' lang='lat' dir='ltr'>sit</span> <span class='ocrx_word' id='word_1_87' title='bbox 1492 2298 1513 2345; x_wconf 89' lang='lat' dir='ltr'>a</span> 
     </span>
     <span class='ocr_line' id='line_1_14' title="bbox 289 2382 1515 2481; baseline -0.002 -20"><span class='ocrx_word' id='word_1_88' title='bbox 289 2383 434 2461; x_wconf 85' lang='lat' dir='ltr'>Christo</span> <span class='ocrx_word' id='word_1_89' title='bbox 451 2408 522 2458; x_wconf 90' lang='lat' dir='ltr'>una</span> <span class='ocrx_word' id='word_1_90' title='bbox 540 2382 691 2459; x_wconf 87' lang='lat' dir='ltr'>ecclesia</span> <span class='ocrx_word' id='word_1_91' title='bbox 708 2407 771 2481; x_wconf 87' lang='lat' dir='ltr'>per</span> <span class='ocrx_word' id='word_1_92' title='bbox 788 2392 903 2457; x_wconf 91' lang='lat' dir='ltr'>totum</span> <span class='ocrx_word' id='word_1_93' title='bbox 923 2382 1097 2456; x_wconf 91' lang='lat' dir='ltr'>mundum</span> <span class='ocrx_word' id='word_1_94' title='bbox 1110 2383 1149 2455; x_wconf 92' lang='lat' dir='ltr'>in</span> <span class='ocrx_word' id='word_1_95' title='bbox 1162 2384 1276 2458; x_wconf 89' lang='lat' dir='ltr'>multa</span> <span class='ocrx_word' id='word_1_96' title='bbox 1290 2385 1447 2460; x_wconf 90' lang='lat' dir='ltr'>membra</span> <span class='ocrx_word' id='word_1_97' title='bbox 1464 2386 1515 2460; x_wconf 94' lang='lat' dir='ltr'>di·</span> 
     </span>
     <span class='ocr_line' id='line_1_15' title="bbox 289 2496 1514 2595; baseline -0.001 -24"><span class='ocrx_word' id='word_1_98' title='bbox 289 2499 410 2573; x_wconf 86' lang='lat' dir='ltr'>visum</span> <span class='ocrx_word' id='word_1_99' title='bbox 428 2499 513 2575; x_wconf 90' lang='lat' dir='ltr'>item</span> <span class='ocrx_word' id='word_1_100' title='bbox 532 2497 766 2595; x_wconf 87' lang='lat' dir='ltr'>Episcopatus</span> <span class='ocrx_word' id='word_1_101' title='bbox 784 2522 880 2570; x_wconf 90' lang='lat' dir='ltr'>unns</span> <span class='ocrx_word' id='word_1_102' title='bbox 893 2496 1148 2595; x_wconf 92' lang='lat' dir='ltr'>Episcoporum</span> <span class='ocrx_word' id='word_1_103' title='bbox 1163 2497 1358 2572; x_wconf 92' lang='lat' dir='ltr'>multorum</span> <span class='ocrx_word' id='word_1_104' title='bbox 1372 2521 1514 2573; x_wconf 88' lang='lat' dir='ltr'>concor-</span> 
     </span>
     <span class='ocr_line' id='line_1_16' title="bbox 288 2609 1515 2710; baseline 0.003 -26"><span class='ocrx_word' id='word_1_105' title='bbox 288 2611 324 2684; x_wconf 92' lang='lat' dir='ltr'>di</span> <span class='ocrx_word' id='word_1_106' title='bbox 342 2610 597 2686; x_wconf 87' lang='lat' dir='ltr'>numerositate</span> <span class='ocrx_word' id='word_1_107' title='bbox 614 2610 775 2698; x_wconf 87' lang='lat' dir='ltr'>diffusus,</span> <span class='ocrx_word' id='word_1_108' title='bbox 793 2609 853 2684; x_wconf 90' lang='lat' dir='ltr'>ille</span> <span class='ocrx_word' id='word_1_109' title='bbox 870 2620 948 2706; x_wconf 90' lang='lat' dir='ltr'>post</span> <span class='ocrx_word' id='word_1_110' title='bbox 962 2611 1029 2686; x_wconf 87' lang='lat' dir='ltr'>Dei</span> <span class='ocrx_word' id='word_1_111' title='bbox 1046 2611 1272 2688; x_wconf 88' lang='lat' dir='ltr'>traditionem</span> <span class='ocrx_word' id='word_1_112' title='bbox 1287 2622 1364 2710; x_wconf 89' lang='lat' dir='ltr'>post</span> <span class='ocrx_word' id='word_1_113' title='bbox 1388 2635 1515 2688; x_wconf 89' lang='lat' dir='ltr'>conne-</span> 
     </span>
    </p>
   </div>
   <div class='ocr_carea' id='block_1_7' title="bbox 287 2721 1608 4630">
    <p class='ocr_par' dir='ltr' id='par_1_7' title="bbox 287 2721 1608 4630">
     <span class='ocr_line' id='line_1_17' title="bbox 287 2721 1512 2821; baseline 0.002 -23"><span class='ocrx_word' id='word_1_114' title='bbox 287 2749 369 2798; x_wconf 83' lang='lat' dir='ltr'>xam</span> <span class='ocrx_word' id='word_1_115' title='bbox 382 2733 418 2798; x_wconf 91' lang='lat' dir='ltr'>et</span> <span class='ocrx_word' id='word_1_116' title='bbox 426 2723 557 2821; x_wconf 91' lang='lat' dir='ltr'>ubique</span> <span class='ocrx_word' id='word_1_117' title='bbox 569 2721 799 2798; x_wconf 87' lang='lat' dir='ltr'>coniunctam</span> <span class='ocrx_word' id='word_1_118' title='bbox 815 2721 1009 2799; x_wconf 83' lang='lat' dir='ltr'>Catholicae</span> <span class='ocrx_word' id='word_1_119' title='bbox 1022 2725 1194 2802; x_wconf 76' lang='lat' dir='ltr'>Ecclesia</span> <span class='ocrx_word' id='word_1_120' title='bbox 1207 2727 1512 2816; x_wconf 87' lang='lat' dir='ltr'>unitatem,unam</span> 
     </span>
     <span class='ocr_line' id='line_1_18' title="bbox 289 2836 1515 2937; baseline -0.001 -24"><span class='ocrx_word' id='word_1_121' title='bbox 289 2848 439 2913; x_wconf 89' lang='lat' dir='ltr'>conetur</span> <span class='ocrx_word' id='word_1_122' title='bbox 455 2837 643 2914; x_wconf 87' lang='lat' dir='ltr'>ecclesiam</span> <span class='ocrx_word' id='word_1_123' title='bbox 656 2836 784 2926; x_wconf 89' lang='lat' dir='ltr'>facere,</span> <span class='ocrx_word' id='word_1_124' title='bbox 797 2848 832 2912; x_wconf 88' lang='lat' dir='ltr'>ot</span> <span class='ocrx_word' id='word_1_125' title='bbox 850 2863 912 2936; x_wconf 88' lang='lat' dir='ltr'>per</span> <span class='ocrx_word' id='word_1_126' title='bbox 929 2837 1104 2937; x_wconf 90' lang='lat' dir='ltr'>plurimas</span> <span class='ocrx_word' id='word_1_127' title='bbox 1121 2839 1288 2914; x_wconf 86' lang='lat' dir='ltr'>civitates</span> <span class='ocrx_word' id='word_1_128' title='bbox 1306 2861 1417 2913; x_wconf 82' lang='lat' dir='ltr'>novos</span> <span class='ocrx_word' id='word_1_129' title='bbox 1435 2862 1515 2937; x_wconf 84' lang='lat' dir='ltr'>apo</span> 
     </span>
     <span class='ocr_line' id='line_1_19' title="bbox 289 2949 1515 3046; baseline 0 -21"><span class='ocrx_word' id='word_1_130' title='bbox 289 2952 396 3026; x_wconf 85' lang='lat' dir='ltr'>stolos</span> <span class='ocrx_word' id='word_1_131' title='bbox 412 2973 494 3024; x_wconf 86' lang='lat' dir='ltr'>nuos</span> <span class='ocrx_word' id='word_1_132' title='bbox 513 2949 644 3039; x_wconf 87' lang='lat' dir='ltr'>mittat,</span> <span class='ocrx_word' id='word_1_133' title='bbox 661 2958 702 3023; x_wconf 88' lang='lat' dir='ltr'>ut</span> <span class='ocrx_word' id='word_1_134' title='bbox 719 2949 880 3046; x_wconf 75' lang='lat' dir='ltr'>quaedam</span> <span class='ocrx_word' id='word_1_135' title='bbox 895 2952 1031 3026; x_wconf 87' lang='lat' dir='ltr'>recenti</span> <span class='ocrx_word' id='word_1_136' title='bbox 1049 2952 1286 3027; x_wconf 91' lang='lat' dir='ltr'>institutionis</span> <span class='ocrx_word' id='word_1_137' title='bbox 1299 2978 1375 3026; x_wconf 80' lang='lat' dir='ltr'>suae</span> <span class='ocrx_word' id='word_1_138' title='bbox 1387 2951 1515 3025; x_wconf 86' lang='lat' dir='ltr'>funda·</span> 
     </span>
     <span class='ocr_line' id='line_1_20' title="bbox 291 3063 1515 3164; baseline 0 -26"><span class='ocrx_word' id='word_1_139' title='bbox 291 3073 412 3141; x_wconf 89' lang='lat' dir='ltr'>menta</span> <span class='ocrx_word' id='word_1_140' title='bbox 429 3065 634 3139; x_wconf 86' lang='lat' dir='ltr'>constituat.</span> <span class='ocrx_word' id='word_1_141' title='bbox 653 3063 814 3160; x_wconf 84' lang='lat' dir='ltr'>Cumque</span> <span class='ocrx_word' id='word_1_142' title='bbox 830 3063 1040 3162; x_wconf 86' lang='lat' dir='ltr'>iampridem</span> <span class='ocrx_word' id='word_1_143' title='bbox 1054 3089 1115 3162; x_wconf 91' lang='lat' dir='ltr'>per</span> <span class='ocrx_word' id='word_1_144' title='bbox 1128 3090 1250 3140; x_wconf 88' lang='lat' dir='ltr'>omnes</span> <span class='ocrx_word' id='word_1_145' title='bbox 1263 3065 1466 3164; x_wconf 84' lang='lat' dir='ltr'>provincias</span> <span class='ocrx_word' id='word_1_146' title='bbox 1479 3074 1515 3141; x_wconf 93' lang='lat' dir='ltr'>et</span> 
     </span>
     <span class='ocr_line' id='line_1_21' title="bbox 290 3174 1514 3278; baseline 0.001 -29"><span class='ocrx_word' id='word_1_147' title='bbox 290 3201 353 3275; x_wconf 89' lang='lat' dir='ltr'>per</span> <span class='ocrx_word' id='word_1_148' title='bbox 369 3175 475 3251; x_wconf 88' lang='lat' dir='ltr'>urbes</span> <span class='ocrx_word' id='word_1_149' title='bbox 492 3174 657 3271; x_wconf 85' lang='lat' dir='ltr'>singulas</span> <span class='ocrx_word' id='word_1_150' title='bbox 673 3175 826 3251; x_wconf 88' lang='lat' dir='ltr'>ordinati</span> <span class='ocrx_word' id='word_1_151' title='bbox 844 3189 930 3252; x_wconf 90' lang='lat' dir='ltr'>sunt</span> <span class='ocrx_word' id='word_1_152' title='bbox 949 3177 1112 3278; x_wconf 87' lang='lat' dir='ltr'>Episcopi</span> <span class='ocrx_word' id='word_1_153' title='bbox 1130 3177 1168 3250; x_wconf 89' lang='lat' dir='ltr'>in</span> <span class='ocrx_word' id='word_1_154' title='bbox 1186 3188 1290 3253; x_wconf 75' lang='lat' dir='ltr'>aetate</span> <span class='ocrx_word' id='word_1_155' title='bbox 1306 3177 1458 3277; x_wconf 87' lang='lat' dir='ltr'>antiqui,</span> <span class='ocrx_word' id='word_1_156' title='bbox 1475 3180 1514 3250; x_wconf 93' lang='lat' dir='ltr'>in</span> 
     </span>
     <span class='ocr_line' id='line_1_22' title="bbox 290 3288 1514 3388; baseline -0.001 -23"><span class='ocrx_word' id='word_1_157' title='bbox 290 3290 358 3365; x_wconf 86' lang='lat' dir='ltr'>fide</span> <span class='ocrx_word' id='word_1_158' title='bbox 375 3289 520 3385; x_wconf 82' lang='lat' dir='ltr'>integri,</span> <span class='ocrx_word' id='word_1_159' title='bbox 533 3290 570 3363; x_wconf 92' lang='lat' dir='ltr'>in</span> <span class='ocrx_word' id='word_1_160' title='bbox 584 3314 750 3388; x_wconf 86' lang='lat' dir='ltr'>pressura</span> <span class='ocrx_word' id='word_1_161' title='bbox 763 3288 913 3388; x_wconf 88' lang='lat' dir='ltr'>probati,</span> <span class='ocrx_word' id='word_1_162' title='bbox 928 3290 965 3362; x_wconf 91' lang='lat' dir='ltr'>in</span> <span class='ocrx_word' id='word_1_163' title='bbox 980 3290 1224 3386; x_wconf 88' lang='lat' dir='ltr'>persecutione</span> <span class='ocrx_word' id='word_1_164' title='bbox 1239 3290 1438 3388; x_wconf 87' lang='lat' dir='ltr'>proscripti,</span> <span class='ocrx_word' id='word_1_165' title='bbox 1452 3289 1514 3364; x_wconf 91' lang='lat' dir='ltr'>ille</span> 
     </span>
     <span class='ocr_line' id='line_1_23' title="bbox 290 3402 1515 3502; baseline -0.002 -22"><span class='ocrx_word' id='word_1_166' title='bbox 290 3429 417 3480; x_wconf 87' lang='lat' dir='ltr'>servus</span> <span class='ocrx_word' id='word_1_167' title='bbox 441 3427 500 3479; x_wconf 90' lang='lat' dir='ltr'>eos</span> <span class='ocrx_word' id='word_1_168' title='bbox 527 3428 647 3479; x_wconf 89' lang='lat' dir='ltr'>creare</span> <span class='ocrx_word' id='word_1_169' title='bbox 673 3404 762 3478; x_wconf 90' lang='lat' dir='ltr'>alios</span> <span class='ocrx_word' id='word_1_170' title='bbox 778 3403 911 3502; x_wconf 88' lang='lat' dir='ltr'>pseudo</span> <span class='ocrx_word' id='word_1_171' title='bbox 929 3402 1117 3500; x_wconf 87' lang='lat' dir='ltr'>Episcopos</span> <span class='ocrx_word' id='word_1_172' title='bbox 1134 3402 1264 3478; x_wconf 87' lang='lat' dir='ltr'>audeat</span> <span class='ocrx_word' id='word_1_173' title='bbox 1280 3403 1382 3501; x_wconf 91' lang='lat' dir='ltr'>quasi</span> <span class='ocrx_word' id='word_1_174' title='bbox 1404 3402 1515 3500; x_wconf 86' lang='lat' dir='ltr'>possit</span> 
     </span>
     <span class='ocr_line' id='line_1_24' title="bbox 289 3514 1515 3615; baseline 0 -24"><span class='ocrx_word' id='word_1_175' title='bbox 289 3528 354 3593; x_wconf 88' lang='lat' dir='ltr'>aut</span> <span class='ocrx_word' id='word_1_176' title='bbox 369 3526 483 3592; x_wconf 89' lang='lat' dir='ltr'>totum</span> <span class='ocrx_word' id='word_1_177' title='bbox 501 3517 621 3592; x_wconf 87' lang='lat' dir='ltr'>orbern</span> <span class='ocrx_word' id='word_1_178' title='bbox 639 3518 722 3591; x_wconf 89' lang='lat' dir='ltr'>novi</span> <span class='ocrx_word' id='word_1_179' title='bbox 740 3527 889 3593; x_wconf 86' lang='lat' dir='ltr'>conatus</span> <span class='ocrx_word' id='word_1_180' title='bbox 907 3514 1143 3592; x_wconf 89' lang='lat' dir='ltr'>obstinatione</span> <span class='ocrx_word' id='word_1_181' title='bbox 1161 3540 1362 3615; x_wconf 79' lang='lat' dir='ltr'>peragrare,</span> <span class='ocrx_word' id='word_1_182' title='bbox 1379 3525 1443 3590; x_wconf 89' lang='lat' dir='ltr'>aut</span> <span class='ocrx_word' id='word_1_183' title='bbox 1459 3541 1515 3591; x_wconf 91' lang='lat' dir='ltr'>ec·</span> 
     </span>
     <span class='ocr_line' id='line_1_25' title="bbox 289 3629 1608 3732; baseline 0 -27"><span class='ocrx_word' id='word_1_184' title='bbox 289 3629 484 3706; x_wconf 88' lang='lat' dir='ltr'>clesiastici</span> <span class='ocrx_word' id='word_1_185' title='bbox 501 3631 656 3728; x_wconf 88' lang='lat' dir='ltr'>corporis</span> <span class='ocrx_word' id='word_1_186' title='bbox 669 3630 917 3728; x_wconf 82' lang='lat' dir='ltr'>compaginem</span> <span class='ocrx_word' id='word_1_187' title='bbox 930 3631 1114 3706; x_wconf 75' lang='lat' dir='ltr'>discordia</span> <span class='ocrx_word' id='word_1_188' title='bbox 1128 3657 1203 3706; x_wconf 82' lang='lat' dir='ltr'>suae</span> <span class='ocrx_word' id='word_1_189' title='bbox 1215 3630 1449 3706; x_wconf 87' lang='lat' dir='ltr'>seminatione</span> <span class='ocrx_word' id='word_1_190' title='bbox 1464 3654 1516 3706; x_wconf 88' lang='lat' dir='ltr'>re-</span> <span class='ocrx_word' id='word_1_191' title='bbox 1582 3726 1585 3730; x_wconf 9' lang='lat'>,</span> <span class='ocrx_word' id='word_1_192' title='bbox 1606 3727 1608 3732; x_wconf 23' lang='grc' dir='ltr'>Ι</span> 
     </span>
     <span class='ocr_line' id='line_1_26' title="bbox 290 3742 1516 3842; baseline -0.002 -23"><span class='ocrx_word' id='word_1_193' title='bbox 290 3743 463 3832; x_wconf 87' lang='lat' dir='ltr'>scindere,</span> <span class='ocrx_word' id='word_1_194' title='bbox 480 3742 646 3818; x_wconf 90' lang='lat' dir='ltr'>nesciens</span> <span class='ocrx_word' id='word_1_195' title='bbox 663 3743 901 3842; x_wconf 87' lang='lat' dir='ltr'>scysmaticos</span> <span class='ocrx_word' id='word_1_196' title='bbox 918 3767 1055 3841; x_wconf 88' lang='lat' dir='ltr'>semper</span> <span class='ocrx_word' id='word_1_197' title='bbox 1072 3742 1166 3818; x_wconf 91' lang='lat' dir='ltr'>inter</span> <span class='ocrx_word' id='word_1_198' title='bbox 1183 3743 1287 3818; x_wconf 87' lang='lat' dir='ltr'>initia</span> <span class='ocrx_word' id='word_1_199' title='bbox 1299 3743 1449 3832; x_wconf 88' lang='lat' dir='ltr'>fervere,</span> <span class='ocrx_word' id='word_1_200' title='bbox 1462 3743 1516 3816; x_wconf 91' lang='lat' dir='ltr'>in·</span> 
     </span>
     <span class='ocr_line' id='line_1_27' title="bbox 290 3854 1517 3955; baseline 0.001 -24"><span class='ocrx_word' id='word_1_201' title='bbox 290 3865 473 3932; x_wconf 90' lang='lat' dir='ltr'>crementa</span> <span class='ocrx_word' id='word_1_202' title='bbox 490 3879 574 3930; x_wconf 91' lang='lat' dir='ltr'>vero</span> <span class='ocrx_word' id='word_1_203' title='bbox 591 3854 721 3932; x_wconf 87' lang='lat' dir='ltr'>habere</span> <span class='ocrx_word' id='word_1_204' title='bbox 739 3879 809 3930; x_wconf 91' lang='lat' dir='ltr'>non</span> <span class='ocrx_word' id='word_1_205' title='bbox 826 3878 936 3954; x_wconf 88' lang='lat' dir='ltr'>posse,</span> <span class='ocrx_word' id='word_1_206' title='bbox 953 3881 1021 3932; x_wconf 88' lang='lat' dir='ltr'>nec</span> <span class='ocrx_word' id='word_1_207' title='bbox 1037 3881 1172 3953; x_wconf 83' lang='lat' dir='ltr'>augere</span> <span class='ocrx_word' id='word_1_208' title='bbox 1193 3857 1285 3955; x_wconf 93' lang='lat' dir='ltr'>quod</span> <span class='ocrx_word' id='word_1_209' title='bbox 1309 3856 1436 3932; x_wconf 88' lang='lat' dir='ltr'>illicite</span> <span class='ocrx_word' id='word_1_210' title='bbox 1461 3883 1517 3932; x_wconf 76' lang='lat' dir='ltr'>ce</span> 
     </span>
     <span class='ocr_line' id='line_1_28' title="bbox 292 3969 1517 4070; baseline 0.005 -29"><span class='ocrx_word' id='word_1_211' title='bbox 292 3969 421 4063; x_wconf 89' lang='lat' dir='ltr'>perint,</span> <span class='ocrx_word' id='word_1_212' title='bbox 439 3969 500 4044; x_wconf 88' lang='lat' dir='ltr'>sed</span> <span class='ocrx_word' id='word_1_213' title='bbox 517 3969 639 4045; x_wconf 85' lang='lat' dir='ltr'>statim</span> <span class='ocrx_word' id='word_1_214' title='bbox 656 3995 742 4046; x_wconf 92' lang='lat' dir='ltr'>cum</span> <span class='ocrx_word' id='word_1_215' title='bbox 761 3993 872 4068; x_wconf 84' lang='lat' dir='ltr'>prava</span> <span class='ocrx_word' id='word_1_216' title='bbox 889 3996 954 4044; x_wconf 91' lang='lat' dir='ltr'>sua</span> <span class='ocrx_word' id='word_1_217' title='bbox 971 3971 1188 4047; x_wconf 89' lang='lat' dir='ltr'>emulatione</span> <span class='ocrx_word' id='word_1_218' title='bbox 1202 3972 1362 4048; x_wconf 89' lang='lat' dir='ltr'>deficere.</span> <span class='ocrx_word' id='word_1_219' title='bbox 1377 3973 1517 4070; x_wconf 84' lang='lat' dir='ltr'>Episco</span> 
     </span>
     <span class='ocr_line' id='line_1_29' title="bbox 292 4083 1517 4183; baseline 0 -26"><span class='ocrx_word' id='word_1_220' title='bbox 292 4092 414 4181; x_wconf 88' lang='lat' dir='ltr'>patum</span> <span class='ocrx_word' id='word_1_221' title='bbox 431 4093 553 4159; x_wconf 84' lang='lat' dir='ltr'>autem</span> <span class='ocrx_word' id='word_1_222' title='bbox 570 4093 692 4159; x_wconf 89' lang='lat' dir='ltr'>tenere</span> <span class='ocrx_word' id='word_1_223' title='bbox 710 4106 781 4157; x_wconf 93' lang='lat' dir='ltr'>non</span> <span class='ocrx_word' id='word_1_224' title='bbox 799 4094 916 4181; x_wconf 91' lang='lat' dir='ltr'>posset</span> <span class='ocrx_word' id='word_1_225' title='bbox 932 4083 1042 4159; x_wconf 88' lang='lat' dir='ltr'>etiam</span> <span class='ocrx_word' id='word_1_226' title='bbox 1068 4085 1098 4158; x_wconf 91' lang='lat' dir='ltr'>si</span> <span class='ocrx_word' id='word_1_227' title='bbox 1124 4085 1321 4182; x_wconf 87' lang='lat' dir='ltr'>Episcopus</span> <span class='ocrx_word' id='word_1_228' title='bbox 1346 4083 1445 4183; x_wconf 88' lang='lat' dir='ltr'>prius</span> <span class='ocrx_word' id='word_1_229' title='bbox 1465 4085 1517 4158; x_wconf 86' lang='lat' dir='ltr'>fa-</span> 
     </span>
     <span class='ocr_line' id='line_1_30' title="bbox 291 4196 1517 4296; baseline -0.001 -22"><span class='ocrx_word' id='word_1_230' title='bbox 291 4207 373 4274; x_wconf 87' lang='lat' dir='ltr'>ctus</span> <span class='ocrx_word' id='word_1_231' title='bbox 390 4223 411 4271; x_wconf 91' lang='lat' dir='ltr'>a</span> <span class='ocrx_word' id='word_1_232' title='bbox 428 4198 722 4296; x_wconf 81' lang='lat' dir='ltr'>Coepiscoporum</span> <span class='ocrx_word' id='word_1_233' title='bbox 740 4220 886 4271; x_wconf 90' lang='lat' dir='ltr'>suorum</span> <span class='ocrx_word' id='word_1_234' title='bbox 904 4220 1047 4294; x_wconf 90' lang='lat' dir='ltr'>corpore</span> <span class='ocrx_word' id='word_1_235' title='bbox 1064 4207 1099 4272; x_wconf 88' lang='lat' dir='ltr'>et</span> <span class='ocrx_word' id='word_1_236' title='bbox 1115 4196 1160 4271; x_wconf 91' lang='lat' dir='ltr'>ab</span> <span class='ocrx_word' id='word_1_237' title='bbox 1181 4196 1353 4272; x_wconf 74' lang='lat' dir='ltr'>Ecclesiae</span> <span class='ocrx_word' id='word_1_238' title='bbox 1377 4196 1517 4273; x_wconf 88' lang='lat' dir='ltr'>unitate</span> 
     </span>
     <span class='ocr_line' id='line_1_31' title="bbox 291 4308 1519 4410; baseline -0.002 -25"><span class='ocrx_word' id='word_1_239' title='bbox 291 4310 516 4399; x_wconf 88' lang='lat' dir='ltr'>descisceret,</span> <span class='ocrx_word' id='word_1_240' title='bbox 541 4311 628 4410; x_wconf 90' lang='lat' dir='ltr'>quin</span> <span class='ocrx_word' id='word_1_241' title='bbox 654 4310 844 4409; x_wconf 88' lang='lat' dir='ltr'>Apostolus</span> <span class='ocrx_word' id='word_1_242' title='bbox 860 4309 1059 4395; x_wconf 89' lang='lat' dir='ltr'>admoneat,</span> <span class='ocrx_word' id='word_1_243' title='bbox 1077 4318 1119 4383; x_wconf 93' lang='lat' dir='ltr'>ut</span> <span class='ocrx_word' id='word_1_244' title='bbox 1144 4308 1300 4385; x_wconf 81' lang='lat' dir='ltr'>invicem</span> <span class='ocrx_word' id='word_1_245' title='bbox 1327 4332 1392 4384; x_wconf 86' lang='lat' dir='ltr'>nos</span> <span class='ocrx_word' id='word_1_246' title='bbox 1417 4308 1519 4384; x_wconf 88' lang='lat' dir='ltr'>meti·</span> 
     </span>
     <span class='ocr_line' id='line_1_32' title="bbox 292 4422 1519 4521; baseline 0 -23"><span class='ocrx_word' id='word_1_247' title='bbox 292 4447 373 4521; x_wconf 87' lang='lat' dir='ltr'>psos</span> <span class='ocrx_word' id='word_1_248' title='bbox 390 4424 644 4514; x_wconf 90' lang='lat' dir='ltr'>sustineamus,</span> <span class='ocrx_word' id='word_1_249' title='bbox 660 4449 705 4498; x_wconf 89' lang='lat' dir='ltr'>ne</span> <span class='ocrx_word' id='word_1_250' title='bbox 722 4424 767 4498; x_wconf 90' lang='lat' dir='ltr'>ab</span> <span class='ocrx_word' id='word_1_251' title='bbox 791 4424 930 4497; x_wconf 87' lang='lat' dir='ltr'>unitate</span> <span class='ocrx_word' id='word_1_252' title='bbox 957 4446 1065 4520; x_wconf 90' lang='lat' dir='ltr'>quam</span> <span class='ocrx_word' id='word_1_253' title='bbox 1092 4425 1188 4498; x_wconf 90' lang='lat' dir='ltr'>Deus</span> <span class='ocrx_word' id='word_1_254' title='bbox 1213 4422 1400 4498; x_wconf 90' lang='lat' dir='ltr'>constituit</span> <span class='ocrx_word' id='word_1_255' title='bbox 1425 4446 1519 4498; x_wconf 86' lang='lat' dir='ltr'>rece-</span> 
     </span>
     <span class='ocr_line' id='line_1_33' title="bbox 292 4533 1518 4630; baseline -0.002 -20"><span class='ocrx_word' id='word_1_256' title='bbox 292 4536 419 4610; x_wconf 89' lang='lat' dir='ltr'>damus</span> <span class='ocrx_word' id='word_1_257' title='bbox 434 4547 470 4612; x_wconf 91' lang='lat' dir='ltr'>et</span> <span class='ocrx_word' id='word_1_258' title='bbox 482 4536 587 4613; x_wconf 89' lang='lat' dir='ltr'>dicat.</span> <span class='ocrx_word' id='word_1_259' title='bbox 602 4537 828 4612; x_wconf 85' lang='lat' dir='ltr'>Sustinentes</span> <span class='ocrx_word' id='word_1_260' title='bbox 840 4535 996 4611; x_wconf 87' lang='lat' dir='ltr'>invicem</span> <span class='ocrx_word' id='word_1_261' title='bbox 1010 4533 1047 4607; x_wconf 93' lang='lat' dir='ltr'>in</span> <span class='ocrx_word' id='word_1_262' title='bbox 1060 4534 1249 4610; x_wconf 89' lang='lat' dir='ltr'>dilectione</span> <span class='ocrx_word' id='word_1_263' title='bbox 1262 4535 1351 4609; x_wconf 89' lang='lat' dir='ltr'>satis</span> <span class='ocrx_word' id='word_1_264' title='bbox 1363 4542 1518 4630; x_wconf 80' lang='lat' dir='ltr'>agentes</span> 
     </span>
    </p>
   </div>
   <div class='ocr_carea' id='block_1_8' title="bbox 0 0 1815 5498">
    <p class='ocr_par' dir='ltr' id='par_1_8' title="bbox 0 0 1815 5498">
     <span class='ocr_line' id='line_1_34' title="bbox 0 0 1815 5498; baseline 0 0"><span class='ocrx_word' id='word_1_265' title='bbox 0 0 1815 5498; x_wconf 95' lang='lat' dir='ltr'> </span> 
     </span>
    </p>
   </div>
  </div>
 </body>
</html>
