3608 5498
803 389 998 453 -olo-

287 508 426 584 colonos
435 518 471 584 ot
481 510 632 600 colonas,
640 508 770 585 ibidem
782 508 1030 602 residentibus,
1042 536 1125 589 oum
1139 512 1305 588 omnibus
1317 515 1513 614 suprascri-

288 630 347 717 pto
358 620 569 696 monasterio
577 621 796 717 generaliter
809 622 1079 723 pertinentibus.
1093 627 1271 701 Praestant
1279 626 1516 724 supponsiono

286 737 376 812 XIII
388 736 468 809 auri
485 734 612 810 solidos
629 737 786 825 lucanos,
799 735 837 810 in
850 760 937 811 auro
950 738 1112 813 denarios
1126 740 1231 812 VIIII
1243 748 1280 816 ot
1293 739 1425 814 vestita
1441 750 1512 815 sta-

287 873 343 924 me
353 848 459 925 sirica
468 849 802 945 IIIIotguindensis
813 850 899 925 suis.
911 853 1059 927 Necnon
1073 859 1108 927 et
1119 860 1221 927 curte
1230 851 1269 925 in
1278 852 1421 948 integro
1433 876 1515 952 quae

287 961 419 1038 dicitur
433 961 702 1062 Carpinianum‚
715 963 828 1062 posita
841 962 1017 1065 tonnitorio
1029 967 1200 1055 Luconso,
1212 975 1248 1040 et
1261 963 1510 1041 Vulturnonso

287 1101 371 1152 oum
385 1073 551 1149 omnibus
560 1075 604 1149 ad
617 1099 696 1150 earn
710 1077 1018 1174 pernontinetibus
1027 1077 1104 1177 (sio)
1113 1087 1155 1152 ut
1167 1079 1390 1178 praemissum
1401 1089 1456 1154 est
1469 1080 1513 1155 do

289 1188 504 1263 monasterio
518 1190 678 1264 Luoonse
692 1199 837 1287 praestat
846 1192 971 1266 XVIII
983 1193 1063 1265 ouri
1077 1191 1205 1267 solidos
1217 1191 1364 1269 lucanos
1377 1193 1416 1267 in
1428 1217 1516 1268 auro

289 1303 454 1378 denarios
470 1306 568 1377 VIII.
577 1307 667 1379 Item
682 1305 936 1380 monasterium
955 1306 1151 1383 Salvatoris
1168 1331 1250 1380 oum
1265 1317 1367 1382 curto
1385 1333 1462 1397 sua,
1476 1308 1515 1381 in

289 1416 409 1491 eodem
420 1415 596 1491 territorio
609 1417 723 1518 posita
733 1417 808 1492 Iooo
817 1419 878 1516 qui
888 1419 1021 1521 dicitur
1034 1418 1293 1510 Viooanis,vel
1308 1419 1419 1494 Alissi
1430 1445 1515 1497 oum

287 1529 452 1604 omnibus
477 1528 544 1603 sibi
562 1529 823 1631 pertinentibus
841 1541 881 1607 ut
898 1532 1123 1632 praemissum
1140 1541 1205 1623 est,
1229 1532 1273 1607 de
1298 1532 1513 1608 monasterio

288 1645 434 1722 luoonso
459 1655 605 1744 praestat
622 1646 740 1719 Lauri
754 1645 881 1721 solidos
894 1646 1042 1721 lucanos
1059 1646 1096 1720 in
1110 1668 1199 1719 auro
1216 1645 1380 1721 denarios
1399 1649 1516 1721 VIIII.

288 1763 431 1835 Etcum
451 1769 552 1834 curto
569 1759 724 1856 integra,
736 1784 815 1858 quae
829 1758 961 1835 dicitnr
975 1759 1110 1858 rapida,
1126 1760 1195 1833 sita
1213 1759 1250 1832 in
1268 1760 1447 1835 territorio
1462 1760 1518 1834 Pi·

289 1897 394 1962 sano,
405 1872 482 1949 loco
495 1874 557 1972 qui
570 1873 703 1949 dicitur
721 1872 883 1948 aeeolesia
901 1873 1017 1948 sancti
1032 1872 1151 1947 Rufini
1169 1898 1253 1948 oum
1266 1872 1431 1948 omnibus
1448 1872 1517 1947 sibi

289 1988 562 2087 pertinentibus,
575 1998 617 2064 ut
626 1988 848 2087 pnaemissum
859 1988 963 2064 estdo
977 1987 1190 2063 monasterio
1201 1988 1356 2077 luoonso,
1365 2012 1432 2063 neo
1445 2011 1518 2062 non

288 2112 324 2178 et
337 2113 437 2179 curte
447 2101 518 2176 alia
531 2127 609 2202 quae
623 2102 755 2177 dicitur
769 2102 943 2178 Oioerona
953 2127 1036 2176 oum
1048 2100 1209 2177 aeoolosia
1222 2101 1339 2176 sancti
1354 2101 1519 2191 Androae,

290 2243 373 2293 cum
389 2217 555 2292 omnibus
567 2217 612 2291 ad
625 2240 702 2291 oam
714 2214 974 2316 pertinentibus
988 2224 1029 2289 ut
1042 2215 1265 2313 praemissum
1279 2224 1334 2290 est
1346 2215 1388 2290 do
1401 2238 1519 2289 mona·

288 2330 395 2406 stonio
409 2333 579 2418 Luconso,
592 2338 763 2429 praestant
776 2329 856 2402 auri
870 2329 998 2404 solidos
1013 2329 1161 2405 Iuoonos
1178 2333 1213 2402 V
1226 2330 1388 2405 denarios
1401 2333 1517 2406 VIIII.

289 2448 452 2542 Itemque
466 2443 722 2518 monasterium
737 2443 851 2518 sancti
863 2442 960 2517 Petri
974 2441 1125 2539 pecunia
1139 2441 1176 2514 in
1190 2441 1388 2538 integrum,
1400 2451 1436 2516 et
1448 2441 1520 2516 alia

288 2557 440 2658 pecunia
456 2557 527 2632 sita
545 2557 582 2630 in
600 2556 776 2633 territorio
794 2561 967 2645 Lucense‚
980 2565 1016 2630 ot
1034 2555 1169 2630 Siliano
1194 2555 1270 2631 Ioco
1295 2554 1359 2653 qui
1383 2554 1517 2631 dicitur

290 2668 1521 2768 Cordennaeetcastellonovocumomnibuseipertinentibusutprn-

289 2785 424 2860 dictum
442 2795 496 2860 ost
508 2785 550 2861 de
569 2787 781 2861 monasterio
799 2789 969 2873 Lucense,
987 2794 1159 2882 praestant
1173 2787 1207 2859 ΙΙ
1221 2783 1300 2857 auri
1319 2783 1448 2858 solidos
1465 2783 1520 2858 lu·

291 2923 408 2974 canos.
425 2902 515 2975 Item
534 2900 648 2975 curtis
661 2924 740 2998 quae
753 2899 886 2975 dicitur
903 2899 1134 2988 Burrianuin‚
1151 2900 1189 2973 in
1207 2898 1385 2975 territorio
1402 2898 1521 2974 Rosol-

290 3015 383 3105 Iano,
399 3040 482 3091 oum
500 3015 665 3090 omnibus
678 3017 754 3089 suis
767 3026 809 3091 ut
825 3014 1034 3113 praediot-um
1049 3024 1104 3089 est
1116 3014 1158 3089 do
1170 3017 1331 3088 Luconso
1345 3021 1520 3087 monaste·

290 3129 352 3217 rio,
374 3138 545 3227 praestant
562 3132 632 3204 XV
651 3130 778 3205 solidos
795 3129 874 3203 auri
892 3129 1041 3203 lucanos
1062 3127 1225 3202 denarios
1249 3128 1365 3200 VIIII.
1386 3129 1432 3202 Et
1449 3125 1520 3202 dus

289 3251 410 3317 curtes
423 3268 502 3340 quae
516 3253 690 3318 vocantur
708 3244 879 3332 Pisonos,
897 3251 934 3316 et
950 3241 1161 3317 FIaoianum
1180 3265 1264 3314 oum
1281 3239 1359 3315 caio
1377 3261 1442 3314 suo
1454 3239 1519 3338 qui

291 3355 424 3431 dieitur
440 3355 557 3447 tortio,
570 3382 642 3430 una
656 3383 737 3434 oum
753 3357 968 3433 monasterio
980 3367 1113 3433 sancto
1126 3357 1216 3432 lulio
1229 3379 1367 3431 necnon
1381 3365 1417 3430 et
1429 3354 1519 3429 villa

291 3495 424 3567 magna
438 3481 474 3547 et
487 3471 662 3570 fossaque
676 3473 960 3562 vocaturnlexu,
973 3499 1056 3549 oum
1069 3471 1234 3547 omnibus
1247 3472 1298 3547 eis
1311 3470 1521 3569 pertinenti-

294 3583 361 3659 bus
379 3587 489 3686 posite
504 3597 590 3661 sunt
604 3586 748 3684 praesato
761 3587 939 3662 territorio
952 3587 1146 3676 Rosollano‚
1160 3594 1330 3684 praestant
1342 3587 1379 3658 X
1390 3583 1520 3659 solidos

289 3700 369 3773 auri
380 3699 527 3774 luoonos
536 3698 699 3774 denarios
713 3703 828 3774 VIIII.
838 3701 962 3777 Cuntis
975 3701 1013 3775 in
1027 3701 1170 3797 integro
1183 3725 1263 3799 quae
1272 3699 1407 3775 dicitur
1416 3701 1521 3775 Cam·

291 3815 511 3914 paniatioum
537 3813 596 3888 vol
621 3813 883 3911 Capetiatioum
902 3840 985 3890 oum
1003 3815 1153 3891 ecclesia
1167 3813 1282 3889 sancti
1300 3812 1401 3887 Iusti.
1419 3812 1521 3888 Vina

291 3954 360 4028 quo
377 3928 510 4004 dicitur
528 3927 728 4005 Castoliono
746 3953 828 4003 oum
854 3929 1020 4004 omnibus
1042 3928 1094 4004 eis
1112 3927 1384 4027 pertinentibus,
1408 3927 1520 4025 posito

292 4052 379 4117 sunt
400 4044 438 4117 in
461 4041 639 4118 territorio
662 4042 859 4131 BosellanO,
875 4053 1047 4140 praestant
1062 4047 1099 4119 X
1115 4042 1243 4117 solidos
1267 4041 1347 4117 auri
1371 4041 1521 4117 lucanos

291 4157 455 4234 denarios
480 4160 595 4232 v1111.
616 4161 707 4233 Item
731 4156 985 4232 monasterium
1011 4156 1128 4232 sancti
1153 4155 1250 4231 Petri
1275 4155 1315 4229 in
1339 4154 1519 4230 territorio

294 4272 434 4358 Pisano
451 4271 488 4344 in
511 4271 588 4346 loco
612 4271 673 4369 qui
700 4270 832 4344 dicitur
858 4272 994 4360 Guada,
1020 4296 1102 4345 oum
1127 4268 1293 4344 omnibus
1319 4269 1409 4360 suis,
1432 4293 1520 4366 prae-

292 4395 390 4459 stant
403 4383 574 4461 Xsolidos
583 4386 662 4459 auri
673 4385 711 4458 in
720 4408 807 4458 auro
820 4385 982 4460 denarios
991 4384 1106 4457 VIIII.
1117 4386 1204 4458 Item
1219 4384 1256 4456 In
1270 4381 1339 4455 alio
1352 4390 1445 4456 tomo
1455 4382 1517 4457 oui

293 4498 521 4604 proscriptus
534 4502 630 4603 Papa
643 4501 673 4574 B
685 4497 860 4601 leguntur
873 4497 986 4602 posits
998 4522 1074 4578 esse
1087 4498 1124 4576 in
1138 4498 1310 4576 comitatu
1324 4501 1468 4575 Lucano
1480 4507 1519 4575 ot
