3608 5498
690 391 884 457 -211-

176 515 229 580 tor
246 515 352 604 atque
371 508 569 607 redemptor
586 511 746 585 omnium
763 508 929 585 dominus
947 519 1065 586 noster
1082 509 1208 586 ihesus
1225 509 1394 586 Christus

174 621 321 695 tradidit
338 623 516 720 inquiens,
540 649 775 723 quaecumque
800 623 974 719 ligaveris
998 634 1262 724 superterram
1287 635 1395 701 erunt

174 734 289 830 ligata
306 746 342 811 et
359 737 396 811 in
415 739 511 829 caele,
528 751 564 814 et
589 763 822 838 quaecumque
847 738 999 813 solveris
1016 763 1122 838 super
1139 747 1272 812 terram
1289 747 1397 813 erunt
1524 733 1529 741 ’

176 849 291 923 solnta
304 861 340 926 et
353 851 390 925 in
404 852 499 943 calo,
512 864 715 951 sanctaeque
727 863 799 926 ture
812 849 983 926 Ecclesia
994 873 1102 946 quam
1114 848 1217 924 hodie
1231 859 1293 924 tuo
1310 874 1396 947 prse-

177 963 265 1039 sidio
283 967 476 1062 regendam
494 968 660 1068 suscipio,
677 968 769 1067 quod
786 990 881 1041 verae
901 965 982 1039 fidei
1009 965 1260 1041 rectitudinem
1286 989 1394 1064 quam

177 1077 320 1154 Christo
336 1093 482 1157 auctore
503 1082 664 1157 tradente
682 1091 807 1179 perte,
823 1088 860 1153 et
876 1078 1122 1153 beatissimum
1148 1079 1394 1177 coapostolum

175 1199 279 1264 tuum
291 1193 455 1284 Paulum,
468 1219 529 1292 per
541 1219 647 1292 quern
661 1194 854 1293 discipulos
862 1202 898 1269 et
907 1217 1128 1269 successores
1138 1205 1275 1269 vestros
1283 1217 1396 1291 usque

175 1304 221 1377 ad
237 1304 474 1401 exiguitatem
493 1333 609 1383 meam
630 1307 812 1406 perlatam,
827 1308 864 1380 in
881 1319 945 1382 tua
958 1317 1082 1384 sancta
1095 1307 1257 1384 aecclesia
1271 1306 1396 1405 reperi,

174 1418 258 1491 totis
270 1419 456 1494 conatibus
474 1421 564 1496 meis
577 1446 690 1519 usque
702 1421 747 1494 ad
755 1422 925 1510 animam,
938 1432 974 1496 et
986 1421 1201 1517 sanguinem
1216 1420 1394 1497 custodire

176 1538 249 1604 tam
267 1531 309 1606 de
327 1543 461 1608 sanctae
478 1543 515 1609 et
530 1535 727 1609 individuae
744 1534 933 1609 Trinitatis
951 1534 1135 1633 mysterio,
1152 1559 1220 1632 que
1234 1561 1329 1608 unus
1341 1543 1396 1609 est

176 1646 285 1733 Deus,
303 1670 480 1744 quamque
498 1648 540 1722 de
558 1647 820 1745 dispensatione
837 1671 917 1744 quae
929 1645 1125 1722 secundum
1139 1671 1285 1723 caruem
1299 1648 1395 1722 sacta

175 1768 229 1833 est
242 1759 422 1855 unigeniti
440 1760 520 1833 Filii
535 1761 598 1836 Dei
612 1761 794 1857 unigeniti
810 1760 951 1836 Domini
964 1760 1076 1835 nostri
1090 1761 1197 1835 Ihesu
1210 1760 1347 1837 Christi
1360 1770 1396 1836 et

175 1871 219 1946 de
235 1873 375 1948 caeteris
396 1873 565 1949 aecclesiae
583 1874 647 1949 Dei
668 1875 906 1970 dogmatibus
923 1875 1019 1950 sicut
1035 1874 1300 1950 universalibus
1316 1898 1398 1950 con·

174 1984 271 2059 ciliis
292 1995 329 2060 et
353 1986 559 2061 constitutis
576 1987 847 2084 apostolicorum
873 1989 1093 2087 pontificum,
1115 1989 1398 2089 probaptissimo·

175 2123 325 2196 rumque
334 2100 515 2175 doctorum
527 2101 697 2178 aecclesiae
710 2102 854 2200 scriptis
866 2103 1122 2178 commendata
1136 2103 1231 2178 Idem
1246 2127 1395 2201 quaeque

176 2211 220 2285 ad
235 2212 486 2287 rectitudinem
500 2224 629 2289 vestrm
642 2224 841 2312 nostraeque
854 2215 1052 2290 orthodoxae
1065 2215 1145 2290 fidei
1158 2241 1180 2290 a
1192 2226 1228 2292 te
1237 2216 1397 2291 traditio·

174 2349 256 2399 nem
276 2325 453 2423 rccipiunt
465 2351 687 2402 conservare.
700 2330 833 2411 Sancta
846 2350 985 2425 quoque
998 2330 1067 2401 Vll
1082 2328 1301 2404 universalia
1314 2352 1395 2404 cou-

174 2437 268 2527 cilia,
293 2438 384 2513 idest
401 2439 591 2528 Nieenum
618 2439 1062 2538 Constantinopolitanum,
1087 2441 1308 2539 Ephesinum
1326 2441 1396 2538 pri-

176 2577 288 2641 mum,
306 2551 592 2628 Chalcedonensc
610 2557 643 2623 l*
661 2577 799 2651 quoque
815 2566 851 2628 et
870 2556 922 2627 VI
935 2554 1021 2629 item
1035 2555 1396 2654 Constantinopolita-

174 2689 219 2736 na
237 2674 272 2739 et
290 2668 358 2738 Vll
376 2664 461 2739 item
479 2666 659 2741 Nicenurn
678 2691 790 2763 usque
815 2669 860 2747 ad
884 2693 998 2741 unum
1023 2668 1161 2770 apicem
1187 2668 1395 2744 inmutilata

173 2803 327 2868 servare,
339 2781 459 2877 etpari
468 2780 597 2855 honore
610 2790 646 2855 et
660 2780 886 2856 veneratione
900 2781 1012 2876 digna
1024 2779 1153 2856 habere
1166 2790 1202 2856 et
1214 2804 1294 2879 quae
1307 2805 1394 2879 praa

174 2892 397 2982 dicaverunt,
412 2903 448 2968 et
466 2904 672 2970 statuerunt
692 2891 903 2970 omnimodis
920 2891 1019 2990 sequi
1038 2901 1074 2968 et
1085 2891 1289 2990 praedicare,
1304 2915 1397 2990 quae

174 3031 242 3104 que
258 3006 597 3096 condemnaverunt,
613 3031 672 3082 ore
689 3019 726 3083 et
746 3006 849 3082 corde
873 3005 1143 3102 condempnare.
1167 3005 1393 3100 Diligentius

177 3133 299 3196 autem
318 3131 354 3196 et
371 3120 547 3209 vivacius,
565 3121 683 3197 omnia
701 3122 842 3197 decreta
859 3119 1030 3193 canonica
1047 3141 1299 3215 praecessorum
1317 3142 1397 3217 apo·

174 3234 379 3310 stolicorum
393 3244 593 3309 nostrorum
606 3233 826 3334 pontificum,
838 3256 987 3331 quaeque
996 3242 1032 3307 et
1040 3231 1248 3309 sinodaliter
1260 3243 1394 3308 statue·

175 3357 270 3432 runt,
283 3359 319 3422 et
331 3346 474 3444 probata
484 3356 570 3421 sunt
581 3347 791 3423 confirmare
803 3355 840 3422 et
853 3345 1069 3421 indiminuta
1083 3370 1238 3437 servare,
1250 3355 1287 3422 et
1299 3346 1396 3424 sicut

175 3459 219 3535 ab
236 3459 288 3534 eis
304 3469 439 3535 statuta
456 3471 553 3550 sunt,
565 3460 602 3533 in
616 3459 672 3533 sui
686 3459 824 3556 vigoris
837 3458 1031 3535 stabilitate
1044 3460 1232 3549 custodire,
1245 3484 1394 3559 quaeque

175 3573 235 3649 vel
248 3596 405 3672 quosque
417 3574 744 3663 condemnaverint,
756 3573 814 3648 vel
826 3572 1084 3663 abdicaverint,
1096 3573 1207 3648 simili
1216 3575 1395 3650 sententia

175 3687 421 3777 condemnare,
434 3696 471 3761 et
486 3686 660 3762 abdicare.
678 3685 915 3785 Disciplinam
928 3698 965 3763 et
979 3687 1089 3762 ritum
1106 3687 1288 3779 ecclesiae,
1300 3688 1396 3765 sicut

175 3799 309 3888 inveni,
326 3809 399 3874 eta
418 3799 555 3874 sanctis
572 3797 890 3899 predecessoribus
915 3798 1005 3873 meis
1028 3799 1198 3875 canonice
1221 3798 1394 3874 traditum

175 3911 310 4009 repperi
321 3910 458 3986 illibata
468 3912 656 4001 custodire,
664 3921 700 3986 et
709 3911 962 3987 indiminutam
973 3936 1029 3987 res
1037 3911 1395 3988 ecclesiaeconserva·

176 4048 224 4112 re,
240 4033 276 4098 et
292 4023 469 4099 diminute
486 4034 528 4099 ut
543 4023 801 4114 custodiantur,
818 4048 959 4122 operam
984 4025 1078 4100 dare.
1103 4025 1204 4100 Nihil
1226 4026 1269 4101 de
1286 4024 1395 4100 tradi·

174 4136 270 4211 tione
286 4159 394 4234 quam
411 4161 433 4210 a
449 4136 708 4235 probatissimis
725 4137 1040 4234 praedecessoribus
1057 4137 1146 4213 meis
1163 4138 1331 4213 traditam
1357 4148 1395 4214 ct

175 4259 356 4325 servatam
368 4251 504 4348 repperi
514 4251 714 4326 diminuere
725 4249 782 4325 vel
792 4261 942 4338 mutare,
954 4249 1184 4348 autaliquem
1198 4251 1394 4327 novitatem

174 4363 373 4452 admittere,
381 4363 443 4439 sed
452 4364 632 4440 ferventer
644 4373 687 4438 ut
698 4386 820 4439 eorum
834 4387 918 4438 vcro
930 4360 1128 4461 discipulus
1140 4371 1177 4437 et
1193 4362 1395 4461 sequipeda,

174 4475 259 4550 totis
273 4476 403 4551 mentis
417 4501 504 4551 meae
516 4476 703 4552 conatibus
716 4499 795 4574 quae
806 4475 940 4551 tradita
948 4474 1117 4551 canonice
1126 4474 1302 4573 comperio
1314 4497 1395 4551 con·
