3608 5498
809 371 1003 435 -467-

295 492 402 564 stolas
419 499 600 589 tamquam
618 490 726 589 impie
742 499 873 586 agente
887 491 1116 588 redarguens,
1128 499 1165 567 et
1177 494 1324 566 Romam
1338 515 1421 567 eum
1438 497 1512 564 tota
1530 490 1534 500 ’

293 602 397 677 Italia
414 605 457 678 ab
475 604 574 678 illius
591 604 739 700 imperi0
756 603 920 678 recedere
937 606 1081 679 faciens,
1098 607 1285 680 Insaniens
1302 629 1388 701 ergo
1400 605 1512 678 tiran-

293 740 362 787 nus
379 724 502 790 coutra
519 717 741 791 venerabiles
757 718 952 815 ymagines
977 719 1255 815 persecutionem
1281 718 1449 806 extendit,
1475 725 1511 790 et

293 837 417 903 contra
426 833 686 928 Papam‚atque
696 854 876 906 recessum
887 833 1006 904 Romae
1014 855 1056 905 ac
1067 829 1178 906 Italiae
1186 829 1511 905 seviebatEavero

293 964 372 1037 quae
388 940 558 1017 dicuntur
575 943 786 1042 patrimonia
804 945 838 1017 S.
858 942 1103 1040 Apostolorum
1117 943 1155 1016 in
1169 941 1304 1030 Sicilia,
1321 965 1401 1040 quar
1417 941 1463 1015 ab
1475 963 1509 1014 0-

293 1052 357 1125 ]im
375 1054 547 1130 Ecclesiis
563 1056 643 1129 auri
661 1055 847 1131 dimidium
866 1065 902 1131 et
917 1055 988 1131 tria
1004 1054 1232 1131 conferebant
1248 1052 1383 1130 talenta
1396 1052 1511 1151 publi·

294 1190 345 1240 cae
363 1167 491 1243 rationi
508 1168 623 1243 exolvi
640 1169 818 1268 pracepit.

792 1359 1014 1444 CXXXVIII.

765 1563 847 1616 Item
864 1563 896 1614 In
916 1559 1042 1615 eadem.

391 1722 577 1798 Predictus
590 1721 710 1821 itaque
720 1725 816 1820 Papa
826 1722 1029 1821 Stephanus
1040 1720 1078 1795 vi
1091 1743 1245 1817 pressus,
1253 1730 1289 1796 et
1299 1719 1511 1796 crudelitate

293 1832 462 1908 Haistulfi
472 1835 743 1924 coactus,simul
753 1835 869 1910 etiam
879 1835 923 1910 ab
932 1833 1513 1933 ipsoadhortatusestireinFran·

295 1947 400 2035 ciam,
413 1957 448 2022 et
461 1948 578 2023 facere
591 1973 824 2046 quaecumque
842 1957 967 2045 posset.
976 1947 1135 2022 Veniens
1151 1969 1238 2021 vero
1251 1945 1419 2044 Pipinum
1436 1968 1512 2044 pro·

294 2061 405 2148 vehit,
418 2062 536 2135 virum
551 2063 589 2135 in
602 2062 766 2137 omnibus
779 2061 1148 2161 probatissimumqui
1162 2072 1312 2159 praeerat
1326 2071 1413 2136 tunc
1425 2084 1510 2159 quo·

295 2198 363 2270 que
378 2175 483 2249 rebus
496 2186 574 2271 post
588 2200 721 2271 regem,
733 2184 769 2250 et
782 2175 1022 2250 debellaverat
1036 2173 1179 2246 Arabes.
1193 2177 1239 2247 Et
1255 2173 1386 2248 occidit
1402 2173 1510 2248 etiam

293 2288 490 2385 principem
507 2313 629 2363 eorum
648 2289 931 2375 Abderachman‚
948 2297 984 2361 et
1006 2286 1273 2361 multitudinem
1290 2287 1387 2362 haud
1405 2286 1511 2362 facile

293 2399 588 2475 innumerabilem
608 2403 701 2475 iusta
723 2401 932 2476 Rhodanum
956 2399 1121 2486 fluvium,
1141 2407 1177 2473 et
1201 2411 1381 2474 amatura
1402 2409 1512 2496 gente

291 2533 362 2584 non
380 2510 495 2585 solum
512 2523 653 2610 propter
670 2512 747 2602 hoc,
764 2513 824 2587 sed
841 2523 877 2587 et
893 2525 1034 2611 propter
1055 2513 1126 2586 alia
1144 2515 1322 2615 praecipua
1346 2523 1451 2610 gesta
1477 2523 1513 2588 et

292 2624 486 2720 preficitur
502 2627 604 2721 genti
622 2650 693 2701 non
711 2626 917 2722 ignobiliter
934 2627 1257 2724 primus.Solveute
1270 2627 1409 2703 scilieet
1427 2652 1510 2702 eum

291 2761 313 2809 a
332 2736 468 2834 peiurio
484 2738 522 2811 in
541 2763 663 2834 regem
680 2740 868 2815 commisso
884 2741 1003 2814 eodem
1019 2739 1206 2837 Stephano.
1220 2740 1289 2826 Qui
1304 2749 1342 2815 'et
1358 2738 1510 2815 totondit

292 2850 511 2927 decessorem
524 2854 603 2928 eius
616 2877 750 2949 regem,
763 2863 798 2929 et
811 2854 849 2927 in
862 2853 1075 2928 monasterio
1092 2876 1174 2926 cum
1188 2852 1319 2928 honore
1336 2863 1373 2927 et
1389 2853 1511 2950 requie

294 2961 571 3062 circumscripsi.

777 3089 1017 3180 cxxxvlssl.

292 3280 341 3330 Ex
359 3281 499 3346 epistola
517 3295 617 3349 quem
635 3283 790 3348 Episcopi
806 3281 988 3338 Antiochiae
1008 3282 1198 3347 congregati
1218 3281 1422 3348 seripserunt
1437 3282 1510 3332 Dio·

361 3378 441 3429 nisio
459 3378 549 3431 urbia
566 3380 681 3432 Romoe
700 3382 735 3432 et
751 3382 892 3433 maximo
910 3379 1137 3434 Alexandrinae
1156 3377 1327 3445 episcopm
1345 3380 1511 3444 sumptum

363 3482 405 3522 ex
422 3472 559 3525 historia
576 3473 692 3527 Rufini.

384 3624 633 3699 Necessarium
651 3626 886 3701 nobis'visum
911 3636 965 3701 est
982 3625 1135 3701 Paulum
1152 3627 1368 3727 Episcopum
1386 3626 1511 3701 Antie-
1576 3606 1579 3615 ¹

288 3733 444 3809 chenum
458 3738 681 3815 resistentem
698 3742 780 3829 Deo,
792 3764 860 3816 nee
872 3739 1158 3838 acquiescentem
1171 3766 1256 3817 vere
1270 3741 1351 3816 fidei
1364 3739 1457 3815 abici
1472 3749 1510 3814 et

289 3847 457 3923 abiurari.
471 3849 593 3924 Alium
607 3875 690 3926 vero
702 3874 764 3950 pro
777 3853 853 3950 ipso
865 3852 1035 3928 aeeclesiae
1048 3852 1232 3929 catholicae
1248 3853 1419 3928 constitui
1437 3851 1509 3949 epi·
1617 3860 1620 3864 “

291 3983 434 4057 scopum
451 3964 617 4034 Daunum
631 3964 772 4038 nomine
789 3964 909 4038 virum
922 3964 1086 4040 omnibus
1102 3966 1216 4040 boniis
1237 3968 1315 4066 (aio)
1332 3976 1509 4041 ornatum.

290 4074 660 4149 Indicavimusautem
672 4076 781 4163 vobis,
791 4086 831 4150 ut
840 4077 963 4152 sciatis
975 4077 1021 4151 ad
1033 4078 1150 4175 ipsum
1163 4101 1226 4152 uos
1240 4077 1395 4154 scribere
1408 4077 1510 4152 debe·

290 4185 1510 4288 re,etabipsoeommunionisscriptasuscipere.Donnoigiturinepi·

289 4307 435 4396 scopatu
448 4297 656 4394 subrogatu,
668 4309 705 4373 et
713 4299 823 4372 Paulo
836 4300 1030 4375 sacerdotio
1042 4301 1190 4388 absciso,
1203 4311 1239 4378 et
1251 4304 1509 4391 communione,

291 4431 374 4480 eum
388 4409 545 4484 dedomo
561 4410 729 4486 aecclesiae
742 4410 852 4486 nollet
864 4411 960 4486 exire
973 4412 1222 4513 interpellatus
1234 4414 1424 4513 imperator
1438 4421 1512 4491 Au·
1530 4480 1533 4486 .
