3608 5498
799 420 840 437 -
864 386 930 452 473
956 423 997 436 -

293 516 464 607 perpetua
481 518 636 587 teneant.
652 509 757 585 Idem.
777 509 1001 607 Quicumque
1019 509 1141 584 literas
1165 508 1298 585 habens
1320 509 1398 586 sive
1422 511 1509 611 peti·

294 635 349 696 tor
363 623 544 697 fueritve]
558 623 661 698 initio
672 623 759 710 litis,
769 622 827 698 vel
839 622 1000 697 decursis
1012 631 1211 719 temporum
1224 622 1417 698 curriculis
1429 624 1505 698 sive

292 760 375 809 cum
393 736 578 831 negotium
595 746 790 836 peroratur,
803 735 878 809 sive
895 759 979 810 oum
997 734 1068 807 iam
1087 734 1220 831 ceperit
1237 735 1349 830 promi
1367 746 1507 811 senten·

291 848 353 936 tia,
367 849 398 920 si
412 848 585 923 iudicium
604 847 757 944 elegerit
769 857 1003 923 sacrosancta
1016 847 1108 942 legis
1120 847 1304 936 antistitis,
1320 847 1417 923 illico
1429 849 1507 925 sino

217 1012 220 1017 ·
290 961 413 1059 aliqua
430 961 650 1037 dubitatione
666 962 775 1038 etiam
792 963 822 1035 si
836 961 908 1034 alia
921 984 1003 1057 pars
1016 959 1256 1055 refrangatur,
1268 960 1313 1034 ad
1323 961 1507 1059 Episcopo·

293 1099 374 1148 rum
388 1073 563 1148 iudicium
577 1098 660 1149 oum
675 1096 835 1149 sermone
848 1071 1072 1168 litigantium
1085 1072 1273 1168 dirigatur.
1282 1073 1398 1146 Multa
1410 1074 1505 1148 enim

291 1210 370 1284 quae
382 1186 421 1259 in
433 1185 564 1262 iudicio
577 1187 725 1285 copiosas
734 1183 1000 1287 proscriptionis
1009 1183 1158 1260 vincula
1166 1184 1358 1282 prominon
1368 1185 1507 1282 patiun-

290 1308 361 1386 tur,
376 1298 574 1394 investigat
590 1308 627 1374 ot
639 1299 770 1396 promit
786 1304 1020 1375 sacrosanctas
1037 1295 1225 1391 religionis
1241 1297 1444 1371 auotoritas.
1462 1299 1507 1372 0-

292 1435 393 1485 mnes
405 1410 526 1508 itaque
539 1435 646 1486 cause
658 1433 738 1507 qnae
751 1410 912 1508 praetorio
925 1410 1004 1486 iure
1018 1408 1077 1484 vel
1089 1408 1190 1484 civili
1202 1418 1416 1498 tractantur,
1425 1410 1508 1507 Epi·

290 1544 475 1619 scopornm
485 1522 673 1596 sententiis
683 1522 893 1611 terminatae,
902 1532 1070 1620 perpetuo
1079 1521 1287 1596 stabilitatis
1300 1522 1378 1596 iuro
1391 1521 1507 1597 firme·

291 1643 361 1708 tur.
371 1637 448 1710 Nec
464 1634 569 1709 liceat
582 1633 734 1709 ulterius
747 1643 941 1709 retractare
953 1634 1138 1729 negotium
1153 1634 1245 1732 qnod
1254 1634 1506 1732 Episcoporum

290 1747 467 1823 sententia
484 1745 663 1821 deciderit.
679 1746 936 1821 Testimonium
955 1748 1064 1822 etiam
1085 1746 1129 1820 ab
1146 1769 1217 1820 uno
1235 1748 1406 1847 Episcopo
1422 1747 1508 1823 licet

295 1859 485 1957 peribitum
502 1881 625 1958 omnes
641 1859 777 1933 iudices
794 1858 1037 1935 indubitanter
1050 1860 1239 1957 accipiant.
1248 1863 1323 1935 Neo
1337 1860 1430 1935 alins
1446 1876 1509 1935 an·

295 1972 426 2060 diatur,
442 1996 524 2046 cum
550 1972 792 2046 testimonium
811 1972 975 2069 Episcopi
993 1996 1013 2044 a
1035 1971 1193 2069 qualibet
1213 1973 1439 2069 partesuerit
1456 1997 1508 2047 re-

292 2085 521 2182 promissum,
534 2083 629 2158 Illud
653 2083 748 2163 enim
767 2092 821 2158 est
840 2085 1004 2160 veritatis
1021 2083 1233 2159 auctoritate
1257 2085 1451 2174 firmatum,
1467 2085 1509 2158 il·

291 2198 354 2272 lud
372 2198 630 2294 incorruptum,
643 2198 735 2293 qnod
747 2222 768 2269 a
782 2207 1006 2271 sacrosancto
1017 2195 1158 2270 homine
1176 2196 1393 2272 conscientia
1410 2221 1509 2271 men·
1639 2257 1642 2263 .

290 2309 503 2399 tis-illibatae
520 2308 717 2406 pertulerit,
728 2307 795 2384 hoc
812 2334 874 2384 nos
891 2308 1006 2385 edicto
1022 2308 1157 2383 salubri
1171 2309 1366 2399 firmamus,
1379 2319 1416 2384 et
1428 2333 1505 2407 por·

289 2434 396 2519 petua
413 2421 496 2517 lege
513 2420 704 2496 tenendum
723 2445 918 2496 censemus.

862 2619 926 2705 GL.

514 2823 564 2874 Ex
582 2820 693 2875 codice
712 2823 881 2876 Iustiniani
898 2821 1105 2887 Imperatoris
1122 2825 1223 2877 const.
1243 2826 1283 2876 11.

384 2994 591 3066 Iurnnaroa
615 2995 684 3065 Leo
710 2996 901 3088 Augustus
918 2993 1076 3067 Erithrio
1096 2995 1164 3067 ΡΡ.
1190 2997 1322 3069 Omnes
1346 2994 1409 3092 qui
1433 2994 1510 3069 ubi-

287 3128 357 3202 que
375 3114 470 3193 sunt,
487 3104 548 3179 vel
563 3104 709 3205 posthac
726 3106 862 3181 fuerint
878 3105 1064 3180 orthodoxe
1082 3105 1161 3194 fidei
1174 3106 1373 3182 sacerdotes
1389 3115 1425 3182 et
1440 3106 1510 3182 cle

289 3218 368 3305 rici,
384 3217 547 3293 cuiusvis
564 3219 698 3313 gradus
723 3218 797 3292 sint
822 3218 1056 3316 monachique
1073 3218 1111 3292 in
1133 3218 1253 3293 causis
1276 3218 1445 3294 civilibus
1462 3242 1510 3293 ex

273 3409 275 3413 Α
291 3329 430 3405 nullius
456 3331 610 3427 paenitus
635 3331 778 3405 maioris
795 3330 986 3406 minorisve
1003 3332 1181 3408 sententia
1197 3331 1327 3408 indicis
1338 3332 1383 3405 ad
1396 3341 1510 3407 extra·

290 3470 357 3519 nea
374 3444 509 3519 iudicia
526 3443 792 3541 pertrahantur,
808 3453 872 3518 ant
889 3444 1084 3543 provincia,
1101 3444 1160 3520 vel
1178 3444 1252 3520 looo
1274 3455 1339 3519 aut
1364 3445 1509 3540 regiona

290 3581 398 3654 quam
417 3555 580 3630 habitant
597 3555 692 3630 exire
711 3565 897 3650 cogantur.
913 3561 961 3631 lot
976 3557 1080 3632 infra.
1098 3561 1274 3634 Praeterea
1298 3557 1411 3632 nullis
1433 3582 1510 3632 exe·
1593 3570 1597 3575 “

290 3680 393 3745 outor
410 3693 540 3744 vexare
561 3667 786 3743 contumeliis
803 3668 951 3745 clericos
975 3669 1078 3760 ullos,
1102 3669 1212 3744 nullis
1237 3669 1510 3768 impulsionibus

289 3782 484 3871 molestare,
500 3780 612 3856 nullis
628 3781 816 3879 exprobare
830 3783 1013 3873 conviciis,
1030 3793 1094 3857 ant
1105 3783 1345 3880 corporalibus
1362 3783 1506 3857 iniuriis

290 3894 445 3988 fatigare
470 3903 627 3968 conetur.
645 3893 692 3966 Hi
713 3893 775 3990 qni
801 3892 1001 3970 huiusmodi
1026 3895 1161 3993 aliquid
1180 3894 1347 3991 aggressi
1365 3895 1510 3984 fuerint,
1569 3968 1572 3972 .

289 4018 367 4105 post
378 4007 604 4080 amissionem
618 4005 758 4102 cinguli
767 4016 804 4081 et
812 4008 1029 4103 patrimonii,
1038 4006 1166 4081 ultima
1179 4008 1341 4104 protinus
1353 4006 1512 4080 animad-

291 4121 452 4194 versione
483 4118 668 4216 plectendi.
694 4118 902 4215 Privilegiis
936 4143 1021 4193 sane
1045 4118 1201 4214 singulis
1226 4119 1510 4217 quibuscumque

289 4231 525 4307 sacrosanctis
547 4231 716 4307 aecclesiis
733 4231 920 4306 orthodoxe
938 4230 1017 4305 fidei
1036 4241 1071 4305 et
1088 4231 1326 4320 xenodochiis,
1343 4233 1421 4307 sive
1439 4243 1513 4329 pto·

288 4345 381 4420 chiis
397 4356 471 4419 tam
489 4345 707 4441 generaliter
720 4369 825 4442 quam
840 4342 1042 4440 specialiter
1059 4344 1243 4418 attributis
1256 4353 1423 4443 perpetuo
1437 4368 1513 4442 per·

288 4456 507 4549 severandis,
520 4454 644 4531 nullus
656 4479 716 4533 eas
728 4479 922 4560 earumque
935 4455 1146 4550 sacerdotes,
1157 4465 1221 4531 aut
1232 4454 1381 4536 clericos
1393 4457 1511 4535 cuius·
