3608 5498
815 428 856 441 ..
880 397 924 462 43
950 432 990 447 ..

287 517 477 593 schasinns
494 518 551 592 vir
568 519 882 595 reverentissimus
900 509 1096 618 Episcopus
1113 530 1149 593 et
1163 519 1333 594 Vicerius
1346 514 1449 592 Sedis
1462 520 1511 590 A·

288 632 474 729 postolioae,
498 633 597 708 dixit.
622 634 715 709 Cum
739 633 966 709 intromissus
991 634 1111 723 fuerit,
1135 658 1279 710 necesse
1303 642 1359 709 ost
1387 641 1429 705 ut
1452 629 1509 703 illi

286 747 484 822 obiiciatur.
497 749 693 823 Lucentius
707 749 1017 823 reverentissimus
1030 749 1227 846 Episcopus
1240 746 1341 835 dixit,
1352 755 1390 821 et
1403 745 1510 821 Vica-

290 862 365 936 rius
382 863 483 938 Sedis
500 863 720 961 Apostolicaa.
736 867 778 937 In
795 863 926 938 iudicio
943 888 1007 938 suo
1024 887 1167 938 necesse
1189 870 1342 937 osteum
1364 860 1509 935 reddero

290 975 471 1065 rationem,
487 977 550 1074 qui
566 1001 650 1052 cum
667 999 852 1074 personam
878 1000 943 1051 nec
968 975 1150 1051 iudicandi
1174 974 1305 1050 habent
1321 973 1510 1071 surripuit,

289 1102 325 1166 et
341 1117 452 1166 ansus
463 1102 517 1166 est
529 1091 707 1189 synodum
720 1090 836 1165 facore
850 1089 927 1163 sine
939 1088 1151 1164 anctoritate
1169 1088 1270 1162 Sedis
1287 1086 1510 1185 Apostolicae,

289 1205 380 1302 quod
397 1230 582 1303 nunquam
599 1205 735 1280 sactum
752 1213 889 1278 estnec
907 1203 983 1276 fieri
1002 1200 1115 1276 licuit.
1129 1201 1370 1276 Paschasinus
1381 1201 1510 1275 beatis·

289 1320 402 1394 simus
419 1320 613 1417 Episcopus
630 1328 667 1393 et
684 1316 854 1392 Vicarius
871 1314 972 1389 Sedis
990 1313 1201 1412 Apostolicae
1217 1313 1317 1387 dixit.
1333 1316 1407 1390 Nos
1428 1336 1510 1389 con·

289 1442 346 1507 tra
362 1442 536 1530 praecepta
561 1431 757 1507 beatissimi
779 1442 885 1527 atque
912 1429 1104 1526 Apostolici
1130 1431 1235 1526 Papae
1259 1427 1511 1524 gubernatoris

290 1547 392 1621 Sedis
411 1545 621 1643 Apostolicae
636 1545 761 1620 venire
786 1566 856 1617 nou
882 1565 1080 1639 possumus,
1104 1565 1171 1616 nec
1196 1551 1319 1616 contra
1344 1540 1512 1616 ecclesia·

290 1796 349 1848 ces
366 1781 402 1846 et
418 1771 660 1868 amplissimus
677 1775 831 1845 Senatus
849 1769 1026 1844 dixerunt.
1038 1768 1216 1843 Convenit
1228 1790 1290 1842 vos
1308 1765 1512 1864 specialiter

291 1884 376 1981 quid
389 1883 564 1959 erraverit
580 1906 761 1981 exponere.
775 1883 969 1957 Lucentius
987 1883 1299 1958 reverentissimus
1315 1881 1511 1979 Episcopus

291 1997 390 2071 dixit.
408 2000 487 2071 Non
505 1996 659 2092 patimur
677 2005 814 2069 tantam
832 1995 1003 2069 iniuriam
1020 2020 1088 2071 nec
1106 1995 1205 2070 nobis
1223 1995 1298 2071 fieri
1316 2019 1383 2070 noc
1400 1993 1512 2084 vobis,

290 2224 467 2299 dixerunt.
486 2224 524 2297 Si
541 2223 671 2299 iudicis
688 2225 825 2320 optines
843 2246 1028 2320 personam
1046 2245 1115 2296 non
1134 2233 1176 2296 ut
1196 2232 1382 2298 accusator
1406 2221 1512 2297 debes
1526 2267 1544 2274 ··

291 2337 467 2435 prosequi,
483 2346 520 2411 et
547 2337 711 2412 Dioscoro
733 2337 905 2434 Episcopo
929 2335 1155 2411 Alexandrus
1172 2336 1369 2410 secundum
1386 2333 1513 2409 iussio

291 2476 373 2525 nem
391 2449 727 2546 gloriosissimorum
740 2448 901 2523 iudicum
915 2457 950 2522 et
963 2447 1177 2545 amplissimi
1191 2450 1345 2523 Senatus
1359 2447 1515 2522 residen-

290 2573 326 2638 te
343 2563 381 2636 in
400 2562 523 2637 medio.
541 2568 586 2637 Et
604 2562 838 2637 residentibus
855 2563 1023 2635 Romanis
1036 2563 1075 2636 in
1089 2561 1240 2660 propriis
1253 2562 1395 2637 sedibus
1411 2572 1447 2637 et
1460 2571 1513 2636 ta·

292 2675 467 2765 centibus,
488 2675 664 2750 Eusebius
689 2673 982 2771 religiosissimus
1005 2675 1202 2773 Episcopus
1226 2674 1392 2773 Donylei,
1415 2683 1514 2749 tran·

291 2788 387 2862 siens
400 2787 438 2859 in
453 2787 620 2874 medium,
635 2787 733 2861 dixit.
747 2791 816 2861 Per
829 2787 982 2861 salutern
997 2789 1228 2863 Dominorum
1238 2784 1400 2864 universi
1411 2813 1515 2862 mun·

295 2901 342 2990 di,
360 2899 478 2974 iubete
497 2924 619 2997 preces
637 2924 733 2975 meas
750 2899 836 2996 legi,
853 2900 960 2974 laesus
976 2903 1071 2976 enim
1097 2929 1177 2976 snm
1201 2928 1223 2975 a
1240 2903 1415 2992 Dioscoro,
1439 2900 1513 2976 lesa

293 3021 347 3088 est
364 3012 459 3087 fides.
476 3011 625 3088 Occisus
641 3023 696 3086 est
713 3012 911 3086 Flavianus
925 3014 1129 3113 Episcopus,
1142 3025 1178 3089 et
1190 3015 1299 3089 simul
1314 3039 1455 3090 mecum
1467 3013 1513 3088 ab

293 3239 448 3317 Senatus
469 3238 645 3313 dixerunt.
662 3241 790 3313 Preces
808 3239 989 3334 legantur,
1006 3251 1042 3314 et
1067 3241 1242 3317 residente
1267 3241 1306 3314 in
1331 3239 1445 3316 medio
1469 3264 1514 3316 ex

291 3349 447 3425 iussione
463 3351 623 3425 omnium
641 3349 793 3425 Eusebio
810 3352 1096 3428 reverentissimo
1114 3356 1297 3452 Episcopo,
1310 3355 1513 3430 Beronicia·

290 3463 434 3538 nusvir
449 3463 599 3538 devotus
615 3487 636 3535 a
653 3462 801 3538 secretis
825 3464 918 3539 sacri
941 3465 1151 3541 Consistorii
1176 3467 1359 3565 accipiens
1383 3491 1510 3567 procos

292 3573 589 3650 abaorecitavit.
1606 3568 1610 3574 ’

813 3717 1000 3803 XXVIIII.

390 3915 623 3990 Sanctissimo
652 3925 687 3990 et
716 3914 920 3992 beatissimo
949 3916 1148 3993 universali
1174 3916 1450 4016 Archiepiscopo
1474 3929 1512 3994 et

294 4026 514 4103 Patriarchae
531 4050 672 4123 maguae
689 4031 808 4104 Βοωω
833 4030 952 4118 Leoni,
968 4040 1005 4105 et
1029 4040 1163 4105 sanctas
1180 4029 1376 4107 universali
1395 4031 1513 4108 Chan-

294 4138 481 4214 cedoncnsi
494 4139 630 4238 synodo
643 4164 706 4238 per
718 4141 943 4217 voluntatem
956 4142 1023 4216 Dei
1040 4152 1076 4216 et
1088 4166 1227 4217 sacram
1240 4144 1511 4241 praeceptionem

294 4263 536 4347 congregata,
553 4251 695 4328 libellus
720 4278 740 4325 a
759 4255 913 4353 Syrione
930 4254 1158 4330 Alexandria
1176 4256 1341 4330 Diacono.
1357 4258 1448 4331 Item
1473 4257 1512 4330 in

294 4364 427 4440 eadem.
444 4367 576 4440 Sancto
591 4376 628 4440 et
651 4365 856 4442 beatissimo
881 4377 916 4442 et
940 4366 1136 4441 universali
1163 4367 1450 4466 Archiepiscopo,
1474 4380 1511 4445 et

294 4474 514 4551 Putriarchae
533 4500 673 4573 magnae
690 4480 809 4553 Romae
822 4480 941 4566 Leoni,
954 4488 989 4553 et
1006 4488 1129 4554 sancto
1145 4478 1343 4555 universali
1361 4483 1515 4559 concilio
