3608 5498
683 428 725 441 -
749 396 815 458 2³5
840 427 881 446 -

172 510 337 588 fueritin
354 512 479 590 diebus
496 514 580 606 illis,
597 523 633 592 et
650 523 813 615 querant
828 514 874 590 ab
890 515 942 591 eis
959 515 1077 615 legem
1091 515 1243 592 Domini.
1256 517 1396 607 Quibus

172 627 476 726 respondentibus.
493 629 595 718 Quod
618 628 650 704 si
675 653 746 705 non
772 629 947 721 fecerunt,
970 629 1254 708 exterminentur
1278 633 1321 709 de
1339 656 1396 732 po

172 739 254 839 pulo
270 763 343 815 suo.

706 848 849 936 CXIIII.

535 1041 628 1096 Idem
645 1045 678 1096 tn
695 1045 837 1110 epistola
855 1046 899 1101 sd
917 1050 1034 1104 Titum.

268 1195 475 1273 Constitnas
491 1221 552 1297 per
568 1196 736 1275 civitates
753 1203 992 1302 presbyteros,
1006 1204 1102 1281 sicut
1118 1227 1186 1302 ego
1203 1203 1268 1281 tibi
1285 1205 1398 1307 dispo

173 1311 241 1386 sui.
258 1311 359 1399 Quod
376 1311 492 1409 qualis
505 1311 693 1412 presbyter
705 1313 830 1391 debeat
845 1316 1013 1409 ordinari,
1029 1317 1067 1393 in
1085 1318 1317 1417 sequentibus
1329 1321 1397 1396 dis·

174 1450 310 1516 serens,
325 1425 391 1502 hoc
407 1437 463 1503 est
477 1426 508 1502 si
526 1425 608 1527 quis
623 1426 702 1504 sine
719 1428 870 1505 erimine
888 1440 953 1522 est,
977 1431 1086 1507 unius
1110 1431 1232 1507 uxoris
1255 1432 1324 1524 vir,
1340 1457 1398 1534 po·

173 1549 249 1616 stes
265 1537 402 1615 intulis.
419 1542 565 1639 Oportet
577 1541 674 1617 eninr
692 1541 769 1619 sine
787 1543 939 1620 crimine
956 1569 1043 1636 esse,
1064 1555 1247 1645 tamquam
1264 1546 1329 1623 Dei
1346 1547 1399 1623 di·

173 1662 428 1751 spensatorem.
445 1652 542 1728 Idem
560 1677 647 1750 ergo
659 1664 714 1730 est
726 1656 915 1758 presbyter
931 1661 1022 1759 quod
1035 1660 1229 1759 episcopus.
1242 1662 1290 1737 Et
1301 1670 1397 1739 ante·

173 1791 279 1866 quam
297 1763 427 1841 diaboli
440 1765 616 1845 instinctu
629 1768 772 1844 diversa
784 1772 903 1847 studia
917 1772 955 1847 in
970 1773 1144 1870 religione
1156 1774 1292 1864 fierent,
1305 1798 1399 1850 eorn-

173 1881 273 1956 muni
292 1880 580 1981 presbyterorum
603 1882 752 1959 consilio
773 1885 944 1962 ecclesa
968 1885 1276 1983 gubernabantur.
1301 1890 1399 1965 Post

173 2020 280 2096 quani
298 2020 383 2071 vero
398 1996 646 2096 unusquisque
666 2021 754 2097 quos
778 1999 1024 2100 baptizaverat
1048 2026 1131 2077 suos
1155 2001 1304 2100 putabat
1320 2027 1398 2080 esso

173 2133 244 2186 non
257 2108 404 2200 Christi,
420 2109 458 2183 in
476 2119 549 2185 toto
565 2109 646 2186 orbe
662 2111 846 2187 decretum
863 2124 929 2202 est,
948 2123 990 2188 ut
1007 2139 1102 2189 unus
1119 2113 1162 2189 de
1178 2113 1398 2212 presbyteris

172 2222 310 2299 electus
326 2234 626 2322 superponeretur
643 2224 793 2315 eaeteris,
809 2225 854 2300 ad
871 2250 977 2324 quern
994 2226 1111 2301 ornnis
1132 2250 1218 2300 cura
1238 2225 1398 2303 eeclesiae

173 2336 378 2437 pertineret,
395 2347 431 2413 et
447 2346 631 2437 seysmata
647 2338 869 2414 tollerentur.
890 2342 975 2415 Haee
1001 2347 1185 2438 propterea
1210 2339 1332 2439 inquio
1356 2352 1399 2418 ut

172 2452 374 2529 ostenderet
389 2453 484 2550 apud
501 2464 641 2529 veteres
658 2452 797 2530 eosdem
816 2451 928 2528 fuisse
945 2451 1171 2552 presbyteros
1194 2477 1302 2551 quam
1327 2453 1399 2553 epi·

174 2589 306 2665 scopos.
323 2565 427 2642 Sicut
442 2588 531 2663 ergo
547 2566 747 2667 presbyteri
766 2564 887 2641 sciunt
900 2591 937 2642 se
955 2563 1125 2643 aecclesiae
1140 2566 1398 2645 consuetudine

174 2678 305 2778 eisqui
323 2678 391 2754 sibi
409 2680 588 2780 prepositi
607 2689 694 2756 sunt
710 2705 787 2757 esse
801 2679 989 2771 subiectos,
1001 2679 1052 2755 ita
1065 2679 1220 2779 episcopi
1232 2682 1400 2758 noverint

176 2818 213 2870 se
232 2793 350 2890 magis
366 2792 622 2871 consuetudine
640 2818 746 2894 quarn
760 2793 1036 2893 dispensationis
1048 2791 1234 2870 dominice
1246 2793 1399 2871 veritato

174 2906 374 3008 presbyteri
390 2931 468 2984 esse
485 2907 645 2985 maiores.

657 3062 814 3148 oxvssl.
836 3060 915 3162 (eir)

503 3223 595 3279 Idem
613 3223 659 3278 ad
676 3221 839 3279 Balneum
855 3224 1060 3279 monachum.

270 3365 313 3436 ln
328 3359 456 3460 apibus
468 3358 634 3461 princeps
646 3385 742 3435 unns
754 3370 817 3438 est
835 3363 953 3437 Grues
966 3385 1077 3435 unam
1090 3368 1265 3438 secuntur
1277 3361 1399 3442 ordino

178 3474 346 3551 litterato.
362 3476 558 3573 Imperator
570 3497 676 3548 unus.
688 3474 801 3550 Iudex
815 3498 911 3549 nnus
922 3472 1126 3573 provinciae.
1139 3477 1250 3550 Roma
1262 3484 1304 3551 ut
1315 3499 1398 3553 con·

176 3590 252 3665 dita
268 3598 322 3666 est
337 3588 426 3663 dnos
442 3587 573 3664 fratres
589 3586 698 3664 simul
716 3610 821 3686 reges
837 3586 968 3664 habere
980 3611 1051 3664 non
1065 3588 1192 3687 potuit,
1204 3597 1240 3665 et
1252 3588 1401 3689 parrici-

176 3704 235 3780 dio
249 3702 443 3779 dedicatur.
461 3703 503 3776 In
520 3701 689 3780 Rebeeeae
705 3712 806 3778 utero
818 3704 916 3778 Esau
928 3711 965 3779 et
976 3703 1080 3779 Iaeob
1092 3701 1188 3779 bella
1199 3711 1402 3800 gesserunt.

179 3815 324 3915 Singuli
338 3815 570 3894 ecelesiarum
589 3816 755 3917 episcopi,
772 3814 910 3913 singuli
927 3815 1244 3916 archipresbyteri,
1261 3816 1401 3914 singuli

177 3928 432 4021 archidiaconi,
448 3938 484 4006 et
500 3929 617 4005 omnis
633 3931 716 4006 ordo
732 3929 997 4008 ecclesiasticus
1017 3928 1094 4006 suis
1111 3928 1308 4006 rectoribus
1320 3929 1403 4005 niti·

181 4060 251 4122 tur.
267 4049 309 4123 In
327 4045 413 4121 navi
430 4070 526 4121 unus
542 4055 598 4123 est
613 4045 843 4143 gubernator,
860 4045 899 4120 in
916 4045 1018 4121 dorne
1044 4070 1139 4120 unus
1155 4054 1211 4121 est
1226 4044 1402 4121 dominus.

180 4162 222 4233 ln
238 4158 367 4259 quovis
382 4158 511 4256 grandi
530 4159 691 4237 exercitu
709 4159 818 4236 unius
830 4160 978 4257 signum
996 4167 1218 4260 expectatur.
1240 4159 1336 4234 Idern
1361 4160 1401 4233 in

179 4271 327 4371 epistola
352 4272 396 4347 ad
422 4330 598 4348 ......
626 4272 801 4348 Malorum
827 4273 1037 4349 traditiones
1058 4283 1094 4348 et
1115 4273 1403 4365 consuetudines,

181 4411 261 4486 quse
278 4396 399 4461 tamen
425 4409 496 4462 non
517 4397 604 4463 sunt
627 4397 750 4463 contra
772 4386 888 4477 fidem,
913 4385 1014 4488 leges
1038 4383 1250 4490 apostolicas
1274 4385 1403 4488 religio

182 4501 378 4582 christiana
395 4502 601 4584 arbitratur.
