3608 5498
938 395 1067 460 -aso
1093 430 1133 446 -

964 550 1105 637 Xllll.

743 729 792 782 Ex
810 729 944 783 concilio
964 727 1110 795 Gregorii
1130 731 1160 783 11
1179 740 1251 795 cap.
1271 731 1358 783 xm.

524 865 563 939 si
581 865 663 962 quis
680 865 717 938 in
735 887 913 963 quoquam
931 873 1115 962 partemve
1139 875 1314 966 praecepta
1335 874 1418 941 ante
1436 865 1544 940 missa
1568 888 1649 966 apo

425 977 549 1054 stolice
565 979 736 1055 aecclesiae
748 979 791 1054 de
803 979 945 1055 olivetis
958 994 994 1054 et
1005 978 1094 1053 locis
1106 978 1259 1054 diversis
1271 978 1513 1069 temeraverit,
1525 990 1562 1055 et
1574 1003 1647 1054 non

425 1093 463 1166 in
476 1092 641 1167 omnibus
653 1093 907 1184 observaverit,
919 1092 1111 1168 anathema
1123 1093 1180 1168 sit.
1193 1096 1241 1169 Et
1254 1093 1512 1192 responderunt
1524 1116 1648 1169 omnes

424 1207 540 1281 tertio
558 1206 759 1282 Anathema
776 1206 833 1282 sit.

951 1331 1111 1416 XbVlll.

632 1509 669 1560 In
687 1509 823 1562 concillo
843 1509 958 1562 Leonis
977 1510 1040 1561 1111
1058 1510 1294 1576 episcoporum
1313 1510 1439 1562 LXVII.

520 1665 611 1736 Item
628 1686 814 1737 monemus
830 1671 867 1738 et
891 1663 1191 1759 irrefragabiliter
1209 1664 1443 1752 affirmamus,
1460 1670 1502 1736 ut
1523 1662 1648 1737 nullus

426 1776 669 1873 episcoporum
686 1775 745 1851 vel
763 1775 985 1851 sacerdotum
1012 1801 1086 1852 rem
1110 1775 1209 1851 tituli
1235 1777 1290 1850 sui
1317 1798 1491 1873 usurpare
1517 1798 1650 1871 praesu·

425 1898 511 1979 mat,
527 1890 589 1965 sed
605 1914 721 1989 neque
738 1889 910 1964 salarium
927 1914 948 1963 a
966 1889 1184 1966 Christianis
1208 1889 1343 1964 sanctis
1368 1888 1456 1963 locis
1475 1887 1647 1978 oblatum,

424 2027 534 2079 causa
550 2003 719 2079 amicitiae
735 2004 795 2080 vel
818 2003 968 2095 timoris,
991 2013 1057 2079 aut
1084 2004 1244 2080 muneris
1266 2003 1406 2079 auferre
1425 2012 1649 2102 pertemptet,

424 2140 471 2192 ne
487 2116 639 2194 ecclesia
656 2118 723 2192 Dei
739 2116 784 2191 ad
806 2116 982 2192 nichilum
1008 2117 1206 2214 redigatur.
1231 2117 1331 2204 Quod
1348 2118 1411 2215 qui
1428 2116 1546 2192 facere
1563 2140 1651 2214 prae·

425 2233 629 2331 sumpserit,
646 2231 707 2308 ille
725 2233 910 2331 episcopus
935 2230 994 2306 vel
1020 2231 1184 2306 sacerdos
1210 2230 1419 2305 canonicam
1446 2229 1522 2303 siue
1542 2229 1649 2304 dubio

425 2344 551 2420 subeat
568 2345 752 2431 ultionem,
765 2354 802 2421 et
814 2346 907 2443 quod
920 2345 1091 2421 aecclesiae
1110 2343 1244 2418 iniuste
1257 2342 1417 2417 ablatum
1432 2350 1486 2416 est
1503 2341 1649 2416 reddere

425 2459 696 2557 compellantur,
712 2459 763 2535 ita
780 2469 822 2534 ut
837 2459 1005 2559 deinceps
1021 2458 1141 2533 nullas
1158 2457 1254 2532 vires
1278 2481 1341 2557 pro
1358 2458 1410 2532 eis
1434 2456 1479 2530 ad
1504 2457 1652 2553 litigau-

426 2572 512 2646 dum
528 2572 588 2648 vel
604 2573 854 2673 possidendum
871 2572 1001 2648 habere
1018 2573 1164 2673 possint.

949 2737 1127 2842 XLVllll.

487 2916 537 2969 Ex
555 2914 671 2970 eodem
690 2915 825 2970 concilio
845 2927 918 2980 cap.
936 2917 996 2969 xv
1015 2915 1109 2968 etex
1128 2915 1262 2968 concillo
1281 2916 1312 2967 11
1331 2915 1466 2981 laugerii
1484 2915 1586 2979 Papae

776 3015 849 3069 cap.
868 3005 937 3057 XV.
957 3006 1195 3072 Episcoporum
1213 3007 1294 3057 LXI.

521 3140 623 3215 Nulli
648 3140 901 3240 Episcoporum
927 3139 1035 3215 liceat
1060 3164 1081 3213 a
1107 3140 1265 3216 subiecto
1289 3140 1470 3216 sacerdote
1495 3138 1554 3215 vel
1579 3137 1650 3212 alio

426 3255 583 3354 quolibet
599 3253 731 3330 clerico
747 3263 783 3330 et
799 3255 868 3354 piis
880 3254 968 3329 locis
980 3253 1141 3328 dationes
1159 3252 1255 3327 ultra
1269 3261 1404 3327 statuta
1417 3262 1560 3351 patrum
1578 3250 1651 3326 exi·

425 3392 524 3465 gere,
540 3376 604 3442 aut
620 3367 842 3467 superposita
860 3366 1060 3463 maggariis
1077 3366 1221 3441 inferre.
1239 3366 1308 3441 Sed
1325 3391 1409 3441 cum
1426 3367 1475 3440 sit
1496 3365 1651 3465 optimus

426 3493 629 3582 perspector
647 3481 697 3555 ita
714 3480 917 3580 perpisciat‚
934 3488 976 3554 ut
993 3479 1171 3556 universae
1184 3478 1254 3554 sibi
1266 3478 1464 3555 commissae
1475 3501 1560 3554 oves
1578 3501 1651 3550 ma-

426 3597 521 3671 xime
538 3594 695 3681 alantur,
713 3601 820 3691 atque
837 3593 876 3667 in
893 3592 1168 3668 necessitatibus
1180 3592 1409 3682 adiuventur,
1421 3615 1529 3691 qnam
1545 3589 1651 3666 illici·

426 3708 475 3783 tis
491 3708 627 3784 exactis
643 3705 702 3782 vel
720 3705 922 3781 dationibus
937 3706 1197 3806 opprimantur,
1214 3706 1298 3804 quia
1314 3705 1489 3779 Dominus
1505 3727 1650 3803 pascere

427 3832 464 3897 et
476 3822 601 3897 docere
614 3842 678 3894 nos
690 3818 821 3908 docuit,
830 3826 866 3894 et
878 3819 1045 3894 omnibus
1057 3818 1273 3919 ministrare,
1285 3841 1356 3894 non
1369 3817 1522 3894 terrenis
1535 3815 1649 3892 lucris

427 3935 489 4012 sed
505 3933 669 4009 avaritiis
686 3931 866 4008 delectari.

947 4028 1124 4114 XLVIlll.

463 4187 615 4241 Iohannis
632 4187 709 4239 vm
727 4186 830 4251 Papae
848 4195 922 4250 cap.
941 4185 986 4237 V1
1006 4197 1047 4238 ex
1065 4186 1200 4240 concilio
1220 4185 1288 4240 etus
1307 4183 1399 4250 apud
1415 4185 1606 4238 Ravennam

847 4265 964 4317 cxxx
981 4266 1229 4330 cpiscoporum.

524 4388 563 4462 Si
578 4387 659 4487 quis
671 4388 815 4464 domum
826 4386 890 4462 Dei
904 4385 1106 4478 violaverit,
1115 4397 1151 4462 et
1163 4385 1284 4484 aliqua
1298 4385 1375 4461 sina
1388 4384 1535 4462 licentia
1548 4384 1650 4483 illius

429 4499 488 4575 cui
506 4501 696 4577 commissa
713 4526 790 4576 esse
806 4501 1004 4576 dinoscitur
1016 4500 1098 4576 inde
1110 4499 1311 4589 abstulerit,
1324 4499 1382 4574 vel
1395 4497 1651 4580 ecclesiasticis
