3608 5498
695 432 736 446 -
761 399 825 461 335
849 428 890 446 ··

188 519 375 617 pensiones
392 544 456 593 sen
474 528 611 595 ceteras
628 520 787 594 dationes
804 544 886 618 quae
902 520 1091 594 annuatim
1108 519 1147 592 in
1159 520 1291 620 palatio
1309 521 1411 618 regis

188 633 501 729 Langobardorum
522 633 647 709 inferri
664 634 834 723 solebant,
850 633 928 708 sive
945 633 989 708 de
1014 633 1144 707 Tuscia
1163 633 1407 729 Langobardo

190 771 281 835 rum,
294 745 369 820 sive
382 746 424 820 de
437 746 570 820 ducatu
585 747 775 844 Spoletino,
788 745 883 822 sicut
896 748 933 820 in
947 747 1200 845 suprascriptis
1212 747 1408 822 donationi-

189 858 257 932 bus
274 859 487 934 continetur.
501 863 547 934 Et
561 860 655 935 inter
668 869 802 936 sanctae
815 860 993 934 memoriae
1009 860 1205 935 Adriannm
1220 864 1353 959 Papam
1372 870 1408 937 et

192 974 369 1045 Domuum
384 996 427 1047 ac
440 973 640 1068 genitorem
653 981 812 1047 nostrum
828 973 1001 1048 Karolum
1016 973 1263 1072 imperatorem
1282 997 1410 1050 conve·

184 1086 396 1184 nit,quando
406 1086 498 1162 idem
506 1086 795 1162 Pontifexeidem
806 1089 848 1163 de
857 1088 1111 1187 suprascriptis
1119 1089 1309 1164 ducatibus
1318 1089 1408 1164 idest

188 1203 362 1290 Tuscana,
375 1210 411 1276 et
426 1201 605 1301 Spoletina
618 1228 691 1276 suae
703 1202 928 1277 auctoritatis
941 1213 1156 1300 praeceptum
1171 1203 1406 1277 confirmavit.

187 1316 238 1387 Eo
248 1313 364 1390 silicet
374 1314 801 1412 modoutannissingnlis
810 1315 1406 1415 pradictuscensusaecclesioebea-

188 1427 215 1500 ti
227 1427 324 1502 Petri
335 1428 491 1527 Apostoli
502 1429 736 1527 persolvatur,
745 1429 845 1503 salva
854 1453 960 1527 super
970 1429 1107 1504 eosdem
1121 1429 1274 1505 ducatus
1285 1439 1408 1504 nostra

185 1540 223 1614 in
236 1541 401 1617 omnibus
417 1543 615 1633 donatione,
628 1553 664 1618 et
676 1541 819 1617 illorum
837 1542 882 1618 ad
895 1554 1052 1619 nostram
1067 1553 1202 1643 partem
1217 1543 1407 1619 subiectio·

186 1679 278 1730 nem.
295 1656 473 1732 Caeternm
491 1657 586 1732 sicut
602 1656 759 1730 diximus
775 1654 894 1730 omnia
912 1658 1076 1756 superius
1093 1658 1275 1733 nominata
1293 1659 1342 1732 ita
1361 1657 1406 1733 ad

186 1779 342 1844 vestram
359 1780 496 1869 partem
515 1796 578 1869 per
593 1770 659 1846 hoc
676 1781 805 1845 nostre
822 1771 1100 1848 confirmationis
1112 1772 1294 1849 decretum
1310 1772 1406 1847 robo

185 1906 317 1973 ramus,
334 1894 376 1958 nt
399 1885 437 1958 in
463 1894 581 1960 vestro
606 1893 875 1982 vestrorumque
901 1908 1147 1960 successorum
1172 1893 1406 1983 permancant

184 1997 273 2085 iure,
290 1996 493 2096 principatu
511 2008 618 2096 atque
633 1996 776 2086 ditione,
793 2007 834 2071 ut
850 2021 965 2096 neque
976 2022 1002 2082 wa
1020 1997 1131 2086 nobis,
1147 2021 1262 2096 neque
1279 2022 1301 2070 a
1321 1995 1405 2071 filiis

182 2110 241 2186 vel
259 2110 524 2186 successoribus
540 2110 672 2185 nostris
684 2135 746 2208 per
759 2109 939 2207 quodlibet
955 2121 1224 2207 argumentum,
1236 2109 1313 2183 sive
1333 2134 1404 2182 ma·

183 2223 386 2302 obinatione
399 2225 436 2298 iu
454 2249 679 2324 quacumque
697 2235 797 2322 parte
815 2222 1002 2297 minuatur
1019 2231 1139 2298 vestra
1156 2232 1323 2322 potestas,
1339 2234 1404 2296 aut

183 2336 282 2412 vobis
298 2339 341 2415 de
357 2338 611 2436 suprascriptis
626 2337 792 2414 omnibus
809 2337 867 2412 vel
884 2337 1149 2414 successoribus
1166 2336 1296 2412 vestris
1321 2336 1404 2412 inde

182 2450 319 2550 aliquid
336 2452 578 2527 subtrahatur.
597 2455 647 2526 De
665 2476 772 2549 supra
789 2451 933 2548 scriptis
945 2449 1113 2526 videlicet
1127 2449 1334 2548 provinciis,
1347 2475 1405 2523 ur·

182 2562 296 2652 bibus,
314 2563 536 2653 civitatibus,
552 2563 700 2664 oppidis,
716 2563 856 2652 castris,
880 2564 1024 2654 viculis,
1050 2563 1191 2653 insulis,
1215 2561 1405 2640 territoriis

183 2685 290 2774 atque
304 2677 541 2776 patrimoniis,
551 2702 618 2752 nec
632 2702 701 2752 non
716 2687 751 2752 et
764 2677 992 2775 pensionibus
1000 2687 1107 2777 atqne
1121 2677 1287 2752 censibus
1300 2676 1350 2750 ita
1363 2685 1405 2750 ut

183 2814 298 2888 neque
312 2815 375 2866 nos
387 2816 429 2866 ea
441 2789 696 2866 subtrahamus
709 2815 824 2889 neque
833 2789 1052 2889 quibuslibet
1064 2788 1273 2865 subtrahere
1287 2789 1406 2864 volen-

183 2901 279 2976 tibus
288 2903 563 2990 consentiamus
573 2902 632 2976 sed
647 2902 764 3001 potins
775 2902 895 2976 omnia
905 2928 985 3000 quae
997 2902 1162 3000 superius
1173 2902 1359 2997 leguntur,
1377 2900 1404 2974 i·

183 3014 259 3089 dest
269 3017 481 3112 provincias,
491 3016 668 3104 civitates,
676 3016 813 3114 oppida,
826 3015 984 3104 castella,
997 3014 1186 3103 territoria,
1195 3024 1230 3088 et
1240 3014 1406 3111 patrimo·

183 3126 255 3217 nia,
271 3138 378 3226 atque
393 3128 541 3216 insulas,
558 3153 757 3226 censusque
771 3139 808 3202 et
822 3128 1007 3226 pensiones
1020 3127 1181 3204 ecclesia
1197 3127 1290 3201 beati
1306 3127 1403 3200 Petri

184 3241 354 3337 Apostoli,
371 3252 406 3317 et
424 3241 657 3317 Pontificibus
674 3241 710 3314 in
729 3239 972 3316 sacratissima
997 3238 1096 3314 illius
1121 3239 1211 3313 Sede
1229 3239 1265 3311 in
1285 3262 1406 3337 perpe-

182 3363 285 3428 tuum
302 3354 537 3430 residentibus
549 3354 586 3429 in
601 3364 775 3452 qnantum
785 3377 1056 3452 possumus,nos
1068 3352 1254 3429 defendere
1265 3353 1407 3450 promit·

182 3467 304 3556 timus,
317 3469 361 3543 ad
374 3469 439 3545 boc
454 3479 494 3543 ut
506 3469 623 3544 omnia
633 3493 674 3543 ea
684 3468 722 3541 in
736 3468 835 3541 illius
847 3467 979 3542 ditione
992 3467 1037 3541 ad
1049 3466 1222 3541 utendum
1237 3475 1272 3540 et
1286 3465 1404 3540 fruen-

181 3581 266 3654 dum
284 3583 434 3657 firmiter
459 3581 604 3655 valeant
627 3580 789 3679 optineri.
813 3579 1033 3677 Nullamque
1057 3580 1094 3653 in
1120 3580 1172 3655 eis
1197 3578 1297 3653 nobis
1322 3603 1401 3677 par-

179 3703 250 3769 tem
264 3705 328 3768 aut
340 3704 547 3794 potestatem
564 3693 781 3794 disponendi,
799 3692 856 3767 vel
874 3691 1092 3781 vindicandi,
1111 3691 1401 3778 subtrahendive,

179 3815 243 3878 aut
258 3806 454 3881 minorandi
468 3806 713 3894 vendicamus,
730 3805 800 3878 nisi
814 3804 955 3903 quando
971 3805 1016 3878 ab
1032 3806 1095 3881 illo
1111 3805 1173 3905 qni
1190 3830 1231 3880 eo
1247 3814 1404 3901 tempore

179 3918 289 3994 huius
305 3930 440 3996 sancte
450 3918 612 4012 ecclesiae
625 3920 787 4016 regimen
801 3918 969 4008 tennerit,
983 3919 1099 4015 rogati
1112 3918 1297 3994 fuerimus.
1312 3920 1360 3992 Et
1371 3916 1403 3992 si

179 4031 329 4128 quilibet
345 4031 449 4107 bomo
466 4032 507 4107 de
524 4031 740 4130 supradictis
757 4030 967 4106 civitatibus
980 4032 1024 4106 ad
1039 4041 1194 4107 vestram
1212 4029 1403 4107 ecclesiam

179 4144 440 4240 pertinentibus
456 4143 501 4219 ad
519 4168 582 4219 nos
606 4143 746 4219 venerit
771 4141 980 4217 subtrahere
1001 4166 1039 4216 se
1064 4141 1187 4216 volens
1212 4141 1255 4215 de
1281 4152 1402 4216 vestra

179 4254 311 4330 ditione
328 4267 364 4330 et
388 4265 570 4354 potestate,
595 4255 653 4330 vel
678 4254 750 4328 alia
773 4254 968 4353 quamlibet
986 4255 1147 4353 iniquam
1170 4255 1403 4330 machinatio·

179 4392 259 4441 nem
275 4377 448 4458 metuens,
460 4380 524 4444 ant
536 4368 679 4466 culpam
693 4366 920 4443 commissam
933 4367 1091 4464 fugiens,
1104 4366 1306 4443 nullomodo
1319 4391 1402 4443 eum

179 4479 285 4555 aliter
303 4480 516 4578 recipiemus
536 4479 605 4553 nisi
624 4480 669 4555 ad
686 4480 818 4557 iustam
837 4503 899 4578 pro
914 4480 1168 4557 solaciandum
1182 4480 1405 4557 intercessio·
