3608 5498
800 449 840 464 -
867 414 998 479 34¹1-

544 746 627 798 Item
645 746 681 798 tn
699 746 763 798 alia
781 747 921 814 epistola
938 748 1085 802 eiusdem
1104 747 1248 802 concilii.

384 881 534 956 Domino
547 867 632 956 'meo
649 880 777 957 victori
795 880 985 957 Theodosio
1002 882 1254 981 triumphatori
1271 907 1411 982 semper
1432 889 1506 959 Au-

289 1002 397 1091 gusto
426 994 509 1083 filio,
526 993 631 1068 Galla
648 993 808 1069 Placidia
826 1004 996 1095 perpetua
1013 1001 1182 1093 Augusta
1199 1006 1315 1072 mater
1334 996 1430 1072 inter
1453 1021 1509 1072 oe·

290 1118 377 1184 tera.
395 1108 595 1183 Arbitrium
613 1107 895 1183 utriushominis
912 1109 974 1207 qui
992 1109 1029 1183 in
1048 1108 1170 1185 sinodo
1186 1108 1365 1208 Ephesius
1382 1109 1508 1185 civita·

289 1223 336 1298 tis
352 1222 472 1296 odium
490 1231 526 1297 et
542 1220 786 1298 contentiones
803 1222 920 1320 potius
936 1223 1138 1298 exercuisse
1155 1231 1336 1313 narratur,
1351 1222 1507 1297 militum

288 1335 529 1434 praesentiant
548 1345 645 1411 metu
663 1335 814 1436 appetiit
831 1336 1235 1435 Constantinopolitanae
1252 1336 1414 1411 civitatis
1438 1335 1510 1434 epi·

287 1475 431 1550 soopum
450 1450 665 1525 Flavianum
691 1473 732 1525 eo
757 1449 850 1548 quod
876 1449 1038 1524 libellum
1063 1450 1108 1524 ad
1127 1448 1365 1548 Apostolicam
1387 1450 1508 1525 sedem

288 1564 437 1653 miserit,
454 1574 490 1640 et
506 1564 551 1639 ad
568 1588 691 1639 omnes
707 1563 899 1663 episcopos,
918 1563 1045 1637 harum
1062 1564 1217 1662 partium
1237 1587 1370 1665 percos
1383 1564 1444 1663 qui
1458 1565 1509 1639 di-

289 1678 377 1755 recti
394 1678 538 1753 fuerant
553 1678 592 1751 in
610 1677 760 1753 concilio
784 1703 805 1749 a
831 1676 1121 1753 reverentissimo
1146 1678 1318 1777 Episcopo
1340 1680 1506 1753 Romano.

288 1792 389 1879 Quod
405 1792 602 1867 secundum
619 1791 848 1866 diffinitiones
865 1789 993 1866 Niceni
1008 1790 1160 1867 Consilii
1174 1791 1334 1867 consueti
1353 1800 1439 1866 sunt
1456 1791 1509 1865 in-

289 1916 422 1979 teresse
436 1904 577 1978 dominc
591 1902 833 1979 sacratissime
846 1902 898 1976 fili
913 1903 1129 1979 venerabilis
1143 1904 1342 2003 imperator.
1356 1907 1434 1980 Hac
1448 1905 1513 1979 ita·

288 2042 356 2116 que
376 2017 495 2113 gratia
514 2028 578 2093 tua
599 2016 832 2092 mansuetudo
852 2017 964 2092 tantis
985 2017 1102 2092 turbis
1119 2020 1301 2109 resistere,
1318 2018 1508 2094 veritatem

288 2131 556 2206 immaculatam
575 2130 656 2205 fidei
674 2129 858 2205 catholicae
876 2130 1062 2228 religionis
1080 2157 1224 2209 servare
1249 2131 1442 2233 praecipiat,
1468 2142 1510 2207 ut

161 2251 166 2261 '
290 2245 489 2321 secundum
507 2244 657 2319 formam
676 2254 712 2319 ct
732 2243 979 2319 diffinitionem
999 2245 1212 2343 Apostolicae
1228 2245 1328 2321 Sedis
1345 2270 1454 2344 quam
1476 2270 1510 2320 e·

289 2360 375 2434 tiam
390 2383 454 2433 nos
467 2367 649 2456 tamquam
663 2358 922 2457 praecellentem
937 2357 1104 2433 similiter
1117 2383 1342 2448 veneramur,
1354 2359 1392 2432 in
1410 2367 1507 2432 statu

290 2470 477 2547 sacerdotii
495 2471 594 2546 illeso
612 2482 778 2547 manente
797 2471 994 2570 peremnia
1013 2472 1197 2563 Flaviano,
1213 2473 1257 2548 ad
1270 2473 1412 2549 concilii
1426 2484 1461 2549 et
1473 2497 1508 2546 a·

290 2584 468 2684 postolicae
485 2585 587 2660 Sedis
604 2585 777 2662 iudicium
796 2587 1073 2678 transmittatur,
1090 2611 1197 2686 quam
1214 2588 1354 2685 primus
1366 2586 1427 2663 ille
1444 2589 1507 2686 qui

290 2697 450 2774 celestes
467 2699 586 2774 claves
603 2700 736 2796 dignus
753 2700 824 2776 fuit
839 2701 1011 2799 accipere,
1033 2701 1256 2800 principatus
1282 2701 1508 2802 episcopatus

290 2811 443 2902 ornavit,
460 2813 600 2911 quando
617 2812 756 2890 scilicet
773 2816 875 2891 decet
892 2839 956 2891 nos
972 2815 1058 2891 huic
1076 2816 1240 2891 maximae
1265 2815 1405 2891 civitati
1429 2839 1509 2913 quar

290 2924 432 3001 domina
448 2927 607 3002 omnium
626 2937 681 3003 est
697 2938 843 3004 tuarum
861 2929 898 3003 in
915 2929 1080 3005 omnibus
1098 2929 1260 3006 reventia
1275 2928 1353 3028 (air)
1371 2951 1509 3005 conser-

294 3064 389 3114 Vale.

878 3141 921 3224 v.

732 3339 814 3391 Item
833 3337 896 3390 alla
915 3336 1069 3390 eiusdem.

386 3502 548 3578 Victores
562 3498 839 3575 Valentinianus
848 3510 885 3577 et
893 3499 1102 3577 Marcianus
1115 3523 1254 3599 semper
1265 3497 1424 3596 Augusti
1439 3502 1511 3574 Deo

291 3615 435 3693 amabili
452 3615 587 3714 synodo
609 3613 702 3689 inter
718 3623 847 3690 cetera.
864 3614 964 3690 Licet
988 3612 1226 3713 plurimarum
1254 3638 1373 3690 rerum
1398 3611 1512 3711 publi·

291 3756 415 3807 carum
433 3729 533 3805 nobis
549 3729 597 3804 sit
614 3728 812 3804 remorandi
830 3729 1037 3819 necessitas,
1053 3739 1176 3806 tamen
1201 3728 1453 3828 praeponendas
1477 3751 1512 3802 o·

291 3845 434 3921 mnibus
450 3870 537 3921 cura
553 3853 687 3920 sanctae
702 3855 740 3920 et
755 3843 954 3920 orthodoxe
971 3843 1051 3919 fidei
1069 3842 1280 3918 iudicamus.
1295 3849 1328 3917 A
1346 3866 1509 3917 reveren·

292 3959 430 4034 tissimo
446 3983 601 4057 namque
617 3961 731 4034 Leone
749 3958 1023 4058 Archiepisoopo
1036 3957 1253 4034 felicissimae
1266 3955 1376 4034 Urbis
1392 3959 1512 4031 Romae

291 4082 470 4148 venerunt
486 4071 597 4168 legati
616 4081 652 4147 et
668 4081 903 4172 poposcerunt
919 4080 1078 4146 nostram
1101 4068 1401 4169 tranquillitatem
1427 4093 1511 4167 qua·

292 4186 391 4262 tinus
403 4185 602 4261 omnimodo
615 4209 678 4259 uos
689 4187 811 4265 adosse
825 4186 1016 4261 debeamus
1029 4186 1249 4259 affirmantes
1262 4183 1429 4283 quoniam
1440 4206 1511 4257 non

292 4307 499 4397 paterentur
516 4298 569 4373 illi
586 4300 732 4375 absente
749 4309 870 4374 nostra
887 4299 1017 4398 pietate
1035 4299 1169 4376 venire.
1187 4303 1233 4374 Et
1245 4299 1350 4374 infra.
1362 4299 1465 4376 Unde
1479 4299 1511 4373 si

292 4411 461 4509 perspicit
478 4422 599 4488 nostra
613 4413 752 4509 religio,
766 4413 803 4487 iu
819 4413 1163 4491 chalcedonensium
1181 4413 1368 4490 civitatem
1386 4413 1512 4489 venire

294 4525 506 4623 dignamini.
531 4525 624 4604 Illuc
652 4527 750 4602 enim
781 4552 1044 4628 percurremus,
1073 4528 1159 4608 licet
1187 4527 1248 4608 hio
1272 4550 1336 4604 nos
1361 4525 1513 4629 publica
