3608 5498
929 354 1125 443 -rsr-

419 501 568 577 civitate
581 500 681 574 iuxta
696 499 943 599 Apostolorum
960 498 1166 589 constituta,
1184 503 1253 575 VII
1271 500 1398 576 debent
1415 524 1491 575 esse
1504 501 1566 598 qui
1580 527 1641 578 cu·

420 615 576 691 studiant
587 614 790 713 episcopum
805 614 1069 716 praedicantem,
1082 639 1127 690 ne
1141 613 1216 713 ipse
1230 615 1274 690 ab
1283 615 1549 690 insidiatoribus
1557 639 1640 714 quo

419 729 590 828 quomodo
618 729 818 817 infestetur,
847 737 910 803 aut
935 729 1043 804 verba
1069 728 1191 803 divina
1217 727 1442 820 detrahendo,
1466 739 1531 804 aut
1554 729 1640 803 insi·

418 843 546 918 diando
563 841 768 941 polluantur
783 841 842 918 vel
859 841 1112 940 despiciantur.

960 1069 1086 1155 XXVI.

421 1271 422 1274 .
516 1298 709 1374 Fabianus.
722 1296 976 1373 Dilectissimis
988 1297 1119 1396 ubique
1133 1298 1294 1375 ecclesie
1309 1297 1571 1374 comministris.
1581 1301 1641 1374 Se·

420 1424 516 1514 ptem
533 1436 620 1509 ergo
637 1411 811 1488 Diaconos
828 1411 866 1485 in
883 1411 979 1488 Urbe
996 1415 1106 1487 Roma
1123 1437 1185 1511 per
1203 1415 1272 1486 VII
1291 1412 1455 1508 regiones
1479 1411 1640 1488 civitatis

419 1555 441 1602 a
457 1526 619 1628 patribus
635 1525 850 1625 accepimus,
867 1525 928 1624 qui
946 1550 1009 1624 per
1025 1524 1191 1622 singulas
1208 1525 1418 1601 ebdomadas
1435 1535 1472 1600 et
1493 1525 1640 1600 domini·

419 1664 480 1718 cos
496 1639 571 1715 dies
587 1648 695 1737 atque
713 1637 952 1713 festivitatum
970 1637 1190 1736 sollempnia,
1207 1664 1292 1714 cum
1313 1637 1588 1714 subdiaconibus
1604 1649 1641 1714 et

419 1751 586 1828 acolithis
603 1776 647 1828 ac
663 1750 891 1849 sequentium
913 1751 1077 1827 ordinum
1106 1752 1280 1827 ministris
1304 1752 1468 1828 iniuncta
1493 1752 1560 1827 sibi
1584 1753 1641 1828 ob

423 1877 568 1943 servent
585 1864 795 1939 ministeria.
813 1868 858 1939 Et
875 1874 1094 1966 postpauca.
1112 1867 1273 1964 Denique
1291 1869 1359 1940 VII
1377 1866 1544 1942 similiter
1561 1867 1642 1942 sub·

421 1979 586 2055 diaconos
602 1977 859 2066 ordinavimus,
876 1977 937 2075 qui
956 1981 1025 2052 VII
1042 1979 1191 2054 notariis
1213 1979 1452 2068 imminerent,
1477 1989 1513 2055 et
1537 1991 1641 2077 gesta

420 2101 624 2191 martyrum
641 2091 820 2167 veraciter
837 2090 874 2165 in
892 2091 1035 2187 integro
1051 2093 1275 2190 colligerent,
1288 2094 1459 2193 nobisque
1478 2094 1641 2169 rimanda

419 2204 700 2281 manifestarent.
717 2205 813 2279 Idem
830 2203 868 2277 in
882 2207 942 2279 II'.
956 2207 1163 2284 Sacerdotes
1180 2231 1318 2307 quoque
1331 2207 1399 2282 sibi
1417 2209 1591 2282 Dominus
1607 2234 1642 2283 e·

419 2320 511 2418 legit
528 2329 569 2394 ut
586 2319 831 2396 sacrificarent
847 2319 879 2394 ei
898 2330 933 2395 et
945 2320 1094 2396 offerant
1106 2320 1300 2396 oblationes
1314 2321 1472 2397 Domino.
1486 2321 1640 2396 Laevitas

422 2457 507 2512 vero
523 2433 590 2510 sub
607 2433 659 2509 eis
675 2458 754 2509 esse
771 2432 878 2508 iussit
894 2433 931 2507 in
949 2433 1159 2509 ministeriis
1175 2457 1308 2510 eorum.

955 2660 1100 2746 XXVII.

449 2961 452 2971 ,
514 2877 648 2954 Lucius
661 2877 865 2977 Episcopus.
878 2877 1129 2955 Dilectissimis
1142 2877 1487 2954 fratribusomnibus
1500 2879 1641 2981 Episco

420 2996 484 3096 pis.
506 2993 674 3070 Iubemus
700 2992 902 3091 Apostolioa
932 2992 1145 3070 auctoritate
1163 3000 1204 3067 nt
1229 3017 1368 3091 semper
1392 3001 1501 3069 testes
1528 2993 1641 3069 vobis·

422 3135 505 3185 cum
522 3107 684 3183 habeatis
700 3106 899 3183 sacerdotes
917 3116 953 3183 et
969 3106 1109 3183 levitas.
1126 3111 1167 3182 In
1185 3107 1253 3183 hac
1278 3107 1375 3182 enim
1400 3117 1525 3183 sancta
1551 3109 1640 3185 Sede

420 3223 657 3300 constitutum
673 3220 861 3314 habemus,
879 3232 919 3297 ut
936 3225 970 3297 ΙΙ
989 3222 1202 3323 presbyteri,
1220 3232 1255 3298 et
1272 3225 1325 3297 III
1341 3221 1479 3298 diaconi
1493 3222 1641 3297 inomni

416 3336 493 3414 loco
516 3337 731 3436 Episcopum
755 3359 827 3412 non
851 3337 1016 3412 deserant
1041 3345 1181 3435 propter
1206 3335 1450 3412 testimouium
1476 3336 1640 3413 ecclesia-

421 3452 562 3528 sticum.

945 3587 1109 3671 XXVIII.

469 3783 565 3850 Quod
583 3783 720 3848 singulae
739 3785 853 3835 Romae
872 3783 1020 3837 ecclesiae
1040 3783 1175 3848 singulis
1195 3781 1420 3838 cardinalibus
1440 3782 1484 3837 ab
1504 3784 1593 3836 initio

894 3869 1070 3920 commissa
1094 3867 1167 3920 sint.

441 4079 454 4100 .
517 4020 698 4097 Dionisius
714 4020 911 4120 Episcopus
929 4024 1060 4098 Severo
1077 4021 1257 4121 Episcopo.
1276 4022 1473 4098 AEcclesias
1485 4022 1642 4120 singulis

421 4135 641 4235 presbyteris
657 4134 830 4226 dedimus,
851 4134 1126 4235 parrochiasque
1151 4147 1187 4212 et
1211 4135 1421 4234 cymiterias
1446 4136 1498 4211 eis
1522 4137 1645 4211 divisi·

421 4275 513 4339 mus,
530 4260 567 4326 et
583 4250 779 4348 unicuique
797 4251 855 4325 ins
871 4250 1052 4349 proprium
1070 4249 1201 4326 habere
1224 4250 1427 4324 statuimus.
1444 4253 1498 4324 Ita
1522 4250 1646 4326 videli-

423 4375 492 4456 cet,
506 4373 547 4439 nt
559 4363 684 4440 nullus
695 4365 846 4441 alterius
858 4365 1062 4464 parroechia
1075 4364 1245 4440 terminos
1262 4364 1396 4439 antius
1409 4364 1567 4456 invadat,
1583 4365 1644 4441 sed

421 4477 669 4578 unusquisque
687 4478 851 4554 terminis
869 4479 944 4555 suis
961 4479 1009 4554 sit
1024 4487 1224 4569 contentae,
1241 4487 1276 4554 ct
1300 4477 1421 4554 taliter
1445 4478 1642 4554 aecclesiam
