3608 5498
671 394 867 458 -369-

152 525 226 592 tate
243 516 471 614 possessionis
484 516 645 605 accessit,
658 526 694 591 et
709 515 908 592 claritatem
927 524 1085 592 veterem
1103 517 1163 592 dat
1179 516 1221 592 de
1235 515 1371 592 Christi

152 629 268 703 dotem
287 630 492 705 rectoribus.
514 635 561 704 Et
581 629 685 703 infra.
707 630 911 728 symachus
925 632 1021 727 Papa
1043 630 1144 705 Sedis
1163 628 1375 727 Apostolicae

152 742 281 838 praesul
295 743 340 815 ab
352 742 554 817 huiusmodi
567 740 845 841 oppositionibus
853 742 1048 839 impetitus,
1061 751 1236 840 quantum
1254 740 1374 815 adho-

154 854 270 928 mines
289 856 434 955 respicit
450 856 685 941 sit—immunis
701 865 737 930 et
754 855 853 931 liber.
876 856 991 931 Cuius
1015 856 1178 957 potestati
1204 854 1374 954 quicquid

154 966 388 1045 ecclesiastici
407 969 497 1043 iuris
514 969 610 1043 intra
624 993 762 1056 sacram
777 968 909 1046 Urbem
926 972 1072 1044 Romam
1086 968 1145 1052 vel
1158 969 1244 1044 foris
1257 984 1311 1044 est
1324 993 1375 1044 re·

154 1078 349 1154 formamus
365 1092 475 1157 totam
493 1107 638 1156 causam
656 1081 720 1157 Dei
739 1081 870 1156 iudicio
895 1091 1130 1158 reservantes.
1154 1084 1207 1159 Dc
1231 1081 1374 1158 clericis

153 1216 237 1267 vero
264 1195 450 1269 memorati
468 1194 587 1293 populi
612 1193 674 1292 qui
700 1193 746 1268 ab
762 1194 934 1294 Episcopo
953 1218 1017 1269 suo
1033 1205 1116 1271 ante
1132 1204 1274 1292 tempus
1295 1217 1376 1268 con·

153 1316 210 1397 tra
229 1307 375 1402 regulas
392 1308 644 1397 discesserunt,
661 1318 698 1384 ct
714 1308 845 1386 scisma
869 1307 1044 1396 fecerunt,
1068 1307 1135 1383 hoc
1159 1307 1236 1383 fieri
1257 1307 1375 1383 decre

153 1418 286 1504 vimus,
305 1430 346 1493 ut
367 1443 425 1496 eos
442 1421 702 1496 satisfacientes
727 1420 888 1518 episcopo
905 1443 969 1495 suo
990 1420 1268 1495 misericordiam
1293 1442 1375 1494 con·

154 1543 360 1629 sequantur,
377 1542 413 1607 et
429 1534 555 1608 officiis
572 1532 827 1608 ecclesiasticis
851 1557 889 1607 se
915 1524 1098 1628 gaudeant
1120 1532 1271 1607 restitui.
1289 1532 1375 1619 Qui·

156 1667 310 1742 cumque
326 1667 411 1719 vero
428 1647 466 1717 in
483 1648 641 1719 Romana
666 1645 828 1720 Ecclesia
854 1647 1021 1745 deinceps
1042 1646 1171 1721 Missas
1195 1646 1374 1721 celebrare

158 1757 423 1853 praesumpserit
443 1768 571 1857 praeter
591 1758 846 1833 conscientiam
866 1758 1076 1857 Symmachi
1094 1763 1199 1856 Papae
1215 1759 1300 1832 dum
1321 1757 1374 1829 vi·

156 1840 228 1958 vii?
246 1870 391 1944 statutis
417 1871 597 1946 canonicis
614 1870 722 1947 velud
738 1871 966 1946 scismaticus
991 1870 1216 1969 percellatur.
1241 1874 1288 1945 Et
1304 1869 1373 1943 ista

154 2003 217 2054 nos
243 1984 398 2059 sufficiat
423 2009 507 2058 curn
533 1985 597 2058 Dei
620 1984 752 2059 noticia
773 1985 911 2060 sincere
936 1984 1135 2083 protulisse.
1160 1983 1376 2058 Laurentius

153 2094 349 2193 Episcopus
366 2097 535 2171 aecclesiae
551 2096 836 2186 Mediolanensis‚
851 2096 939 2173 huic
954 2107 1089 2173 statuto
1105 2108 1225 2171 nostro
1241 2096 1279 2169 in
1304 2118 1374 2192 quo

153 2217 263 2282 totam
286 2234 432 2284 causam
451 2211 517 2285 Dei
531 2211 662 2286 iudicio
684 2210 938 2298 commisimus
955 2209 1137 2307 suscripsi.
1150 2213 1279 2284 Petrus
1292 2207 1385 2307 Epi-'

153 2344 280 2419 scopus
302 2322 471 2398 acclesiae
498 2323 716 2399 Ravennatis
741 2323 808 2398 sub
832 2323 965 2398 eisdem
981 2323 1103 2400 verbis
1120 2323 1319 2420 suscripsit,
1336 2333 1372 2398 et

153 2446 230 2531 post
246 2459 329 2510 eum
347 2438 481 2511 LXXV
500 2438 676 2536 Episcopi.

678 2599 836 2685 Xhlllll.

248 2775 480 2849 Innocentius
500 2778 603 2873 Papa.
621 2777 730 2846 Error
746 2773 806 2848 cui
831 2797 902 2848 non
928 2774 1119 2862 resistitur,
1143 2773 1369 2871 approbatur,

154 2895 190 2960 ct
207 2888 341 2962 veritas
357 2912 440 2961 cum
459 2887 607 2962 minime
624 2887 841 2974 defensatur,
858 2886 1082 2985 opprimitur.
1100 2885 1282 2960 Eleuther.
1299 2888 1369 2960 Ne·

154 2999 301 3094 glegerc
315 3000 445 3098 quippe
458 3024 541 3073 cum
555 2998 667 3095 possis
679 2998 868 3074 deturbare
881 3024 1077 3096 perversos,
1089 2998 1201 3074 nichil
1209 3009 1263 3074 est
1271 2998 1369 3072 aliud

152 3135 258 3206 quam
278 3111 406 3185 fovere.
423 3114 500 3185 Nec
517 3119 616 3185 caret
632 3111 801 3208 scrupulo
814 3114 993 3187 societatis
1009 3114 1170 3202 occultae,
1182 3113 1242 3210 qui
1257 3112 1370 3185 mani·

153 3223 242 3297 festo
255 3222 406 3298 facinori
419 3224 549 3298 desinit
562 3223 715 3298 obviare.
728 3224 815 3298 Pius
829 3229 934 3324 Papa.
947 3225 1039 3314 Quid
1053 3227 1149 3301 cuim
1162 3225 1303 3326 prodest
1314 3224 1369 3298 illi

152 3359 216 3409 suo
236 3359 355 3412 errore
376 3359 447 3409 non
468 3334 605 3433 polluit,
621 3335 684 3433 qui
706 3358 917 3412 consensum
939 3349 1085 3438 praestat
1105 3338 1265 3415 erranti?
1283 3337 1368 3413 Sine

151 3449 257 3523 dubio
274 3459 398 3524 contra
415 3449 582 3523 mandata
599 3448 785 3523 Dominica
802 3460 839 3525 et
855 3451 916 3548 qui
934 3460 1068 3551 peccat,
1084 3460 1121 3526 at
1137 3450 1199 3548 qui
1224 3473 1369 3526 consen·

152 3587 231 3637 sum
259 3572 404 3661 praestat
427 3562 573 3638 erranti.
597 3562 804 3658 Gregorius.
830 3562 1041 3656 Consentire
1062 3563 1206 3637 videtur
1222 3563 1369 3650 erranti,

152 3678 213 3775 qui
226 3677 271 3752 ad
285 3677 476 3754 resecanda
488 3685 529 3750 ut
541 3676 674 3773 corrigi
689 3674 840 3750 debeant
851 3697 922 3748 non
935 3675 1101 3750 occurrit.
1111 3673 1287 3749 Salomon.
1297 3673 1367 3761 Qui

152 3789 407 3887 derelinquunt
419 3788 549 3885 legem,
559 3787 706 3861 laudant
718 3787 881 3884 impium,
890 3788 952 3884 qui
966 3811 1051 3863 vero
1063 3787 1280 3876 custodiunt,
1289 3811 1369 3861 suc·

67 3951 73 3962 -
150 3902 326 3976 ceduntur
345 3912 468 3977 contra
486 3926 579 3976 eum.
597 3900 837 3995 Augustinus.
855 3899 1025 3998 Quisquis
1050 3909 1148 3975 metu
1173 3898 1367 3974 cuiuslibet

150 4015 335 4112 potestatis
352 4016 541 4090 veritatem
557 4012 907 4102 aerumnosarum
925 4037 1033 4110 supra
1046 4037 1084 4087 se
1097 4021 1265 4109 provocat
1281 4011 1367 4109 quia

151 4128 270 4221 magis
284 4127 386 4201 timet
402 4125 579 4200 hominem
595 4149 702 4222 quarn
713 4127 838 4199 Deum.
848 4127 894 4199 Et
906 4124 1191 4222 iterumUtique
1205 4148 1288 4198 reus
1301 4132 1366 4211 est,

150 4248 187 4311 et
204 4238 265 4333 qui
283 4237 471 4312 veritatem
489 4236 660 4324 occultat,
672 4247 708 4309 ct
721 4236 783 4333 qui
798 4235 1022 4310 mendacium
1040 4236 1139 4325 dicit,
1151 4236 1236 4334 quia
1252 4245 1288 4310 et
1304 4233 1367 4310 ille

149 4350 311 4445 prodesse
329 4373 397 4422 non
416 4348 507 4438 vult,
524 4359 560 4422 et
577 4348 644 4422 iste
661 4370 787 4422 nocere
804 4347 991 4422 desiderat.
1008 4348 1116 4423 Idem.
1142 4346 1258 4421 Multa
1281 4371 1366 4422 cum

150 4461 275 4535 invitis
299 4461 457 4555 benigna
481 4461 635 4559 quadam
660 4457 850 4558 asperitate
876 4458 1073 4558 plectendis
1097 4459 1237 4557 agenda
1260 4469 1369 4547 sunt,

1166 4582 1202 4635 24
