3608 5498
800 401 997 463 -330-

291 519 409 596 clesiae
426 518 521 594 sicut
539 516 795 594 dilectissimus
813 517 910 592 filius
927 527 961 594 et
978 527 1135 594 nostram
1162 517 1199 592 in
1225 518 1368 595 Christo
1388 519 1510 595 amici·

290 634 377 709 tiam
397 632 500 733 plene
513 632 652 708 habere.
665 632 762 708 Idem
778 632 815 705 in
829 632 949 707 eodem
963 632 1007 704 ad
1021 633 1177 705 chsam
1196 632 1369 727 Ungariae
1386 657 1508 729 regem

290 773 365 848 cap.
375 749 493 820 LXIII
507 745 600 819 inter
613 750 881 820 cetera.Notum
896 769 979 821 vero
992 744 1056 820 tibi
1070 746 1507 843 esseoredimus,regnum

289 859 463 956 Ungariae
480 858 576 933 sicut
594 858 716 934 atalia
733 857 954 932 nobilissima
975 882 1099 954 regna,
1116 858 1154 932 iu
1176 858 1315 956 proprie
1331 858 1509 936 libertatis

287 981 386 1047 statu
402 971 521 1047 deberi
539 996 617 1047 esse
635 981 676 1045 ut
693 971 784 1045 nulli
804 971 880 1067 regi
899 971 1048 1047 alterius
1065 970 1169 1068 regni
1186 969 1314 1046 subiici
1335 972 1404 1047 nisi
1430 999 1511 1050 san-

288 1097 357 1162 ctu
374 1097 410 1161 et
428 1085 624 1162 universali
643 1085 750 1159 matri
764 1088 930 1159 Romanae
947 1084 1119 1175 ccclesiae,
1132 1109 1212 1183 quae
1228 1085 1420 1181 subgectos
1437 1111 1507 1162 non

288 1199 395 1275 habet
414 1209 454 1274 ut
471 1222 592 1273 servos
610 1197 671 1273 sed
688 1207 730 1273 ut
747 1198 846 1272 filios.
864 1197 964 1284 Quod
980 1198 1064 1297 quia
1082 1198 1373 1294 consanguineus
1390 1209 1509 1275 tuusa

288 1337 373 1410 rege
391 1312 584 1388 Teutonico
602 1336 671 1387 non
693 1337 714 1385 a
740 1316 898 1388 Romano
923 1311 1094 1387 Pontifice
1120 1310 1330 1409 usurpative
1356 1312 1511 1389 obtinuit

288 1427 483 1503 dominium
515 1427 594 1502 eius
623 1436 664 1500 ut
697 1426 888 1516 credimus,
912 1425 1077 1500 divinum
1111 1424 1285 1500 iudicium
1315 1425 1510 1527 impedivit.

289 1540 385 1617 Idem
417 1541 454 1613 in
485 1540 606 1615 eodem
636 1540 682 1615 ad
710 1540 873 1615 cumdem
900 1565 975 1639 cap.
993 1541 1094 1612 LXX
1110 1537 1203 1619 inter
1227 1548 1355 1613 cetera.
1373 1542 1509 1616 Verum

288 1652 349 1728 ubi
368 1662 588 1751 contemptor
613 1652 720 1727 nobili
741 1652 890 1727 Domino
912 1653 1007 1728 beati
1026 1653 1123 1728 Petri
1142 1651 1389 1751 Apostolorum
1410 1654 1510 1727 Prin·

288 1766 379 1864 cipis
408 1765 514 1841 cuius
544 1790 695 1862 regnum
726 1791 803 1842 esse
832 1767 1057 1865 prudentiam
1087 1776 1187 1839 tuam
1222 1789 1291 1841 non
1325 1766 1423 1856 latet,
1447 1792 1510 1843 rex

288 1879 445 1954 subdidit
475 1903 513 1954 se
531 1879 725 1954 Teutonico
755 1881 844 1977 regi,
862 1891 899 1955 et
923 1879 1042 1976 reguli
1068 1903 1195 1955 nomen
1219 1879 1385 1977 optinuit,
1401 1879 1511 1954 domi·

287 2020 357 2068 nus
385 2004 507 2068 autem
537 1992 671 2066 iniurio
700 2017 764 2067 suo
793 1993 932 2067 illatam
958 1992 1110 2090 principi
1138 1991 1337 2090 praevidens
1362 2001 1511 2088 potesta·

288 2119 361 2183 tem
382 2108 487 2204 regni
505 2131 569 2182 suc
586 2107 631 2181 ad
653 2118 688 2183 te
712 2108 844 2184 iudicio
868 2106 1064 2182 transtulit.
1082 2109 1129 2180 Et
1153 2107 1202 2180 ita
1220 2105 1511 2202 consanguineus

287 2231 374 2296 tuus
392 2221 421 2295 si
439 2221 526 2319 quid
543 2220 580 2294 in
598 2221 786 2297 obtinendo
804 2244 915 2318 regno
932 2220 1023 2296 iuris
1040 2221 1140 2318 prius
1158 2219 1328 2310 habuit,a
1345 2246 1383 2297 se
1401 2222 1510 2297 sacri-

288 2333 370 2430 lega
388 2332 618 2432 usurpatione
637 2334 801 2432 privabit.
818 2338 948 2410 Petrus
964 2336 1099 2411 enima
1124 2336 1228 2409 firma
1250 2344 1348 2432 petra
1365 2335 1510 2425 dicitur,

288 2472 367 2545 quae
379 2457 499 2547 portas
511 2447 619 2523 inferi
637 2447 845 2544 confringit,
859 2458 966 2549 atque
979 2449 1208 2523 adamantino
1222 2448 1340 2544 rigore
1354 2449 1508 2524 destruit

288 2572 325 2638 et
341 2562 491 2660 dissipat
507 2562 677 2661 quicquid
695 2563 840 2638 obstitit.
858 2563 955 2638 Idem
969 2563 1008 2636 in
1020 2563 1142 2638 codem
1155 2562 1335 2638 Demetrio
1348 2563 1426 2659 regi
1441 2567 1512 2638 Ru·

288 2698 430 2751 socrum
448 2685 484 2751 et
502 2675 627 2772 regine
645 2675 745 2751 uxori
766 2675 843 2751 eius
865 2677 960 2753 inter
984 2687 1103 2753 cetera
1125 2701 1200 2776 cap.
1217 2680 1435 2753 LXXXIIII.
1452 2677 1511 2752 Fi·

288 2788 360 2863 lius
377 2799 496 2865 vester
514 2789 639 2864 limina
657 2790 905 2888 Apostolorum
923 2792 1077 2867 visitans
1094 2792 1138 2866 ad
1155 2815 1219 2866 nos
1236 2789 1337 2866 venit
1357 2800 1395 2866 et
1417 2789 1510 2889 quod

293 2924 447 2997 regnum
466 2901 556 2976 illud
574 2902 664 2977 dono
681 2903 805 2978 Sancti
820 2904 916 2979 Petri
935 2929 996 3003 per
1010 2929 1139 2979 manus
1152 2914 1291 2979 nostras
1304 2903 1413 2979 vellet
1423 2903 1511 3001 opti·

289 3039 385 3103 nere,
403 3014 517 3091 eidem
534 3015 635 3091 beato
654 3019 758 3091 Petro
776 3017 1023 3114 Apostolorum
1042 3016 1201 3115 Principi
1224 3016 1396 3091 fidelitate
1413 3015 1511 3092 exhi·

289 3129 365 3205 bita
390 3131 529 3206 devotis
553 3131 719 3230 precibus
743 3130 950 3230 postulavit,
967 3129 1209 3206 indubitanter
1229 3153 1393 3204 asserens
1408 3128 1508 3204 illam

290 3272 391 3319 suam
411 3244 618 3344 petitionem
636 3258 757 3323 vestro
778 3271 953 3323 consensu
980 3255 1095 3319 ratam
1121 3244 1195 3319 lore
1221 3269 1264 3319 ac
1289 3241 1464 3333 stabilem,
1479 3243 1510 3317 si

288 3360 489 3457 apostolice
505 3361 731 3436 auctoritatis
747 3363 867 3459 gratia
885 3385 929 3435 ac
951 3357 1152 3433 munimine
1174 3357 1376 3433 donaretur.
1395 3356 1510 3434 Cuius

290 3472 522 3572 petitionibus
550 3475 635 3573 quia
659 3476 753 3553 iuste
779 3476 1004 3562 videbantur,
1020 3482 1099 3548 tum
1125 3496 1170 3546 ex
1185 3480 1305 3546 vestro
1321 3494 1508 3561 consensu,

292 3595 372 3660 tum
391 3611 435 3661 ex
452 3587 634 3663 devotione
653 3590 830 3685 poscentis
850 3589 994 3663 tandem
1019 3611 1204 3661 assensum
1232 3585 1459 3683 praebuimus,
1475 3596 1512 3660 et

291 3700 395 3797 regni
414 3701 525 3777 vostri
544 3700 791 3797 gubernacula
809 3728 853 3778 ex
871 3712 970 3801 parte
987 3700 1080 3775 beati
1100 3698 1198 3775 Petri
1215 3698 1268 3773 illi
1287 3699 1510 3790 tradidimus,

290 3839 331 3890 ea
345 3813 717 3891 videlicetintentione
726 3816 944 3904 caritatis,ut
952 3815 1078 3890 beatus
1088 3818 1217 3890 Petrus
1230 3838 1292 3889 vos
1305 3824 1341 3889 et
1354 3839 1509 3911 regnum

291 3939 453 4004 vestrum
473 3928 510 4000 in
529 3954 593 4002 sua
611 3931 705 4027 apud
719 3931 833 4004 Deum
849 3930 1104 4008 intercessione
1118 3931 1304 4006 custodiat.
1316 3933 1407 4006 Item
1420 3929 1513 4027 quod

292 4066 446 4138 regnum
462 4042 668 4139 Hyspaniae,
683 4043 773 4116 iuris
789 4043 883 4118 beati
898 4043 994 4118 Petri
1011 4043 1059 4117 sit
1072 4042 1302 4138 cognoscitur
1313 4065 1358 4116 ex
1370 4050 1512 4137 regesto

290 4155 452 4230 eiusdem
463 4156 807 4252 t'11Greg0riilibJ
820 4157 1039 4254 cap.VII⁰et
1051 4179 1096 4230 ex
1108 4157 1177 4229 IIII
1190 4154 1250 4229 lib.
1264 4179 1339 4252 cap.
1351 4155 1513 4229 XXVIII

292 4269 384 4368 quod
401 4270 451 4343 ita
469 4294 506 4345 se
525 4270 642 4346 babet.
659 4271 859 4366 Gregorius
876 4270 1072 4369 Episcopus
1089 4295 1218 4344 servus
1242 4291 1427 4343 servorum
1446 4267 1511 4341 Dei

291 4382 463 4478 Regibus
488 4383 688 4473 comitibus,
714 4384 913 4483 ceterisque
939 4382 1160 4482 principibus
1185 4380 1392 4480 Hyspaniue,
1417 4380 1513 4455 inter

291 4506 422 4571 cetera.
431 4500 609 4572 Praeterea
622 4508 744 4573 notum
761 4497 861 4573 vobis
874 4497 951 4575 fieri
966 4496 1141 4584 volumus,
1150 4495 1242 4595 quod
1256 4493 1356 4569 nobis
1369 4492 1509 4593 quidem
