3608 5498
675 435 850 496 ..29-

154 557 202 630 Ut
218 553 296 629 eius
313 552 459 628 licentia
477 556 622 628 Romam
642 552 876 648 ingrediatur.
893 554 978 651 Cap.
996 554 1143 628 CXIIII.

152 668 202 740 De
219 666 419 740 differentia
436 669 577 763 Regum
596 676 632 741 ct
648 668 797 741 Romani
815 669 1051 765 Imperatoris.
1070 669 1154 767 Cap.
1172 672 1281 744 LXII.

153 783 204 854 De
221 779 278 855 his
296 780 357 878 qui
374 781 419 856 ad
436 781 668 877 praesulatum
688 781 887 880 prosiliunt.
907 782 992 879 Cap.
1009 785 1144 857 XXIII.

152 897 203 970 De
220 895 580 970 administratoribus,
598 896 682 994 Cap.
700 899 753 970 LI.

153 1010 204 1084 De
223 1009 433 1107 raptoribus
452 1010 535 1107 Cap.
553 1011 688 1083 XXVI.
706 1010 760 1082 Ll.

152 1125 204 1198 De
220 1122 464 1199 defensoribus
481 1146 692 1220 pauperum.
710 1123 795 1219 Cap.
812 1125 931 1197 XXII.
948 1126 1111 1200 XLVIII.

152 1237 253 1324 Quod
270 1236 381 1312 honor
399 1237 635 1334 magistratus
652 1234 820 1310 annualis
833 1237 889 1311 sit.
908 1238 991 1335 Cap.
1010 1239 1103 1313 CIII.

151 1352 202 1425 De
219 1359 391 1447 potestate
408 1351 485 1426 sive
502 1350 617 1425 officio
634 1351 870 1448 Imperatoris.
890 1351 975 1450 Cap.
994 1353 1185 1428 XXXIIII.
1199 1356 1271 1428 LII.
1286 1357 1376 1430 LXI.

224 1468 333 1540 LXII.
351 1467 480 1542 CVIII.
499 1466 610 1541 CXV.

151 1579 251 1665 Quod
276 1580 320 1653 ad
346 1579 544 1655 Ecclesiam
571 1602 642 1653 non
668 1577 856 1676 pertineat,
874 1580 935 1676 qui
955 1580 1031 1655 illic
1049 1583 1288 1677 congruentia
1305 1608 1375 1659 non

222 1692 393 1789 providet.
410 1693 495 1790 Cap.
513 1694 605 1768 CIII.

151 1807 203 1880 De
221 1804 353 1902 legatis
369 1810 467 1881 Rom.
485 1807 657 1882 Ecclesiae
674 1830 762 1904 quos
778 1805 846 1881 sibi
872 1810 1067 1905 Imperator
1093 1809 1188 1884 mitti
1210 1811 1376 1910 postulat.

223 1921 307 2018 Cap.
325 1924 422 1996 VIII.
440 1925 555 1997 VIIII.
572 1923 827 1997 LXXXVIIII.
845 1923 921 1997 CV.

150 2037 201 2109 De
223 2036 501 2133 Imperatoribus
518 2035 580 2135 qui
598 2039 696 2110 Rom.
714 2036 886 2112 Ecclesiae
903 2037 1041 2134 legatos
1059 2039 1240 2137 suscipere
1255 2041 1375 2116 nolue-

221 2148 303 2223 rint.
321 2150 406 2248 Cap.
425 2152 499 2226 CII.
517 2151 663 2226 CVIIII.

150 2264 201 2337 De
218 2265 375 2360 pcccatis
394 2265 638 2340 praelatorum.
656 2266 741 2362 Cap.
760 2264 816 2340 CI.

148 2379 540 2454 Utrumoedendumsit
552 2377 889 2455 comminationibus
902 2387 939 2453 et
950 2378 1135 2453 conviciis.
1145 2379 1229 2476 Cap.
1243 2379 1373 2455 CXVI.

148 2491 225 2575 Que
243 2490 411 2566 scandala
424 2492 570 2565 vitanda
583 2491 657 2566 sint
669 2502 705 2566 et
718 2517 797 2591 quae
810 2515 880 2565 uon
894 2492 968 2566 sint
980 2492 1137 2567 vitanda.
1148 2493 1232 2590 Cap.
1242 2495 1371 2568 LXVI.

220 2607 348 2680 LXXI.
386 2608 549 2680 LXXXI.
583 2606 747 2682 CXXIII.
774 2607 922 2699 CXXV.
955 2607 994 2681 in
1027 2608 1141 2705 primo
1179 2608 1269 2683 libro
1298 2632 1373 2707 cap.

148 2833 199 2907 De
217 2833 364 2930 regibus
381 2832 683 2931 contemptoribus
700 2856 888 2909 canonum.
906 2835 990 2933 Cap.
1008 2838 1045 2908 L.

149 2946 201 3020 De
218 2947 519 3045 contemptoribus
535 2947 784 3022 anathematis.
803 2948 887 3045 Cap.
904 2950 1014 3022 LXV.

150 3060 201 3133 De
218 3058 353 3134 virtute
374 3059 590 3135 obedientia.
608 3060 693 3157 Cap.
710 3063 857 3136 LXXX

147 3173 197 3246 Ut
214 3173 385 3269 Princeps
397 3173 459 3271 qui
472 3173 634 3271 prothet
646 3173 724 3248 fieri
737 3172 915 3271 synodum
929 3173 1269 3248 excommunicetur.
1284 3174 1369 3272 Cap.

148 3401 198 3474 De
216 3400 413 3477 rectoribus
431 3410 571 3499 propter
590 3410 725 3476 metum
751 3397 930 3472 iustitiam
955 3399 1247 3495 neglegentibus,
1269 3409 1304 3474 et
1327 3400 1370 3476 de

219 3523 389 3611 peccante
406 3514 444 3586 in
462 3537 525 3588 nos
542 3524 578 3587 et
595 3514 632 3586 in
650 3516 777 3588 Deum.
791 3515 876 3611 Cap.
889 3516 1052 3588 XLVIII.
1065 3516 1246 3588 LXVIIII.
1260 3517 1370 3588 LXX.

219 3628 383 3701 LXXXI.
400 3627 601 3700 LXXXIII.
620 3629 841 3701 LXXXIIII.
857 3629 1042 3702 LXXXV.

148 3741 248 3828 Quod
266 3740 457 3816 manifesta
474 3750 620 3839 peccata
636 3751 843 3817 accusatore
861 3766 931 3814 non
945 3750 1087 3837 egeant.
1100 3741 1184 3837 Cap.
1204 3740 1369 3815 CCXX

148 3856 199 3929 De
216 3855 291 3931 zelo
307 3859 405 3931 Rom.
423 3855 607 3931 Pontificis
624 3879 712 3952 erga
729 3858 827 3930 Rom.
845 3853 1056 3930 Ecclesiam.
1079 3854 1164 3950 Cap.
1186 3855 1313 3927 LXIII.
1331 3853 1369 3924 in

219 3969 252 4040 1⁰
269 3967 329 4043 lib.
347 3969 560 4044 CLXXXII.

147 4082 200 4154 De
210 4081 600 4157 maturitatesententie
612 4080 812 4180 Apostolice
823 4079 1368 4177 Sedis.Cap.LXVlI.LXXIIII.

218 4197 328 4270 LXV.
345 4197 528 4270 LXXVII.
545 4198 762 4270 LXXVIIII.
779 4194 961 4267 LXXXII.
979 4195 1020 4266 In
1038 4194 1071 4266 I⁰
1090 4190 1150 4266 lib.
1168 4191 1369 4268 CXXXIII.

219 4307 432 4382 CLXXVII.
451 4308 647 4383 CCXVIII.
666 4307 844 4383 CCXXII.
862 4306 1058 4381 CCXXIII.

150 4421 200 4494 De
216 4419 388 4517 qualitate
410 4421 534 4496 iudicii
560 4420 805 4496 ecclesiastici.
830 4421 916 4518 Cap.
941 4421 1125 4496 CXXVII.
1150 4420 1187 4492 in
1213 4417 1273 4492 lib.
1298 4421 1368 4493 111⁰

218 4557 294 4630 cap.
312 4536 513 4610 LXXXVI.
530 4536 748 4609 LXXXVII.
