3608 5498
928 397 1125 460 -186-

413 525 534 597 Romae
552 520 706 594 miliario
724 520 775 592 III
788 517 891 616 quasi
905 516 988 592 exul
1005 517 1042 591 in
1061 519 1240 596 cimiterio
1252 518 1410 593 Novella
1424 519 1482 592 ria
1496 519 1637 594 salaria.

411 635 590 712 Veniente
603 642 725 708 autem
738 631 796 706 die
809 629 957 706 Paschae
970 634 1115 709 vocavit
1127 634 1316 721 universos
1328 633 1560 732 Presbyteros
1574 637 1638 708 Ro

413 774 547 841 manos,
560 759 596 826 et
609 749 793 838 Diaconos,
805 755 841 822 et
854 746 944 822 sedit
956 746 994 820 in
1007 747 1127 823 eodem
1141 747 1342 847 cymiterio,
1354 758 1390 822 et
1402 747 1503 821 dixit:
1517 747 1636 823 Nolite

410 863 540 939 timere
557 863 641 962 quia
659 861 844 935 vobiscum
863 883 930 956 ego
947 883 1017 934 non
1031 861 1153 937 habito
1166 861 1204 936 in
1217 861 1375 951 civitate,
1389 860 1527 937 habetis
1543 861 1639 937 vica·

413 976 507 1050 rium
533 986 695 1051 nostrum
721 975 870 1049 fratrem
896 983 933 1049 et
958 976 1286 1075 compresbyterum
1309 978 1516 1067 Damasum,
1531 976 1639 1052 cuius

410 1090 656 1166 testimonium
675 1111 737 1163 vos
756 1086 844 1161 mihi
863 1087 1103 1186 perhibuistis,
1118 1093 1164 1164 Et
1180 1089 1286 1188 paulo
1303 1100 1389 1188 post.
1404 1089 1544 1164 Domini
1559 1116 1639 1164 san·

412 1204 463 1281 cti
481 1215 517 1280 et
534 1201 814 1303 compresbyteri
829 1201 938 1278 nolite
953 1203 1112 1300 cogitare
1125 1205 1167 1279 de
1182 1204 1347 1280 crastino.
1362 1204 1422 1278 Sic
1435 1203 1531 1279 enim
1544 1204 1639 1278 dixit

414 1316 593 1415 Magister
609 1324 736 1391 noster.

938 1458 1101 1543 XXXHL

335 1607 370 1804 y(
507 1655 686 1727 Damasus
708 1649 905 1749 Episcopus
929 1649 1034 1725 fratri
1059 1660 1096 1727 et
1120 1653 1408 1752 compresbytero
1433 1652 1640 1728 Hieronimo

412 1767 566 1841 salutem
585 1765 622 1838 in
642 1763 794 1841 Christo.
812 1763 1022 1839 Memoriam
1041 1766 1255 1871 capacitatis
1277 1792 1366 1842 meae
1390 1765 1549 1842 imbuere
1570 1767 1640 1841 fra·

412 1890 468 1956 ter
480 1877 725 1953 amantissime
741 1876 827 1952 etin
843 1876 986 1952 Christo
998 1901 1139 1978 semper
1151 1880 1314 1955 sacerdos
1327 1880 1524 1957 secundum
1538 1884 1640 1955 LXX

415 1995 636 2092 interpretes.
649 1996 733 2068 Peto
745 2015 832 2088 ergo
845 2016 908 2090 per
921 1992 1068 2068 fratrem
1084 2002 1119 2068 et
1132 1994 1463 2093 compresbyterum
1477 2007 1639 2069 nostrum

413 2106 639 2182 Bonifacium
658 2115 700 2180 ut
716 2104 839 2180 iubeas
855 2104 1063 2181 fraternitas
1080 2115 1143 2180 tua
1160 2106 1260 2181 nobis
1277 2130 1398 2183 eorum
1417 2108 1555 2206 aperire
1580 2132 1640 2183 ve-

416 2222 537 2320 stigia.

937 2352 1117 2437 XXXHH.

514 2555 670 2629 Sinicius
680 2551 1329 2654 EpiscopusomnibusEpiscopisNos
1338 2578 1423 2629 sane
1432 2554 1641 2653 nuptiarum

416 2681 498 2747 vota
515 2692 586 2743 non
607 2677 824 2767 spernantur
840 2667 1049 2766 accipimus,
1065 2668 1196 2766 quibus
1213 2668 1391 2744 velamine
1409 2667 1641 2760 intersumus,

415 2785 476 2860 sed
489 2783 652 2880 virgines
663 2784 735 2856 Doo
748 2782 894 2856 devotas
908 2780 1030 2854 maiori
1046 2781 1314 2857 honorificentia
1327 2808 1567 2858 muneramus.
1578 2787 1642 2858 Fa·

416 2907 475 2974 cto
490 2897 606 2993 igitur
617 2893 858 2992 Presbyterio,
866 2893 1028 2968 constitit
1041 2895 1211 2970 doctrinae
1220 2905 1360 2986 nostrae,
1369 2897 1460 2973 idest
1470 2897 1642 2973 Christia-

416 3037 473 3086 nae
491 3011 566 3108 legi
584 3035 661 3086 esse
677 3007 866 3085 contraria.
892 3008 993 3083 Unde
1013 3009 1255 3107 Apostolicum
1282 3011 1397 3084 secuti
1423 3021 1641 3108 praeceptum

420 3125 504 3224 qnia
521 3123 626 3198 aliter
644 3147 751 3220 quam
770 3120 861 3219 quod
878 3120 1086 3219 accepimus
1111 3123 1385 3214 annuntiabant,
1408 3126 1566 3198 omnium
1585 3149 1643 3199 no·

416 3247 574 3313 strorum
590 3247 662 3311 tarn
680 3235 979 3334 presbyterorum,
993 3259 1099 3333 quam
1114 3247 1150 3311 et
1163 3237 1403 3328 diaconorum,
1413 3262 1520 3336 quam
1534 3239 1641 3314 etiam

416 3352 527 3428 totius
544 3351 632 3428 cleri
650 3374 760 3424 unam
778 3348 911 3424 factam
929 3358 1070 3424 constat
1089 3375 1165 3446 esse
1183 3350 1408 3440 sententiam,
1433 3361 1474 3426 ut
1491 3352 1644 3426 Iovinia-

416 3492 496 3546 nus,
508 3463 723 3554 Auxentius,
734 3462 908 3551 Genialis,
921 3464 1088 3552 Minatur,
1102 3463 1276 3552 Plotinus,
1285 3464 1504 3554 Marcianus,
1516 3467 1644 3539 Ianua·

417 3579 494 3654 rius
510 3588 547 3654 et
564 3577 790 3674 Ingeniosus,
808 3575 870 3674 qui
888 3586 1098 3652 accentores
1110 3601 1201 3652 nove
1215 3576 1350 3653 heresis
1363 3586 1400 3652 et
1415 3576 1645 3677 blasphemiae

416 3693 556 3769 inventi
574 3701 671 3781 sunt,
687 3690 810 3766 divina
827 3689 1006 3766 sententia
1023 3699 1059 3765 et
1076 3701 1196 3766 nostro
1223 3691 1356 3768 iudicio
1380 3691 1643 3791 imperpetuum

415 3807 574 3882 damnati
592 3815 692 3882 extra
710 3803 908 3880 aeclesiam
924 3811 1162 3879 remanerent.
1176 3804 1276 3890 Quod
1289 3804 1547 3879 custodituram
1563 3828 1643 3878 san-

416 3921 577 3997 ctitatem
588 3929 745 3995 vestram
756 3941 825 3992 non
836 3918 1034 4014 ambigens,
1044 3916 1121 3992 hec
1131 3918 1264 4017 scripta
1273 3918 1385 3993 direxi
1397 3942 1458 4016 per
1468 3917 1598 3993 fratres
1608 3930 1644 3993 et

418 4035 725 4137 compresbyteros
739 4055 836 4108 meos
850 4033 1079 4107 Crescentem
1094 4031 1325 4130 Leopardum,
1338 4040 1373 4107 et
1388 4030 1644 4106 Alexandrum.

950 4200 1084 4285 XXXV.

515 4388 756 4463 Innocentius.
766 4387 936 4463 Decentio
946 4384 1139 4484 Eugubino
1148 4386 1328 4484 Episcopo.
1340 4387 1391 4462 De
1400 4386 1573 4464 fermento
1587 4410 1645 4459 ve·

421 4525 459 4578 ro
472 4502 563 4600 quod
576 4501 633 4577 die
645 4501 822 4577 dominica
835 4523 899 4601 per
913 4500 1038 4577 titulos
1050 4498 1240 4591 mittimus,
1252 4501 1431 4600 superflue
1444 4522 1508 4575 nos
1520 4524 1646 4576 consu·
