3608 5498
817 436 856 451 ..
882 406 923 466 30
949 437 989 449 ..

866 631 935 713 XO.

378 876 467 946 Item
485 896 529 946 ex
545 871 697 945 decretis
714 868 923 944 innocentii.
941 870 993 942 De
1010 868 1129 942 causis
1145 868 1188 942 de
1206 866 1337 964 quibus
1353 865 1507 940 auctori·

284 998 339 1060 tas
358 985 503 1058 minime
520 984 558 1056 in
576 982 677 1056 libris
693 982 827 1056 veteris
843 983 1047 1058 testamenti
1061 992 1097 1057 et
1110 984 1210 1056 IIIIor
1224 980 1508 1077 Evangeliorum

288 1124 372 1175 cum
390 1098 533 1196 scriptis
550 1097 634 1171 totis
660 1096 907 1193 Apostolorum
932 1109 1090 1195 apparet,
1115 1097 1160 1171 ad
1184 1095 1306 1170 diviua
1333 1092 1509 1170 recurrito

286 1212 428 1309 scripta.
448 1211 487 1284 Si
504 1236 571 1285 nec
588 1208 700 1283 nullis
716 1209 761 1282 ad
775 1208 970 1288 catholice
982 1210 1152 1286 Ecclesiae
1165 1210 1347 1307 hystorias
1361 1205 1512 1284 catholi-

287 1351 348 1401 cas
364 1350 385 1399 a
403 1324 603 1400 doctoribus
620 1322 807 1398 catholicis
824 1322 975 1422 scriptas
993 1349 1139 1397 manum
1159 1323 1269 1399 mitte.
1287 1323 1325 1396 Si
1343 1346 1410 1398 neo
1425 1321 1511 1398 ullis

286 1439 495 1537 Apostolicae
519 1439 619 1514 Sedis
636 1461 790 1514 canones
808 1439 957 1513 intuere.
975 1438 1014 1511 Si
1031 1463 1097 1514 nec
1114 1440 1153 1512 in
1170 1438 1227 1512 his
1245 1442 1457 1513 Sanctorum
1476 1461 1510 1510 e·

287 1551 427 1648 xempla
445 1552 695 1649 perspicaciter
713 1552 907 1627 recordare.
923 1551 1024 1638 Quod
1040 1552 1071 1625 si
1088 1552 1128 1625 in
1144 1551 1202 1626 his
1214 1551 1380 1625 omnibus
1393 1551 1512 1648 iuspe-

285 1665 354 1739 ctis
376 1662 485 1737 huius
502 1664 697 1761 questionis
714 1664 869 1761 qualitas
886 1687 956 1740 non
974 1664 1092 1740 lucide
1114 1665 1371 1760 investigatur,
1397 1663 1514 1738 senio·

287 1801 343 1850 res
352 1775 545 1873 provincias
558 1787 793 1871 congregata,
805 1788 842 1851 et
856 1777 950 1852 iusta
964 1777 1054 1852 illud
1064 1778 1247 1874 interroga
1257 1790 1394 1876 patrem
1403 1785 1508 1850 tuum

287 1899 323 1964 et
343 1888 572 1962 annuntiabit
597 1888 673 1977 tibi,
699 1890 925 1988 presbyteros
951 1899 1030 1965 tuos
1056 1901 1091 1966 et
1117 1891 1238 1966 dicent
1263 1891 1340 1980 tibi,
1366 1889 1512 1965 facilius

287 2026 442 2099 namque
459 2001 656 2089 invenitur,
675 2003 767 2100 quod
784 2029 805 2076 a
823 2004 988 2101 pluribus
1006 2030 1120 2078 unum
1137 2005 1373 2080 sentientibus
1386 2002 1514 2102 quaeri·

244 2189 246 2193 ,
289 2126 350 2190 tur
364 2125 405 2189 ut
418 2115 591 2189 Dominus
608 2115 669 2188 ait.
683 2115 721 2187 Si
736 2116 805 2189 duo
818 2141 862 2198 ex
874 2117 974 2192 vobis
987 2119 1232 2195 consenserint
1244 2143 1352 2216 super
1367 2127 1512 2192 terram.

291 2230 339 2301 Et
355 2236 486 2302 cetera.
511 2231 558 2301 nt
584 2227 725 2301 iterum.
742 2227 810 2301 Ubi
836 2231 870 2302 ll
896 2232 953 2307 rel
980 2237 1031 2306 Ill
1056 2234 1270 2328 congregati
1296 2231 1439 2306 fuerint.
1466 2234 1513 2304 Et

288 2351 417 2415 cetera.

855 2479 941 2563 lot.

386 2679 521 2748 Domno
545 2675 749 2748 beatissimo
774 2687 810 2750 et
837 2676 1141 2753 honorandissimo
1172 2681 1275 2754 fratri
1305 2677 1512 2753 Innocentio

292 2792 395 2885 Papae
409 2787 589 2875 Aurelius,
602 2788 806 2876 Numidius,
821 2791 1062 2882 Rusticianus
1075 2801 1110 2868 et
1123 2792 1233 2868 ceteri
1247 2790 1413 2889 Episcopi
1423 2790 1514 2864 Con·

289 2901 363 2976 cilii
388 2901 684 2996 Cartaginiensis,
704 2901 797 2976 inter
814 2914 943 2978 cetera.
961 2906 1060 2979 Dixit
1077 2914 1211 2981 sanotae
1228 2905 1338 2978 frater
1355 2901 1514 2979 caritati·

289 3041 344 3088 vae
356 3013 595 3088 intimandum
609 3014 776 3103 diximus,
789 3025 830 3089 ut
843 3018 1129 3093 statutisnostrae
1140 3014 1512 3093 mediocritatisetiam
1573 3072 1574 3076 η

290 3128 501 3226 Apostolicae
514 3128 614 3203 Sedis
626 3128 837 3205 adhibeatur
849 3133 1054 3222 auctoritas,
1068 3129 1130 3230 pro
1144 3131 1276 3207 tuenda
1292 3130 1409 3205 salute
1423 3127 1514 3203 mul·

288 3252 407 3316 torum
416 3252 453 3316 et
466 3242 698 3338 quorumdam
711 3244 947 3340 perversitate
960 3245 1070 3320 etiam
1085 3245 1309 3340 corrigenda.
1322 3246 1370 3317 Et
1382 3249 1512 3317 cetera.

864 3464 969 3548 xoss.

387 3687 600 3763 Celestinus.
619 3691 695 3764 Nec
712 3689 872 3764 emeritis
889 3689 928 3762 in
941 3690 1018 3764 suis
1030 3689 1193 3765 ecclesiis
1207 3688 1387 3788 peregrini
1404 3697 1441 3763 et
1457 3713 1515 3763 ex·

292 3802 459 3877 transiet
483 3803 545 3901 qui
570 3813 654 3877 ante
679 3804 838 3897 ignorati
862 3802 1017 3876 suntad
1042 3802 1282 3879 exclusionem
1308 3826 1429 3877 eorum
1452 3800 1513 3898 qui

291 3915 381 3990 bene
398 3938 543 3989 suorum
563 3915 700 3990 civium
719 3926 902 3992 merentur
918 3915 1163 3991 testimonium
1182 3924 1443 4014 praeponantur.

845 4146 968 4231 XOlll.

389 4369 521 4443 Nullus
533 4368 659 4443 invitis
671 4369 775 4444 detur
788 4370 994 4469 Episcopus.
1007 4371 1103 4446 Cleri
1117 4370 1228 4469 plebis
1241 4380 1277 4446 et
1289 4370 1423 4446 ordinis
1432 4393 1513 4447 con·

294 4507 421 4556 seusus
438 4493 474 4557 et
489 4482 702 4557 desiderium
721 4483 935 4581 requiratur.
952 4486 1054 4558 Tunc
1071 4483 1164 4557 alter
1176 4484 1218 4557 de
1230 4483 1342 4558 altera
1356 4481 1516 4579 eligatur
