3608 5498
820 413 1016 476 -164-

312 535 344 602 V
364 532 532 630 Synodus
550 543 673 608 contra
691 534 761 608 tria
778 534 946 633 capitula.
965 534 1126 631 Vigilius
1150 557 1235 609 vero
1253 537 1434 609 Romanus
1450 557 1533 610 con·

309 646 538 722 venientibus
555 649 723 724 consedit.
748 649 908 724 Dimisus
924 659 1045 724 autem
1062 648 1108 723 ab
1125 651 1352 747 Imperatore,
1369 648 1407 721 in
1422 647 1531 722 Hilli·

309 760 382 834 rico
399 761 550 836 moritur
568 762 708 838 rediens
725 767 882 839 Romam.

825 966 1020 1052 CCXXXV.

779 1171 861 1224 Item
875 1172 908 1222 in
920 1168 1047 1224 eadem.

400 1330 525 1404 Mundi
536 1355 629 1405 anno
639 1309 699 1406 VI
710 1331 963 1407 CCVIdivinoe
973 1330 1336 1407 lucarnationisanno
1349 1331 1527 1420 DCCVII,

303 1465 398 1517 anno
415 1447 450 1517 II
467 1443 646 1518 Arthemii
664 1445 902 1542 Imperatoris,
926 1444 1098 1520 electione
1115 1456 1151 1521 et
1172 1445 1421 1544 approbatione
1447 1445 1528 1520 reli-

302 1555 586 1650 giosissimorum
605 1557 900 1658 presbyterorum
926 1567 962 1634 et
978 1560 1214 1635 Diacouorum
1241 1570 1276 1634 et
1292 1559 1402 1634 totius
1419 1582 1527 1634 vene·

303 1670 426 1745 rabilis
444 1671 551 1761 Cleri,
569 1672 732 1771 sacrique
750 1682 896 1748 senatus
912 1681 948 1748 et
973 1673 1082 1748 amici
1105 1673 1239 1748 Christi
1267 1673 1386 1774 populi
1403 1698 1425 1747 a
1451 1675 1524 1750 Deo

302 1785 555 1859 conservandae
580 1783 690 1859 huius
717 1786 827 1882 regiae
848 1786 959 1878 urbi-s,
976 1787 1099 1876 divina
1124 1788 1254 1884 gratia,
1280 1812 1360 1885 quoe
1385 1811 1525 1886 semper

299 1896 441 1971 infirma
460 1909 574 1989 curat,
591 1908 628 1974 et
644 1925 686 1974 ea
699 1925 778 1999 quae
795 1911 881 1975 sunt
897 1899 1078 1997 adimplet,
1091 1900 1279 1974 transtulit
1297 1903 1522 1975 Germanum

299 2013 566 2088 sanctissimum
586 2011 785 2112 'praesulem
811 2014 1092 2091 Cizicinensium
1120 2012 1350 2112 metropoleos
1375 2013 1414 2086 in
1441 2013 1523 2111 Epi·

299 2148 445 2223 scopum
463 2126 573 2201 huius
586 2152 606 2199 a
620 2129 691 2202 Deo
708 2129 948 2203 conservande
968 2127 1067 2201 urbis
1084 2127 1329 2225 imperatorius.
1344 2130 1454 2202 Facta
1465 2136 1523 2202 est

234 2326 246 2339 ι
298 2249 419 2313 autem
447 2264 602 2337 praesens
627 2241 814 2316 translatio
831 2242 868 2315 in
891 2241 1080 2340 praesentia
1097 2240 1286 2316 Michaelis
1302 2240 1521 2317 sanctissimi

297 2352 496 2451 presbyteri
516 2363 551 2429 et
567 2354 774 2452 apocrisarii
793 2355 1004 2453 Apostolicae
1022 2355 1132 2430 Sedis

799 2558 1011 2643 ooxxxvl.

577 2760 772 2814 constitutio
785 2760 1001 2814 Valentiniani
1012 2761 1229 2826 Imperatoris.

389 2923 584 3018 Imperator
601 2923 880 2998 Valentinianus
896 2928 1086 3020 Augustus
1102 2922 1267 2997 omnibus
1284 2922 1353 2999 sub
1368 2922 1517 3021 imperio
1573 2921 1576 2924 ⁴

294 3041 436 3110 aeternae
453 3034 552 3110 urbis
574 3039 692 3111 Rom'ae
710 3035 841 3135 ubique
858 3045 1036 3111 terrarum
1054 3036 1278 3134 degentibus
1296 3037 1443 3112 Certum
1461 3049 1517 3112 est

292 3158 328 3223 et
353 3147 453 3222 nobis
469 3157 505 3223 et
523 3149 670 3246 imperio
686 3159 807 3224 nostro
817 3149 972 3225 unicum
990 3174 1066 3225 esse
1084 3148 1288 3248 praesidium
1306 3150 1345 3224 in
1361 3174 1516 3248 superne

292 3262 493 3337 divinitatis
505 3265 639 3355 favore,
651 3264 696 3338 ad
709 3288 815 3362 quem
830 3264 1103 3362 promerendum
1117 3263 1294 3362 praecipue
1307 3262 1516 3339 christiano·

292 3402 373 3455 rum
391 3377 477 3477 fides
493 3389 529 3453 et
550 3379 753 3454 veneranda
771 3376 871 3453 nobis
889 3375 1017 3473 religio
1033 3376 1265 3474 suffragatur.
1282 3377 1375 3452 Cum
1397 3376 1515 3474 igitur

290 3489 384 3565 sedis
395 3491 595 3588 apostolice
612 3494 818 3589 primatum,
836 3490 960 3566 Sancti
974 3488 1072 3565 Petri
1087 3489 1255 3563 meritum
1273 3489 1334 3587 qui
1348 3487 1514 3587 princeps

289 3614 344 3679 cst
356 3604 567 3704 episcopalis
579 3629 716 3682 coronae
726 3615 762 3682 et
771 3628 924 3680 romanae
933 3602 1274 3701 dignitascivitatis,
1283 3603 1512 3679 sacraeetiam

287 3717 402 3792 sinodi
427 3720 544 3794 firmet
567 3720 774 3808 auctoritas
799 3743 843 3794 ne
871 3716 956 3816 quid
981 3725 1112 3816 praeter
1140 3715 1392 3791 auctoritatem
1417 3716 1513 3792 sedis

288 3827 393 3905 istius
411 3830 538 3908 illicita
555 3833 783 3932 presumptio
804 3839 1017 3928 attemptare
1033 3829 1182 3919 nitatur,
1199 3839 1288 3905 tuno
1312 3853 1382 3927 pax
1399 3828 1512 3904 eccle·

288 3942 422 4018 siarum
442 3945 572 4043 ubique
589 3946 802 4035 servabitur,
819 3946 850 4019 si
868 3955 1041 4020 rectorem
1058 3970 1165 4019 suum
1179 3952 1353 4040 agnoscat
1365 3943 1511 4019 univer·

287 4055 386 4147 sitas,
402 4057 479 4134 haeo
497 4083 581 4134 oum
598 4070 748 4135 actenus
765 4057 1022 4133 inviolabiliter
1042 4057 1178 4132 fuerint
1202 4057 1380 4133 custodita
1398 4057 1511 4157 Hyla·

287 4169 363 4244 rius
386 4172 606 4247 Arelatensis
632 4173 740 4249 sicuti
766 4169 983 4249 venerabilis
1004 4169 1075 4243 viri
1101 4169 1229 4244 Leonis
1255 4174 1361 4268 Papoe
1390 4173 1511 4244 Romae

287 4281 489 4359 inconsulto
502 4286 677 4382 pontifice,
691 4287 824 4361 iudicia
837 4284 916 4360 sive
928 4283 1166 4358 ordinationes
1179 4283 1420 4381 episcoporum
1435 4283 1509 4359 sola

285 4395 486 4470 temeritate
516 4413 692 4495 usurpant
720 4398 866 4473 invasit.
894 4399 988 4470 Nam
1017 4396 1155 4496 aliquos
1185 4396 1310 4471 invitis
1342 4405 1379 4472 et
1408 4421 1509 4495 repu-

285 4507 849 4601 gnantibus-civibusordinarit.
865 4509 965 4598 Quod
979 4535 1092 4609 quum
1109 4534 1179 4585 non
1193 4510 1298 4588 facile
1310 4510 1355 4585 ab
1371 4511 1428 4586 bis
1444 4511 1506 4609 qui
