3608 5498
967 352 1141 416 ...22-

435 473 487 546 De
509 470 736 660 gresbypelris
761 481 796 548 et
821 472 989 548 Diaconis
1014 474 1075 572 qui
1101 473 1332 551 subscribunt
1357 476 1456 551 danti
1481 479 1657 559 Pontifici.

540 609 594 683 ap.
695 643 702 658 .

435 699 536 788 Quod
560 709 668 775 cartae
693 726 772 801 quae
797 702 839 776 de
863 711 1033 800 perpetua
1058 700 1274 778 alienatione
1299 704 1393 779 facte
1418 714 1515 796 suut,
1532 705 1657 784 inanes

505 831 600 896 sunt.
618 823 703 920 Cap.
720 825 765 897 X.
784 825 893 897 XLII.

434 936 533 1024 Quod
551 935 660 1011 liceat
683 936 831 1013 cuilibet
855 937 985 1012 clerico
1010 940 1108 1012 Rom.
1134 930 1305 1007 Ecclesiae
1330 954 1453 1007 rocem
1479 934 1657 1009 contradi·

507 1049 636 1124 ctionis
652 1049 788 1126 afferre.
806 1052 890 1149 Cap.
906 1053 1016 1125 XLII.

435 1166 484 1240 Ut
501 1162 650 1262 quilibet
666 1162 862 1262 Episcopus
878 1188 948 1238 nou
966 1163 1098 1239 vendat
1115 1186 1189 1237 rem
1204 1159 1374 1235 Ecclesiae
1391 1161 1593 1241 inconsulto
1612 1167 1656 1236 E·

506 1278 727 1376 piscoporum
746 1278 803 1354 vel
822 1279 1117 1377 Presbyterorum
1134 1274 1295 1351 concilio.
1320 1274 1404 1372 Cap.
1430 1277 1511 1350 XV.
1535 1279 1654 1352 XVII.

372 1422 384 1441 ’
439 1393 489 1467 Ut
505 1389 700 1489 Presbyter
726 1415 796 1466 non
821 1393 954 1468 vendat
978 1417 1055 1467 rem
1079 1388 1239 1467 ecclesiae
1256 1387 1458 1462 inconsulto
1478 1388 1658 1490 Episcopo.

507 1504 591 1603 Cap.
608 1507 725 1580 XVII.

436 1620 473 1694 Si
499 1620 666 1695 defuncto
691 1620 862 1719 Episcopo
887 1619 1094 1720 Presbyteri
1121 1615 1350 1693 vendiderint
1381 1641 1455 1690 rem
1485 1617 1657 1694 ecclesiae.
1731 1712 1733 1715 ι

509 1735 594 1832 Cap.
611 1736 709 1808 XIII.

435 1851 486 1922 De
497 1847 693 1922 redditibus
701 1845 861 1922 ecclesias
870 1847 1027 1922 viduato.
1037 1846 1121 1943 Cap.
1131 1849 1175 1917 V.
1185 1847 1224 1917 In
1235 1842 1293 1916 lib.
1303 1843 1335 1917 Ιο
1349 1868 1425 1940 cap.
1440 1844 1659 1920 CXXXVII.

434 1964 484 2036 Ut
502 1986 557 2036 res
574 1959 736 2037 ecclesiae
755 1960 860 2034 rebus
877 1959 1042 2058 Episcopi
1060 1981 1130 2032 nou
1150 1956 1378 2031 misceantur.
1397 1957 1481 2053 Cap.
1500 1961 1544 2032 II.

434 2075 535 2163 Quod
552 2073 748 2172 Episcopus
766 2073 871 2149 rebus
888 2073 1048 2149 ecclesiae
1065 2082 1248 2168 tamquam
1266 2070 1499 2145 commodatis
1524 2080 1658 2148 utatur.

508 2190 593 2288 Cap.
611 2193 710 2264 XXI.
1498 2263 1500 2266 .

436 2307 487 2380 De
504 2303 655 2402 propriis
673 2304 777 2380 rebus
794 2303 958 2402 Episcopi
976 2312 1013 2378 et
1029 2296 1256 2397 sequentium
1274 2296 1451 2371 ordinum.
1469 2299 1553 2396 Cap.
1579 2302 1659 2374 IIII.

509 2420 608 2492 XVI.
622 2420 703 2492 XX.
721 2420 849 2491 LXVI.
867 2417 1088 2493 CXXXIIII.
1103 2414 1207 2489 CXL.

435 2534 487 2607 De
499 2529 683 2629 Episcopis
695 2539 731 2604 et
744 2530 970 2629 Presbyteris
986 2528 1245 2626 usurpantibus
1258 2552 1314 2601 res
1327 2552 1475 2602 suarum
1493 2528 1660 2605 ecclesia-

509 2671 600 2720 rum.
617 2646 701 2743 Cap.
719 2648 872 2720 XXIIII.
889 2647 1054 2719 XLVIII.

437 2762 486 2836 Ut
498 2757 684 2834 ecclesiam
698 2757 833 2834 habens
846 2757 1073 2855 Episcopum,
1084 2755 1257 2831 habeatet
1269 2756 1515 2832 oechonomum
1529 2757 1571 2832 de
1585 2782 1662 2857 pro-

507 2874 583 2972 prIo
599 2873 704 2949 clero.
717 2875 803 2972 Cap.
820 2877 864 2948 V.
882 2883 918 2948 et
935 2876 1027 2947 LXI.
1044 2879 1080 2945 et
1097 2869 1135 2942 in
1153 2872 1204 2944 IIo
1221 2870 1282 2944 lib.
1299 2895 1376 2969 cap.
1394 2874 1437 2945 V.

435 2992 488 3064 De
505 2986 585 3062 vice
602 2986 743 3063 domino
760 2987 937 3085 Episcopi,
954 2997 990 3062 et
1008 2984 1139 3059 maiore
1163 2984 1287 3059 domus
1312 2983 1400 3060 eius.
1425 2988 1468 3061 In
1494 2987 1544 3059 11⁰
1570 2984 1661 3059 libro

508 3126 584 3198 cap.
602 3103 711 3175 LIIII.

437 3220 485 3292 Ut
502 3215 698 3312 Episcopus
716 3238 772 3289 res
789 3213 939 3289 ecclesie
956 3213 1136 3311 dispenset
1153 3237 1215 3311 per
1233 3213 1466 3312 Presbyteros
1480 3223 1516 3289 ct
1535 3213 1662 3288 Diaco

508 3352 586 3403 nos.
603 3329 689 3426 Cap.
707 3331 733 3402 I.
750 3338 787 3403 et
805 3333 848 3402 V.
866 3329 903 3401 in
922 3331 972 3402 11⁰
991 3328 1050 3402 lib.
1067 3352 1143 3426 cap.
1161 3329 1327 3404 CXXVI.

437 3447 487 3521 Ut
503 3443 699 3540 Episcopus
715 3451 751 3517 et
768 3443 961 3541 Presbyter
977 3442 1086 3517 etiam
1104 3466 1208 3541 poma
1223 3443 1387 3518 dividant
1399 3453 1482 3519 cu'm
1496 3443 1578 3517 allis
1591 3444 1660 3519 cle-

513 3556 609 3631 ricis.
626 3556 711 3653 Cap.
728 3557 789 3629 III.

437 3675 490 3748 De
502 3670 702 3771 quantitate
717 3672 915 3769 portionum
928 3670 1151 3747 clericorum.
1165 3671 1249 3769 Cap.
1258 3673 1448 3745 XXXVII.
1456 3672 1663 3745 XXXVIII.

513 3789 659 3863 LXXX.
677 3789 860 3861 LXXXV.
878 3787 1006 3861 CXVI.
1024 3783 1113 3860 etin
1132 3786 1183 3858 11⁰
1201 3783 1260 3859 lib.
1278 3785 1479 3860 CXXVIII.

437 3904 487 3978 Ut
515 3900 730 3998 dispensatio
761 3899 1005 3977 ecclesiastica
1038 3905 1116 3974 siue
1150 3899 1352 3974 testimonio
1381 3924 1453 3975 non
1486 3898 1544 3973 sit.
1578 3900 1663 3997 Cap.

510 4016 685 4089 XXVIII.
702 4014 740 4087 iu
759 4017 809 4089 ΙΙο
827 4013 886 4088 lib.
905 4039 980 4111 cap.
999 4016 1043 4087 V.

438 4129 538 4216 Quod
554 4129 673 4201 omnia
693 4152 771 4224 quae
796 4138 882 4202 sunt
898 4128 1058 4203 ecclesio>
1080 4138 1163 4203 nota
1180 4127 1309 4202 debent
1334 4151 1411 4202 esse
1437 4123 1664 4222 Presbyteris

511 4251 548 4316 et
566 4241 742 4315 Diaconis.
761 4242 846 4340 Cap.
863 4246 981 4317 XXII.

439 4357 490 4430 De
506 4355 678 4453 Episcopo
694 4354 756 4452 qui
774 4381 829 4430 res
845 4356 1007 4432 ecclesiae
1023 4381 1093 4432 non
1111 4382 1195 4431 cum
1213 4356 1341 4431 notitia
1368 4355 1664 4454 Presbyterorum

511 4478 546 4546 et
563 4469 801 4546 Diaconorum
820 4480 961 4546 tractat.
979 4472 1063 4569 Cap.
1076 4473 1211 4547 XXIII.
