3608 5498
814 381 988 444 ..¹70-

287 505 368 579 fidoi
382 503 588 581 Christiane
601 503 758 601 percepit
771 503 815 577 ab
827 503 1034 579 auctoribus
1048 503 1125 579 suis
1139 503 1386 602 Apostolorum
1405 505 1509 580 Chri·

286 619 333 694 sti
351 617 573 718 principibus
585 615 723 691 illibata
738 616 776 689 in
790 626 954 694 eternum
970 630 1091 694 manet
1103 618 1300 696 secundum
1315 619 1429 717 ipsius
1443 621 1510 694 Do

290 732 379 808 mini
390 732 588 807 Salvatoris
600 730 760 806 divinam
774 732 1079 830 pollicitationem,
1088 732 1150 830 qui
1163 755 1308 808 suorum
1323 732 1512 830 discipulo·

289 873 370 923 rum
383 846 536 946 principi
555 846 593 919 in
610 846 686 920 suis
702 845 821 922 iactus
837 856 894 922 est
905 844 1116 941 evangeliis.
1129 848 1235 922 Petre
1248 846 1414 944 inquiens
1426 869 1510 922 ecce

288 963 415 1038 sathan
428 960 601 1060 expetivit
614 970 655 1036 ut
667 960 841 1036 cribraret
854 984 916 1035 vos
929 959 1095 1058 sicutqui
1106 959 1241 1035 cribrat
1250 959 1422 1035 triticum.
1431 961 1511 1056 Ego

288 1085 407 1151 autem
429 1073 555 1170 rogavi
573 1096 635 1171 pro
652 1083 688 1148 tc
706 1083 833 1148 utnon
851 1073 994 1149 deficiat
1010 1073 1097 1149 fides
1115 1085 1177 1147 tua
1195 1082 1232 1149 et
1255 1084 1295 1149 tu
1317 1073 1510 1172 aliquando

289 1212 484 1264 conversus
500 1187 670 1263 confirma
687 1188 819 1262 fratres
836 1196 925 1262 tuos.

838 1415 977 1500 LXVII.

284 1701 287 1707 -
388 1643 573 1719 Dionisius
589 1644 786 1742 Episcopus
804 1646 935 1719 Severo
952 1643 1133 1742 Episcopo.
1159 1642 1253 1717 Olim
1279 1653 1316 1718 et
1339 1644 1385 1718 ab
1408 1642 1513 1719 initio

295 1769 432 1835 tantam
450 1757 675 1856 percepimus
691 1782 712 1830 a
728 1757 831 1832 beato
848 1760 954 1832 Petro
973 1756 1218 1854 Apostolorum
1240 1756 1400 1854 principe
1425 1757 1514 1832 fidu-

292 1873 385 1949 ciam
404 1881 445 1946 ut
461 1872 656 1947 habeamus
673 1871 923 1947 auctoritatem
942 1870 1139 1945 universali
1157 1870 1317 1946 ecclosiae
1338 1871 1514 1947 auxilian-

292 1996 327 2060 te
346 1984 495 2060 Domino
511 1985 713 2074 subvenire,
725 1994 761 2060 et
774 1983 946 2082 quidquid
959 1984 1127 2059 nocivum
1141 1993 1196 2060 est
1208 1985 1421 2060 auctoritate
1434 2009 1515 2082 apo

281 2087 419 2175 ‘stolica
437 2099 617 2194 corrigere
635 2108 671 2174 et
688 2099 885 2173 emendare.

826 2326 984 2410 LXVIII.

391 2546 493 2622 Felix
506 2543 702 2644 Episcopus
715 2546 947 2622 dilectissimo
964 2542 1067 2619 fratri
1080 2553 1116 2618 ct
1128 2545 1330 2642 coepiscopo
1342 2545 1515 2643 Benigno.

295 2664 443 2758 Semper
455 2660 562 2735 dubia
576 2671 612 2735 et
626 2659 759 2735 maiora
772 2661 916 2758 negotia
929 2657 1125 2734 terminum
1137 2658 1181 2733 ab
1197 2658 1265 2734 hac
1282 2668 1407 2734 sancta
1425 2661 1515 2736 Sede

294 2801 316 2847 a
332 2784 489 2871 tempore
507 2775 751 2872 Apostolorum
770 2776 831 2873 qui
849 2801 927 2851 eam
942 2774 1017 2848 suis
1030 2774 1253 2849 documentis
1266 2772 1517 2852 instruxerunt

296 2889 457 2988 accipere
470 2899 745 2964 consueverunt.
759 2891 855 2965 Idem
869 2889 1036 2989 inprims
1050 2888 1201 2964 ecclesia
1215 2888 1253 2962 in
1266 2913 1426 2986 congruo
1438 2890 1515 2966 loco

295 3002 389 3077 intra
406 3003 627 3100 provinciam
644 3003 758 3101 ipsam
776 2995 932 3101 temporo
949 3026 1110 3099 congruo
1127 3001 1219 3077 idest
1235 3003 1439 3078 autumnali
1457 3004 1516 3080 vel

296 3116 411 3192 estivo
427 3115 619 3191 concilium
640 3115 857 3211 regulariter
873 3116 1063 3192 convocari
1081 3116 1193 3204 debet,
1211 3115 1261 3190 ita
1280 3127 1320 3192 ut
1336 3117 1382 3193 ab
1405 3117 1518 3193 omni·

296 3229 363 3304 bus
380 3229 538 3305 eiusdem
556 3229 738 3327 provincie
757 3231 940 3328 Episcopis
958 3229 1045 3306 illuc
1062 3229 1308 3306 conveniatur.

821 3460 996 3544 lllllllll.

393 3686 507 3762 Gaius
523 3685 753 3762 dilectissimo
770 3687 872 3762 fratri
887 3687 998 3764 Felici
1012 3687 1193 3787 Episcopo.
1206 3691 1439 3788 Quacumque
1452 3690 1519 3764 dif-

299 3800 412 3876 ficiles
430 3800 632 3898 questiones
649 3824 711 3897 per
728 3801 893 3899 singulas
910 3801 1113 3900 provincias
1130 3812 1249 3877 exorte
1267 3802 1411 3892 suerint
1428 3827 1519 3879 sem·

300 3941 362 4015 per
377 3917 422 3991 ad
440 3917 563 3992 Sedem
584 3915 822 4013 Apostolioam
842 3916 1053 3991 referantur.

852 4146 955 4231 LXX.

397 4373 590 4449 Marcellus
606 4372 849 4450 dilectissimis
866 4359 1037 4449 fratribus
1060 4372 1241 4449 universis
1257 4372 1442 4471 Episcopis
1459 4397 1521 4471 per

303 4487 529 4565 Antiochiam
548 4487 762 4564 constitutis.
779 4488 817 4563 Si
836 4499 955 4564 vestra
970 4488 1190 4566 Antiochena
1209 4513 1288 4587 que
1305 4487 1388 4563 olim
1407 4487 1521 4586 prima
