<?xml version="1.0" encoding="UTF-8"?>
<!DOCTYPE html PUBLIC "-//W3C//DTD XHTML 1.0 Transitional//EN"
    "http://www.w3.org/TR/xhtml1/DTD/xhtml1-transitional.dtd">
<html xmlns="http://www.w3.org/1999/xhtml" xml:lang="en" lang="en">
 <head>
  <title>
</title>
<meta http-equiv="Content-Type" content="text/html;charset=utf-8" />
  <meta name='ocr-system' content='tesseract 3.04.00' />
  <meta name='ocr-capabilities' content='ocr_page ocr_carea ocr_par ocr_line ocrx_word'/>
</head>
<body>
  <div class='ocr_page' id='page_1' title='image "./collectiocanonu00deusgoog_0396.png"; bbox 0 0 3608 5498; ppageno 0'>
   <div class='ocr_carea' id='block_1_1' title="bbox 810 413 1006 477">
    <p class='ocr_par' dir='ltr' id='par_1_1' title="bbox 810 413 1006 477">
     <span class='ocr_line' id='line_1_1' title="bbox 810 413 1006 477; baseline 0.005 -1"><span class='ocrx_word' id='word_1_1' title='bbox 810 413 1006 477; x_wconf 82' lang='lat'>-365-</span> 
     </span>
    </p>
   </div>
   <div class='ocr_carea' id='block_1_2' title="bbox 296 534 1527 1319">
    <p class='ocr_par' dir='ltr' id='par_1_2' title="bbox 296 534 1527 1319">
     <span class='ocr_line' id='line_1_2' title="bbox 298 534 1519 635; baseline 0.003 -27"><span class='ocrx_word' id='word_1_2' title='bbox 298 534 440 631; x_wconf 84' lang='lat' dir='ltr'>legibus</span> <span class='ocrx_word' id='word_1_3' title='bbox 456 535 530 610; x_wconf 87' lang='lat' dir='ltr'>tuis</span> <span class='ocrx_word' id='word_1_4' title='bbox 547 536 616 635; x_wconf 90' lang='lat' dir='ltr'>ipsi</span> <span class='ocrx_word' id='word_1_5' title='bbox 633 558 771 635; x_wconf 89' lang='lat' dir='ltr'>qnoque</span> <span class='ocrx_word' id='word_1_6' title='bbox 797 535 984 633; x_wconf 82' lang='lat' dir='ltr'>religionis</span> <span class='ocrx_word' id='word_1_7' title='bbox 1012 545 1184 635; x_wconf 80' lang='lat' dir='ltr'>apparent</span> <span class='ocrx_word' id='word_1_8' title='bbox 1199 537 1381 613; x_wconf 82' lang='lat' dir='ltr'>antistites</span> <span class='ocrx_word' id='word_1_9' title='bbox 1397 562 1442 613; x_wconf 92' lang='lat' dir='ltr'>ne</span> <span class='ocrx_word' id='word_1_10' title='bbox 1460 537 1519 614; x_wconf 81' lang='lat' dir='ltr'>rel</span> 
     </span>
     <span class='ocr_line' id='line_1_3' title="bbox 299 648 1520 751; baseline 0.005 -30"><span class='ocrx_word' id='word_1_11' title='bbox 299 648 337 723; x_wconf 90' lang='lat' dir='ltr'>in</span> <span class='ocrx_word' id='word_1_12' title='bbox 355 649 460 725; x_wconf 87' lang='lat' dir='ltr'>rebus</span> <span class='ocrx_word' id='word_1_13' title='bbox 479 650 668 735; x_wconf 91' lang='lat' dir='ltr'>mundanis</span> <span class='ocrx_word' id='word_1_14' title='bbox 685 649 829 726; x_wconf 86' lang='lat' dir='ltr'>excluse</span> <span class='ocrx_word' id='word_1_15' title='bbox 849 650 1040 727; x_wconf 89' lang='lat' dir='ltr'>videantur</span> <span class='ocrx_word' id='word_1_16' title='bbox 1064 651 1209 727; x_wconf 90' lang='lat' dir='ltr'>obviare</span> <span class='ocrx_word' id='word_1_17' title='bbox 1234 652 1433 739; x_wconf 81' lang='lat' dir='ltr'>sententiae,</span> <span class='ocrx_word' id='word_1_18' title='bbox 1449 675 1520 751; x_wconf 92' lang='lat' dir='ltr'>quo</span> 
     </span>
     <span class='ocr_line' id='line_1_4' title="bbox 297 763 1520 865; baseline 0.004 -28"><span class='ocrx_word' id='word_1_19' title='bbox 297 773 407 838; x_wconf 91' lang='lat' dir='ltr'>orote</span> <span class='ocrx_word' id='word_1_20' title='bbox 425 763 527 839; x_wconf 89' lang='lat' dir='ltr'>decet</span> <span class='ocrx_word' id='word_1_21' title='bbox 543 764 674 839; x_wconf 86' lang='lat' dir='ltr'>affectu</span> <span class='ocrx_word' id='word_1_22' title='bbox 691 765 743 839; x_wconf 90' lang='lat' dir='ltr'>eis</span> <span class='ocrx_word' id='word_1_23' title='bbox 760 764 929 840; x_wconf 89' lang='lat' dir='ltr'>convenit</span> <span class='ocrx_word' id='word_1_24' title='bbox 944 765 1095 852; x_wconf 76' lang='lat' dir='ltr'>obedire,</span> <span class='ocrx_word' id='word_1_25' title='bbox 1113 766 1173 864; x_wconf 91' lang='lat' dir='ltr'>qui</span> <span class='ocrx_word' id='word_1_26' title='bbox 1201 766 1444 865; x_wconf 81' lang='lat' dir='ltr'>praerogandis</span> <span class='ocrx_word' id='word_1_27' title='bbox 1460 791 1520 842; x_wconf 84' lang='lat' dir='ltr'>ve·</span> 
     </span>
     <span class='ocr_line' id='line_1_5' title="bbox 296 876 1520 977; baseline 0.006 -28"><span class='ocrx_word' id='word_1_28' title='bbox 296 876 515 952; x_wconf 89' lang='lat' dir='ltr'>uerabilibus</span> <span class='ocrx_word' id='word_1_29' title='bbox 543 887 629 952; x_wconf 90' lang='lat' dir='ltr'>sunt</span> <span class='ocrx_word' id='word_1_30' title='bbox 654 877 817 953; x_wconf 84' lang='lat' dir='ltr'>attributi</span> <span class='ocrx_word' id='word_1_31' title='bbox 845 881 1038 977; x_wconf 79' lang='lat' dir='ltr'>mysteriis.</span> <span class='ocrx_word' id='word_1_32' title='bbox 1055 882 1206 956; x_wconf 82' lang='lat' dir='ltr'>Proinde</span> <span class='ocrx_word' id='word_1_33' title='bbox 1231 882 1328 955; x_wconf 88' lang='lat' dir='ltr'>sicut</span> <span class='ocrx_word' id='word_1_34' title='bbox 1352 904 1423 956; x_wconf 94' lang='lat' dir='ltr'>non</span> <span class='ocrx_word' id='word_1_35' title='bbox 1440 881 1520 956; x_wconf 87' lang='lat' dir='ltr'>levo</span> 
     </span>
     <span class='ocr_line' id='line_1_6' title="bbox 297 992 1527 1093; baseline 0.002 -27"><span class='ocrx_word' id='word_1_36' title='bbox 297 992 489 1070; x_wconf 86' lang='lat' dir='ltr'>discrimen</span> <span class='ocrx_word' id='word_1_37' title='bbox 507 994 684 1069; x_wconf 85' lang='lat' dir='ltr'>incumbit</span> <span class='ocrx_word' id='word_1_38' title='bbox 701 993 927 1091; x_wconf 90' lang='lat' dir='ltr'>pontificibus</span> <span class='ocrx_word' id='word_1_39' title='bbox 943 994 1086 1070; x_wconf 88' lang='lat' dir='ltr'>siluisse</span> <span class='ocrx_word' id='word_1_40' title='bbox 1110 1018 1172 1093; x_wconf 93' lang='lat' dir='ltr'>pro</span> <span class='ocrx_word' id='word_1_41' title='bbox 1196 993 1398 1069; x_wconf 88' lang='lat' dir='ltr'>divinitatis</span> <span class='ocrx_word' id='word_1_42' title='bbox 1416 994 1527 1071; x_wconf 90' lang='lat' dir='ltr'>cultu</span> 
     </span>
     <span class='ocr_line' id='line_1_7' title="bbox 297 1104 1520 1206; baseline 0.002 -27"><span class='ocrx_word' id='word_1_43' title='bbox 297 1106 390 1202; x_wconf 94' lang='lat' dir='ltr'>quod</span> <span class='ocrx_word' id='word_1_44' title='bbox 406 1106 586 1202; x_wconf 77' lang='lat' dir='ltr'>congruit,</span> <span class='ocrx_word' id='word_1_45' title='bbox 599 1107 650 1181; x_wconf 87' lang='lat' dir='ltr'>ita</span> <span class='ocrx_word' id='word_1_46' title='bbox 665 1104 724 1180; x_wconf 92' lang='lat' dir='ltr'>bis</span> <span class='ocrx_word' id='word_1_47' title='bbox 740 1107 832 1204; x_wconf 93' lang='lat' dir='ltr'>quod</span> <span class='ocrx_word' id='word_1_48' title='bbox 848 1105 943 1181; x_wconf 88' lang='lat' dir='ltr'>absit</span> <span class='ocrx_word' id='word_1_49' title='bbox 959 1131 1028 1182; x_wconf 92' lang='lat' dir='ltr'>non</span> <span class='ocrx_word' id='word_1_50' title='bbox 1048 1108 1223 1183; x_wconf 81' lang='lat' dir='ltr'>mediocre</span> <span class='ocrx_word' id='word_1_51' title='bbox 1239 1107 1439 1206; x_wconf 89' lang='lat' dir='ltr'>periculum</span> <span class='ocrx_word' id='word_1_52' title='bbox 1454 1117 1520 1197; x_wconf 70' lang='lat' dir='ltr'>est,</span> 
     </span>
     <span class='ocr_line' id='line_1_8' title="bbox 296 1217 1519 1319; baseline 0 -25"><span class='ocrx_word' id='word_1_53' title='bbox 296 1219 358 1319; x_wconf 93' lang='lat' dir='ltr'>qui</span> <span class='ocrx_word' id='word_1_54' title='bbox 376 1244 459 1295; x_wconf 89' lang='lat' dir='ltr'>cum</span> <span class='ocrx_word' id='word_1_55' title='bbox 477 1219 627 1295; x_wconf 86' lang='lat' dir='ltr'>debcant</span> <span class='ocrx_word' id='word_1_56' title='bbox 643 1244 768 1319; x_wconf 86' lang='lat' dir='ltr'>parere</span> <span class='ocrx_word' id='word_1_57' title='bbox 789 1217 1001 1318; x_wconf 82' lang='lat' dir='ltr'>despiciunt.</span> <span class='ocrx_word' id='word_1_58' title='bbox 1019 1223 1065 1294; x_wconf 86' lang='lat' dir='ltr'>Et</span> <span class='ocrx_word' id='word_1_59' title='bbox 1082 1220 1112 1294; x_wconf 90' lang='lat' dir='ltr'>si</span> <span class='ocrx_word' id='word_1_60' title='bbox 1129 1219 1273 1296; x_wconf 90' lang='lat' dir='ltr'>cunctis</span> <span class='ocrx_word' id='word_1_61' title='bbox 1288 1219 1519 1315; x_wconf 83' lang='lat' dir='ltr'>generalibus</span> 
     </span>
    </p>
   </div>
   <div class='ocr_carea' id='block_1_3' title="bbox 288 1332 1522 4156">
    <p class='ocr_par' dir='ltr' id='par_1_3' title="bbox 288 1332 1522 4156">
     <span class='ocr_line' id='line_1_9' title="bbox 296 1332 1518 1409; baseline -0.002 -2"><span class='ocrx_word' id='word_1_62' title='bbox 296 1335 537 1409; x_wconf 89' lang='lat' dir='ltr'>sacerdotibus</span> <span class='ocrx_word' id='word_1_63' title='bbox 550 1344 646 1409; x_wconf 88' lang='lat' dir='ltr'>recte</span> <span class='ocrx_word' id='word_1_64' title='bbox 660 1333 783 1408; x_wconf 90' lang='lat' dir='ltr'>divina</span> <span class='ocrx_word' id='word_1_65' title='bbox 796 1334 1038 1409; x_wconf 81' lang='lat' dir='ltr'>tractantibus</span> <span class='ocrx_word' id='word_1_66' title='bbox 1055 1332 1216 1409; x_wconf 91' lang='lat' dir='ltr'>fidelium</span> <span class='ocrx_word' id='word_1_67' title='bbox 1230 1333 1400 1409; x_wconf 90' lang='lat' dir='ltr'>convenit</span> <span class='ocrx_word' id='word_1_68' title='bbox 1411 1332 1518 1408; x_wconf 88' lang='lat' dir='ltr'>corda</span> 
     </span>
     <span class='ocr_line' id='line_1_10' title="bbox 295 1446 1520 1547; baseline 0 -28"><span class='ocrx_word' id='word_1_69' title='bbox 295 1446 460 1522; x_wconf 88' lang='lat' dir='ltr'>submitti</span> <span class='ocrx_word' id='word_1_70' title='bbox 477 1457 611 1547; x_wconf 90' lang='lat' dir='ltr'>quanto</span> <span class='ocrx_word' id='word_1_71' title='bbox 627 1447 745 1546; x_wconf 91' lang='lat' dir='ltr'>potius</span> <span class='ocrx_word' id='word_1_72' title='bbox 758 1447 852 1523; x_wconf 89' lang='lat' dir='ltr'>sedis</span> <span class='ocrx_word' id='word_1_73' title='bbox 865 1447 963 1521; x_wconf 91' lang='lat' dir='ltr'>illius</span> <span class='ocrx_word' id='word_1_74' title='bbox 976 1446 1121 1545; x_wconf 83' lang='lat' dir='ltr'>praesuli</span> <span class='ocrx_word' id='word_1_75' title='bbox 1139 1470 1334 1522; x_wconf 89' lang='lat' dir='ltr'>consensus</span> <span class='ocrx_word' id='word_1_76' title='bbox 1350 1446 1520 1521; x_wconf 89' lang='lat' dir='ltr'>adhiben-</span> 
     </span>
     <span class='ocr_line' id='line_1_11' title="bbox 295 1559 1521 1660; baseline 0.001 -27"><span class='ocrx_word' id='word_1_77' title='bbox 295 1560 362 1635; x_wconf 86' lang='lat' dir='ltr'>dus</span> <span class='ocrx_word' id='word_1_78' title='bbox 378 1571 444 1651; x_wconf 82' lang='lat' dir='ltr'>est,</span> <span class='ocrx_word' id='word_1_79' title='bbox 460 1585 566 1660; x_wconf 91' lang='lat' dir='ltr'>quem</span> <span class='ocrx_word' id='word_1_80' title='bbox 587 1561 731 1637; x_wconf 90' lang='lat' dir='ltr'>cunctis</span> <span class='ocrx_word' id='word_1_81' title='bbox 747 1560 988 1637; x_wconf 88' lang='lat' dir='ltr'>sacerdotibus</span> <span class='ocrx_word' id='word_1_82' title='bbox 1004 1571 1041 1637; x_wconf 87' lang='lat' dir='ltr'>ct</span> <span class='ocrx_word' id='word_1_83' title='bbox 1057 1560 1229 1636; x_wconf 87' lang='lat' dir='ltr'>divinitas</span> <span class='ocrx_word' id='word_1_84' title='bbox 1245 1585 1387 1636; x_wconf 91' lang='lat' dir='ltr'>summa</span> <span class='ocrx_word' id='word_1_85' title='bbox 1404 1559 1521 1635; x_wconf 85' lang='lat' dir='ltr'>voluit</span> 
     </span>
     <span class='ocr_line' id='line_1_12' title="bbox 295 1674 1522 1775; baseline 0.002 -29"><span class='ocrx_word' id='word_1_86' title='bbox 295 1674 515 1772; x_wconf 73' lang='lat' dir='ltr'>praeminere,</span> <span class='ocrx_word' id='word_1_87' title='bbox 528 1685 565 1751; x_wconf 86' lang='lat' dir='ltr'>et</span> <span class='ocrx_word' id='word_1_88' title='bbox 576 1674 797 1775; x_wconf 85' lang='lat' dir='ltr'>subsequens</span> <span class='ocrx_word' id='word_1_89' title='bbox 810 1674 982 1750; x_wconf 74' lang='lat' dir='ltr'>acclesiae</span> <span class='ocrx_word' id='word_1_90' title='bbox 993 1674 1175 1771; x_wconf 85' lang='lat' dir='ltr'>generalis</span> <span class='ocrx_word' id='word_1_91' title='bbox 1188 1674 1323 1771; x_wconf 81' lang='lat' dir='ltr'>iugiter</span> <span class='ocrx_word' id='word_1_92' title='bbox 1336 1675 1449 1773; x_wconf 89' lang='lat' dir='ltr'>pietas</span> <span class='ocrx_word' id='word_1_93' title='bbox 1466 1698 1522 1749; x_wconf 89' lang='lat' dir='ltr'>ce-</span> 
     </span>
     <span class='ocr_line' id='line_1_13' title="bbox 295 1787 1520 1890; baseline 0.004 -30"><span class='ocrx_word' id='word_1_94' title='bbox 295 1787 458 1863; x_wconf 84' lang='lat' dir='ltr'>lebravit.</span> <span class='ocrx_word' id='word_1_95' title='bbox 475 1788 544 1864; x_wconf 92' lang='lat' dir='ltr'>Ubi</span> <span class='ocrx_word' id='word_1_96' title='bbox 563 1789 675 1886; x_wconf 89' lang='lat' dir='ltr'>pietas</span> <span class='ocrx_word' id='word_1_97' title='bbox 691 1798 755 1863; x_wconf 89' lang='lat' dir='ltr'>tua</span> <span class='ocrx_word' id='word_1_98' title='bbox 773 1789 959 1867; x_wconf 86' lang='lat' dir='ltr'>evidenter</span> <span class='ocrx_word' id='word_1_99' title='bbox 983 1800 1134 1881; x_wconf 81' lang='lat' dir='ltr'>avertat,</span> <span class='ocrx_word' id='word_1_100' title='bbox 1151 1815 1336 1890; x_wconf 88' lang='lat' dir='ltr'>nunquam</span> <span class='ocrx_word' id='word_1_101' title='bbox 1363 1789 1520 1888; x_wconf 89' lang='lat' dir='ltr'>quolibet</span> 
     </span>
     <span class='ocr_line' id='line_1_14' title="bbox 295 1901 1521 2003; baseline 0.002 -29"><span class='ocrx_word' id='word_1_102' title='bbox 295 1902 438 1998; x_wconf 90' lang='lat' dir='ltr'>penitus</span> <span class='ocrx_word' id='word_1_103' title='bbox 449 1901 608 1977; x_wconf 88' lang='lat' dir='ltr'>humano</span> <span class='ocrx_word' id='word_1_104' title='bbox 625 1903 772 1978; x_wconf 89' lang='lat' dir='ltr'>consilio</span> <span class='ocrx_word' id='word_1_105' title='bbox 788 1903 929 1980; x_wconf 89' lang='lat' dir='ltr'>elevare</span> <span class='ocrx_word' id='word_1_106' title='bbox 942 1928 980 1980; x_wconf 89' lang='lat' dir='ltr'>sc</span> <span class='ocrx_word' id='word_1_107' title='bbox 994 1929 1207 2003; x_wconf 88' lang='lat' dir='ltr'>quemquam</span> <span class='ocrx_word' id='word_1_108' title='bbox 1223 1928 1324 2002; x_wconf 91' lang='lat' dir='ltr'>posse</span> <span class='ocrx_word' id='word_1_109' title='bbox 1338 1903 1437 1977; x_wconf 91' lang='lat' dir='ltr'>illius</span> <span class='ocrx_word' id='word_1_110' title='bbox 1449 1903 1521 2002; x_wconf 91' lang='lat' dir='ltr'>pri·</span> 
     </span>
     <span class='ocr_line' id='line_1_15' title="bbox 295 2015 1519 2116; baseline 0 -27"><span class='ocrx_word' id='word_1_111' title='bbox 295 2015 431 2112; x_wconf 84' lang='lat' dir='ltr'>vilegio</span> <span class='ocrx_word' id='word_1_112' title='bbox 454 2016 514 2091; x_wconf 87' lang='lat' dir='ltr'>vel</span> <span class='ocrx_word' id='word_1_113' title='bbox 539 2016 752 2091; x_wconf 87' lang='lat' dir='ltr'>confessioni</span> <span class='ocrx_word' id='word_1_114' title='bbox 778 2040 884 2113; x_wconf 91' lang='lat' dir='ltr'>quem</span> <span class='ocrx_word' id='word_1_115' title='bbox 907 2019 1042 2094; x_wconf 80' lang='lat' dir='ltr'>Christi</span> <span class='ocrx_word' id='word_1_116' title='bbox 1069 2042 1139 2093; x_wconf 85' lang='lat' dir='ltr'>vox</span> <span class='ocrx_word' id='word_1_117' title='bbox 1156 2017 1304 2116; x_wconf 88' lang='lat' dir='ltr'>protulit</span> <span class='ocrx_word' id='word_1_118' title='bbox 1327 2017 1519 2106; x_wconf 87' lang='lat' dir='ltr'>universis,</span> 
     </span>
     <span class='ocr_line' id='line_1_16' title="bbox 294 2128 1519 2229; baseline -0.002 -25"><span class='ocrx_word' id='word_1_119' title='bbox 294 2155 400 2228; x_wconf 91' lang='lat' dir='ltr'>quem</span> <span class='ocrx_word' id='word_1_120' title='bbox 418 2129 580 2206; x_wconf 81' lang='lat' dir='ltr'>aecclesia</span> <span class='ocrx_word' id='word_1_121' title='bbox 598 2130 802 2205; x_wconf 84' lang='lat' dir='ltr'>veneranda</span> <span class='ocrx_word' id='word_1_122' title='bbox 819 2154 957 2229; x_wconf 84' lang='lat' dir='ltr'>sempor</span> <span class='ocrx_word' id='word_1_123' title='bbox 974 2131 1132 2205; x_wconf 83' lang='lat' dir='ltr'>confessa</span> <span class='ocrx_word' id='word_1_124' title='bbox 1147 2139 1212 2218; x_wconf 81' lang='lat' dir='ltr'>est,</span> <span class='ocrx_word' id='word_1_125' title='bbox 1221 2139 1257 2205; x_wconf 89' lang='lat' dir='ltr'>et</span> <span class='ocrx_word' id='word_1_126' title='bbox 1268 2128 1376 2204; x_wconf 89' lang='lat' dir='ltr'>habet</span> <span class='ocrx_word' id='word_1_127' title='bbox 1392 2129 1519 2204; x_wconf 84' lang='lat' dir='ltr'>devota</span> 
     </span>
     <span class='ocr_line' id='line_1_17' title="bbox 297 2243 1520 2343; baseline 0.001 -26"><span class='ocrx_word' id='word_1_128' title='bbox 297 2245 505 2341; x_wconf 88' lang='lat' dir='ltr'>primatum.</span> <span class='ocrx_word' id='word_1_129' title='bbox 517 2245 646 2342; x_wconf 91' lang='lat' dir='ltr'>Impeti</span> <span class='ocrx_word' id='word_1_130' title='bbox 664 2255 811 2341; x_wconf 88' lang='lat' dir='ltr'>possunt</span> <span class='ocrx_word' id='word_1_131' title='bbox 828 2243 998 2319; x_wconf 89' lang='lat' dir='ltr'>humanis</span> <span class='ocrx_word' id='word_1_132' title='bbox 1015 2244 1360 2343; x_wconf 82' lang='lat' dir='ltr'>praesumptionibus‚</span> <span class='ocrx_word' id='word_1_133' title='bbox 1373 2267 1453 2342; x_wconf 82' lang='lat' dir='ltr'>quae</span> <span class='ocrx_word' id='word_1_134' title='bbox 1469 2244 1520 2318; x_wconf 93' lang='lat' dir='ltr'>di·</span> 
     </span>
     <span class='ocr_line' id='line_1_18' title="bbox 295 2355 1519 2454; baseline 0.001 -25"><span class='ocrx_word' id='word_1_135' title='bbox 295 2358 380 2433; x_wconf 90' lang='lat' dir='ltr'>vino</span> <span class='ocrx_word' id='word_1_136' title='bbox 393 2369 480 2433; x_wconf 88' lang='lat' dir='ltr'>sunt</span> <span class='ocrx_word' id='word_1_137' title='bbox 497 2358 692 2434; x_wconf 88' lang='lat' dir='ltr'>constituta</span> <span class='ocrx_word' id='word_1_138' title='bbox 710 2358 832 2432; x_wconf 91' lang='lat' dir='ltr'>divino</span> <span class='ocrx_word' id='word_1_139' title='bbox 849 2358 1009 2433; x_wconf 80' lang='lat' dir='ltr'>iudicio?</span> <span class='ocrx_word' id='word_1_140' title='bbox 1026 2358 1125 2433; x_wconf 87' lang='lat' dir='ltr'>vinci</span> <span class='ocrx_word' id='word_1_141' title='bbox 1142 2366 1261 2432; x_wconf 88' lang='lat' dir='ltr'>autem</span> <span class='ocrx_word' id='word_1_142' title='bbox 1279 2355 1519 2454; x_wconf 85' lang='lat' dir='ltr'>quorumlibet</span> 
     </span>
     <span class='ocr_line' id='line_1_19' title="bbox 295 2469 1519 2573; baseline -0.006 -25"><span class='ocrx_word' id='word_1_143' title='bbox 295 2484 469 2572; x_wconf 88' lang='lat' dir='ltr'>potestate</span> <span class='ocrx_word' id='word_1_144' title='bbox 486 2498 555 2549; x_wconf 91' lang='lat' dir='ltr'>uon</span> <span class='ocrx_word' id='word_1_145' title='bbox 573 2481 731 2573; x_wconf 89' lang='lat' dir='ltr'>possunt.</span> <span class='ocrx_word' id='word_1_146' title='bbox 746 2478 863 2572; x_wconf 90' lang='lat' dir='ltr'>Atque</span> <span class='ocrx_word' id='word_1_147' title='bbox 881 2472 1020 2546; x_wconf 90' lang='lat' dir='ltr'>utinam</span> <span class='ocrx_word' id='word_1_148' title='bbox 1039 2471 1070 2545; x_wconf 91' lang='lat' dir='ltr'>si</span> <span class='ocrx_word' id='word_1_149' title='bbox 1087 2479 1210 2546; x_wconf 89' lang='lat' dir='ltr'>contra</span> <span class='ocrx_word' id='word_1_150' title='bbox 1227 2469 1426 2546; x_wconf 89' lang='lat' dir='ltr'>nitentibus</span> <span class='ocrx_word' id='word_1_151' title='bbox 1442 2493 1519 2568; x_wconf 90' lang='lat' dir='ltr'>per·</span> 
     </span>
     <span class='ocr_line' id='line_1_20' title="bbox 292 2584 1520 2684; baseline 0 -26"><span class='ocrx_word' id='word_1_152' title='bbox 292 2586 429 2661; x_wconf 88' lang='lat' dir='ltr'>niciosa</span> <span class='ocrx_word' id='word_1_153' title='bbox 446 2610 517 2661; x_wconf 91' lang='lat' dir='ltr'>non</span> <span class='ocrx_word' id='word_1_154' title='bbox 534 2595 621 2661; x_wconf 89' lang='lat' dir='ltr'>sunt</span> <span class='ocrx_word' id='word_1_155' title='bbox 645 2586 807 2674; x_wconf 83' lang='lat' dir='ltr'>audacia,</span> <span class='ocrx_word' id='word_1_156' title='bbox 823 2586 1120 2684; x_wconf 91' lang='lat' dir='ltr'>quemadmodum</span> <span class='ocrx_word' id='word_1_157' title='bbox 1146 2584 1238 2682; x_wconf 91' lang='lat' dir='ltr'>quod</span> <span class='ocrx_word' id='word_1_158' title='bbox 1254 2584 1299 2657; x_wconf 86' lang='lat' dir='ltr'>ab</span> <span class='ocrx_word' id='word_1_159' title='bbox 1315 2584 1392 2681; x_wconf 90' lang='lat' dir='ltr'>ipso</span> <span class='ocrx_word' id='word_1_160' title='bbox 1408 2608 1520 2659; x_wconf 80' lang='lat' dir='ltr'>sacrus</span> 
     </span>
     <span class='ocr_line' id='line_1_21' title="bbox 296 2696 1518 2797; baseline -0.002 -25"><span class='ocrx_word' id='word_1_161' title='bbox 296 2699 483 2795; x_wconf 84' lang='lat' dir='ltr'>religionis</span> <span class='ocrx_word' id='word_1_162' title='bbox 500 2709 645 2774; x_wconf 88' lang='lat' dir='ltr'>auctore</span> <span class='ocrx_word' id='word_1_163' title='bbox 672 2699 854 2797; x_wconf 81' lang='lat' dir='ltr'>proefixum</span> <span class='ocrx_word' id='word_1_164' title='bbox 881 2709 947 2789; x_wconf 84' lang='lat' dir='ltr'>est,</span> <span class='ocrx_word' id='word_1_165' title='bbox 964 2722 1035 2774; x_wconf 93' lang='lat' dir='ltr'>non</span> <span class='ocrx_word' id='word_1_166' title='bbox 1060 2708 1174 2796; x_wconf 89' lang='lat' dir='ltr'>potest</span> <span class='ocrx_word' id='word_1_167' title='bbox 1190 2696 1266 2771; x_wconf 90' lang='lat' dir='ltr'>ulla</span> <span class='ocrx_word' id='word_1_168' title='bbox 1283 2697 1419 2772; x_wconf 88' lang='lat' dir='ltr'>virtute</span> <span class='ocrx_word' id='word_1_169' title='bbox 1436 2720 1518 2771; x_wconf 92' lang='lat' dir='ltr'>cou-</span> 
     </span>
     <span class='ocr_line' id='line_1_22' title="bbox 292 2809 1519 2909; baseline -0.002 -24"><span class='ocrx_word' id='word_1_170' title='bbox 292 2813 388 2887; x_wconf 85' lang='lat' dir='ltr'>velli.</span> <span class='ocrx_word' id='word_1_171' title='bbox 406 2813 689 2888; x_wconf 88' lang='lat' dir='ltr'>Firmamentum</span> <span class='ocrx_word' id='word_1_172' title='bbox 709 2814 805 2888; x_wconf 89' lang='lat' dir='ltr'>enim</span> <span class='ocrx_word' id='word_1_173' title='bbox 823 2813 889 2887; x_wconf 90' lang='lat' dir='ltr'>Dei</span> <span class='ocrx_word' id='word_1_174' title='bbox 907 2821 988 2886; x_wconf 88' lang='lat' dir='ltr'>stat.</span> <span class='ocrx_word' id='word_1_175' title='bbox 1004 2811 1272 2909; x_wconf 91' lang='lat' dir='ltr'>Numquidnam</span> <span class='ocrx_word' id='word_1_176' title='bbox 1291 2834 1373 2885; x_wconf 90' lang='lat' dir='ltr'>cum</span> <span class='ocrx_word' id='word_1_177' title='bbox 1391 2809 1519 2908; x_wconf 91' lang='lat' dir='ltr'>aliqui·</span> 
     </span>
     <span class='ocr_line' id='line_1_23' title="bbox 291 2924 1517 3025; baseline -0.002 -24"><span class='ocrx_word' id='word_1_178' title='bbox 291 2926 359 3001; x_wconf 90' lang='lat' dir='ltr'>bns</span> <span class='ocrx_word' id='word_1_179' title='bbox 376 2927 506 3004; x_wconf 79' lang='lat' dir='ltr'>infesta</span> <span class='ocrx_word' id='word_1_180' title='bbox 531 2926 659 3024; x_wconf 85' lang='lat' dir='ltr'>religio</span> <span class='ocrx_word' id='word_1_181' title='bbox 683 2937 748 3015; x_wconf 77' lang='lat' dir='ltr'>est,</span> <span class='ocrx_word' id='word_1_182' title='bbox 765 2936 900 3025; x_wconf 87' lang='lat' dir='ltr'>quauta</span> <span class='ocrx_word' id='word_1_183' title='bbox 925 2949 1086 3024; x_wconf 91' lang='lat' dir='ltr'>unquam</span> <span class='ocrx_word' id='word_1_184' title='bbox 1106 2924 1222 3025; x_wconf 91' lang='lat' dir='ltr'>potuit</span> <span class='ocrx_word' id='word_1_185' title='bbox 1238 2925 1397 2998; x_wconf 84' lang='lat' dir='ltr'>novitate</span> <span class='ocrx_word' id='word_1_186' title='bbox 1414 2948 1517 3022; x_wconf 88' lang='lat' dir='ltr'>supc-</span> 
     </span>
     <span class='ocr_line' id='line_1_24' title="bbox 295 3037 1519 3137; baseline 0 -25"><span class='ocrx_word' id='word_1_187' title='bbox 295 3041 379 3129; x_wconf 77' lang='lat' dir='ltr'>rari‚</span> <span class='ocrx_word' id='word_1_188' title='bbox 390 3050 426 3116; x_wconf 88' lang='lat' dir='ltr'>et</span> <span class='ocrx_word' id='word_1_189' title='bbox 437 3064 507 3115; x_wconf 93' lang='lat' dir='ltr'>non</span> <span class='ocrx_word' id='word_1_190' title='bbox 526 3041 643 3137; x_wconf 82' lang='lat' dir='ltr'>magis</span> <span class='ocrx_word' id='word_1_191' title='bbox 659 3039 726 3116; x_wconf 93' lang='lat' dir='ltr'>hoc</span> <span class='ocrx_word' id='word_1_192' title='bbox 743 3039 881 3115; x_wconf 91' lang='lat' dir='ltr'>invicta</span> <span class='ocrx_word' id='word_1_193' title='bbox 898 3038 1183 3137; x_wconf 79' lang='lat' dir='ltr'>permansit‚quo</span> <span class='ocrx_word' id='word_1_194' title='bbox 1201 3037 1367 3111; x_wconf 84' lang='lat' dir='ltr'>estimato</span> <span class='ocrx_word' id='word_1_195' title='bbox 1383 3046 1439 3112; x_wconf 91' lang='lat' dir='ltr'>est</span> <span class='ocrx_word' id='word_1_196' title='bbox 1455 3060 1519 3135; x_wconf 93' lang='lat' dir='ltr'>pro</span> 
     </span>
     <span class='ocr_line' id='line_1_25' title="bbox 291 3149 1516 3249; baseline -0.003 -22"><span class='ocrx_word' id='word_1_197' title='bbox 291 3178 328 3227; x_wconf 92' lang='lat' dir='ltr'>se</span> <span class='ocrx_word' id='word_1_198' title='bbox 341 3154 767 3230; x_wconf 84' lang='lat' dir='ltr'>succumbereDesinant</span> <span class='ocrx_word' id='word_1_199' title='bbox 780 3176 868 3248; x_wconf 82' lang='lat' dir='ltr'>ergo</span> <span class='ocrx_word' id='word_1_200' title='bbox 881 3149 1271 3249; x_wconf 85' lang='lat' dir='ltr'>quaesotetemporibus</span> <span class='ocrx_word' id='word_1_201' title='bbox 1284 3149 1358 3224; x_wconf 86' lang='lat' dir='ltr'>tuis</span> <span class='ocrx_word' id='word_1_202' title='bbox 1371 3150 1516 3247; x_wconf 91' lang='lat' dir='ltr'>quidam</span> 
     </span>
     <span class='ocr_line' id='line_1_26' title="bbox 289 3261 1518 3364; baseline -0.003 -24"><span class='ocrx_word' id='word_1_203' title='bbox 289 3290 350 3362; x_wconf 91' lang='lat' dir='ltr'>per</span> <span class='ocrx_word' id='word_1_204' title='bbox 367 3265 461 3342; x_wconf 91' lang='lat' dir='ltr'>hanc</span> <span class='ocrx_word' id='word_1_205' title='bbox 478 3267 656 3343; x_wconf 87' lang='lat' dir='ltr'>cesionem</span> <span class='ocrx_word' id='word_1_206' title='bbox 675 3267 753 3364; x_wconf 79' lang='lat' dir='ltr'>(sic)</span> <span class='ocrx_word' id='word_1_207' title='bbox 770 3265 1055 3363; x_wconf 86' lang='lat' dir='ltr'>perturbationes</span> <span class='ocrx_word' id='word_1_208' title='bbox 1072 3261 1334 3338; x_wconf 81' lang='lat' dir='ltr'>aeoclesiasticae</span> <span class='ocrx_word' id='word_1_209' title='bbox 1356 3263 1518 3362; x_wconf 82' lang='lat' dir='ltr'>praecipi·</span> 
     </span>
     <span class='ocr_line' id='line_1_27' title="bbox 289 3375 1514 3479; baseline -0.002 -26"><span class='ocrx_word' id='word_1_210' title='bbox 289 3391 413 3455; x_wconf 89' lang='lat' dir='ltr'>tantur</span> <span class='ocrx_word' id='word_1_211' title='bbox 439 3381 574 3457; x_wconf 88' lang='lat' dir='ltr'>ambire</span> <span class='ocrx_word' id='word_1_212' title='bbox 599 3379 682 3479; x_wconf 63' lang='lat' dir='ltr'>quae&#39;</span> <span class='ocrx_word' id='word_1_213' title='bbox 694 3405 764 3453; x_wconf 91' lang='lat' dir='ltr'>non</span> <span class='ocrx_word' id='word_1_214' title='bbox 790 3378 912 3465; x_wconf 79' lang='lat' dir='ltr'>licent,</span> <span class='ocrx_word' id='word_1_215' title='bbox 930 3402 975 3452; x_wconf 87' lang='lat' dir='ltr'>nc</span> <span class='ocrx_word' id='word_1_216' title='bbox 1001 3386 1038 3451; x_wconf 88' lang='lat' dir='ltr'>et</span> <span class='ocrx_word' id='word_1_217' title='bbox 1054 3376 1116 3450; x_wconf 90' lang='lat' dir='ltr'>illa</span> <span class='ocrx_word' id='word_1_218' title='bbox 1133 3400 1213 3475; x_wconf 81' lang='lat' dir='ltr'>quae</span> <span class='ocrx_word' id='word_1_219' title='bbox 1231 3375 1324 3452; x_wconf 87' lang='lat' dir='ltr'>male</span> <span class='ocrx_word' id='word_1_220' title='bbox 1340 3386 1514 3479; x_wconf 81' lang='lat' dir='ltr'>appetunt</span> 
     </span>
     <span class='ocr_line' id='line_1_28' title="bbox 289 3489 1515 3592; baseline -0.002 -27"><span class='ocrx_word' id='word_1_221' title='bbox 289 3492 497 3568; x_wconf 86' lang='lat' dir='ltr'>nullatenus</span> <span class='ocrx_word' id='word_1_222' title='bbox 519 3492 798 3592; x_wconf 82' lang='lat' dir='ltr'>apprehendant,</span> <span class='ocrx_word' id='word_1_223' title='bbox 815 3502 852 3567; x_wconf 93' lang='lat' dir='ltr'>et</span> <span class='ocrx_word' id='word_1_224' title='bbox 869 3489 1013 3564; x_wconf 94' lang='lat' dir='ltr'>modum</span> <span class='ocrx_word' id='word_1_225' title='bbox 1031 3515 1137 3564; x_wconf 91' lang='lat' dir='ltr'>suum</span> <span class='ocrx_word' id='word_1_226' title='bbox 1159 3489 1253 3588; x_wconf 88' lang='lat' dir='ltr'>apud</span> <span class='ocrx_word' id='word_1_227' title='bbox 1270 3491 1385 3564; x_wconf 92' lang='lat' dir='ltr'>Deum</span> <span class='ocrx_word' id='word_1_228' title='bbox 1402 3489 1515 3564; x_wconf 93' lang='lat' dir='ltr'>homi·</span> 
     </span>
     <span class='ocr_line' id='line_1_29' title="bbox 290 3602 1516 3702; baseline 0 -24"><span class='ocrx_word' id='word_1_229' title='bbox 290 3629 424 3702; x_wconf 83' lang='lat' dir='ltr'>nosque</span> <span class='ocrx_word' id='word_1_230' title='bbox 432 3630 503 3680; x_wconf 90' lang='lat' dir='ltr'>non</span> <span class='ocrx_word' id='word_1_231' title='bbox 512 3608 898 3702; x_wconf 83' lang='lat' dir='ltr'>teneantQuapropter</span> <span class='ocrx_word' id='word_1_232' title='bbox 909 3603 977 3678; x_wconf 91' lang='lat' dir='ltr'>sub</span> <span class='ocrx_word' id='word_1_233' title='bbox 986 3613 1177 3701; x_wconf 87' lang='lat' dir='ltr'>conspectu</span> <span class='ocrx_word' id='word_1_234' title='bbox 1189 3602 1254 3678; x_wconf 85' lang='lat' dir='ltr'>Dei</span> <span class='ocrx_word' id='word_1_235' title='bbox 1267 3627 1366 3701; x_wconf 84' lang='lat' dir='ltr'>pure,</span> <span class='ocrx_word' id='word_1_236' title='bbox 1374 3603 1516 3679; x_wconf 88' lang='lat' dir='ltr'>sincere</span> 
     </span>
     <span class='ocr_line' id='line_1_30' title="bbox 291 3714 1516 3814; baseline -0.002 -23"><span class='ocrx_word' id='word_1_237' title='bbox 291 3718 458 3814; x_wconf 86' lang='lat' dir='ltr'>pietatem</span> <span class='ocrx_word' id='word_1_238' title='bbox 474 3727 574 3792; x_wconf 91' lang='lat' dir='ltr'>tuam</span> <span class='ocrx_word' id='word_1_239' title='bbox 589 3717 766 3814; x_wconf 82' lang='lat' dir='ltr'>deprecor,</span> <span class='ocrx_word' id='word_1_240' title='bbox 783 3716 949 3805; x_wconf 86' lang='lat' dir='ltr'>obtestor,</span> <span class='ocrx_word' id='word_1_241' title='bbox 963 3725 1113 3804; x_wconf 83' lang='lat' dir='ltr'>exortor‚</span> <span class='ocrx_word' id='word_1_242' title='bbox 1126 3724 1169 3790; x_wconf 91' lang='lat' dir='ltr'>ut</span> <span class='ocrx_word' id='word_1_243' title='bbox 1180 3714 1383 3812; x_wconf 87' lang='lat' dir='ltr'>petitionem</span> <span class='ocrx_word' id='word_1_244' title='bbox 1399 3739 1516 3790; x_wconf 88' lang='lat' dir='ltr'>meam</span> 
     </span>
     <span class='ocr_line' id='line_1_31' title="bbox 290 3826 1517 3927; baseline 0 -25"><span class='ocrx_word' id='word_1_245' title='bbox 290 3852 360 3903; x_wconf 93' lang='lat' dir='ltr'>non</span> <span class='ocrx_word' id='word_1_246' title='bbox 377 3830 608 3927; x_wconf 83' lang='lat' dir='ltr'>indignanter</span> <span class='ocrx_word' id='word_1_247' title='bbox 621 3829 787 3927; x_wconf 86' lang='lat' dir='ltr'>accipias.</span> <span class='ocrx_word' id='word_1_248' title='bbox 806 3831 905 3924; x_wconf 81' lang='lat' dir='ltr'>Rogo</span> <span class='ocrx_word' id='word_1_249' title='bbox 918 3829 1079 3926; x_wconf 83' lang='lat' dir='ltr'>inquam,</span> <span class='ocrx_word' id='word_1_250' title='bbox 1097 3837 1139 3903; x_wconf 93' lang='lat' dir='ltr'>ut</span> <span class='ocrx_word' id='word_1_251' title='bbox 1154 3852 1212 3903; x_wconf 91' lang='lat' dir='ltr'>me</span> <span class='ocrx_word' id='word_1_252' title='bbox 1228 3828 1266 3902; x_wconf 93' lang='lat' dir='ltr'>in</span> <span class='ocrx_word' id='word_1_253' title='bbox 1278 3826 1347 3903; x_wconf 91' lang='lat' dir='ltr'>hac</span> <span class='ocrx_word' id='word_1_254' title='bbox 1364 3828 1442 3902; x_wconf 81' lang='lat' dir='ltr'>vita</span> <span class='ocrx_word' id='word_1_255' title='bbox 1459 3851 1517 3926; x_wconf 91' lang='lat' dir='ltr'>po·</span> 
     </span>
     <span class='ocr_line' id='line_1_32' title="bbox 288 3939 1517 4041; baseline -0.001 -26"><span class='ocrx_word' id='word_1_256' title='bbox 288 3941 362 4015; x_wconf 89' lang='lat' dir='ltr'>tius</span> <span class='ocrx_word' id='word_1_257' title='bbox 374 3943 499 4018; x_wconf 88' lang='lat' dir='ltr'>audias</span> <span class='ocrx_word' id='word_1_258' title='bbox 507 3943 767 4041; x_wconf 84' lang='lat' dir='ltr'>deprecantem,</span> <span class='ocrx_word' id='word_1_259' title='bbox 777 3966 885 4041; x_wconf 91' lang='lat' dir='ltr'>quam</span> <span class='ocrx_word' id='word_1_260' title='bbox 900 3941 993 4041; x_wconf 92' lang='lat' dir='ltr'>qnod</span> <span class='ocrx_word' id='word_1_261' title='bbox 1006 3940 1100 4015; x_wconf 89' lang='lat' dir='ltr'>absit</span> <span class='ocrx_word' id='word_1_262' title='bbox 1112 3941 1150 4014; x_wconf 93' lang='lat' dir='ltr'>in</span> <span class='ocrx_word' id='word_1_263' title='bbox 1162 3939 1425 4017; x_wconf 88' lang='lat' dir='ltr'>diviuoindicio</span> <span class='ocrx_word' id='word_1_264' title='bbox 1438 3965 1517 4016; x_wconf 89' lang='lat' dir='ltr'>sen·</span> 
     </span>
     <span class='ocr_line' id='line_1_33' title="bbox 289 4055 638 4156; baseline 0 -27"><span class='ocrx_word' id='word_1_265' title='bbox 289 4055 358 4129; x_wconf 89' lang='lat' dir='ltr'>tias</span> <span class='ocrx_word' id='word_1_266' title='bbox 374 4066 620 4131; x_wconf 88' lang='lat' dir='ltr'>accusantem.</span> <span class='ocrx_word' id='word_1_267' title='bbox 635 4154 638 4156; x_wconf 20' lang='grc'>-</span> 
     </span>
    </p>
   </div>
   <div class='ocr_carea' id='block_1_4' title="bbox 844 4207 952 4292">
    <p class='ocr_par' dir='ltr' id='par_1_4' title="bbox 844 4207 952 4292">
     <span class='ocr_line' id='line_1_34' title="bbox 844 4207 952 4292; baseline -0.019 0"><span class='ocrx_word' id='word_1_268' title='bbox 844 4207 952 4292; x_wconf 82' lang='lat' dir='ltr'><strong>XLII.</strong></span> 
     </span>
    </p>
   </div>
   <div class='ocr_carea' id='block_1_5' title="bbox 287 4405 1516 4615">
    <p class='ocr_par' dir='ltr' id='par_1_5' title="bbox 287 4405 1516 4615">
     <span class='ocr_line' id='line_1_35' title="bbox 383 4405 1515 4505; baseline 0 -26"><span class='ocrx_word' id='word_1_269' title='bbox 383 4405 636 4481; x_wconf 88' lang='lat' dir='ltr'>Dilectissimis</span> <span class='ocrx_word' id='word_1_270' title='bbox 649 4406 822 4481; x_wconf 88' lang='lat' dir='ltr'>fratribus</span> <span class='ocrx_word' id='word_1_271' title='bbox 835 4405 1015 4480; x_wconf 90' lang='lat' dir='ltr'>universis</span> <span class='ocrx_word' id='word_1_272' title='bbox 1024 4406 1209 4503; x_wconf 83' lang='lat' dir='ltr'>Episcopis</span> <span class='ocrx_word' id='word_1_273' title='bbox 1222 4426 1284 4505; x_wconf 88' lang='lat' dir='ltr'>per</span> <span class='ocrx_word' id='word_1_274' title='bbox 1297 4405 1515 4480; x_wconf 86' lang='lat' dir='ltr'>Dardaniam</span> 
     </span>
     <span class='ocr_line' id='line_1_36' title="bbox 287 4516 1516 4615; baseline -0.001 -23"><span class='ocrx_word' id='word_1_275' title='bbox 287 4519 502 4592; x_wconf 86' lang='lat' dir='ltr'>constitutis.</span> <span class='ocrx_word' id='word_1_276' title='bbox 520 4518 687 4592; x_wconf 89' lang='lat' dir='ltr'>Gelasius</span> <span class='ocrx_word' id='word_1_277' title='bbox 705 4518 799 4592; x_wconf 88' lang='lat' dir='ltr'>iuter</span> <span class='ocrx_word' id='word_1_278' title='bbox 815 4527 945 4593; x_wconf 84' lang='lat' dir='ltr'>cetera.</span> <span class='ocrx_word' id='word_1_279' title='bbox 964 4517 1065 4592; x_wconf 73' lang='lat' dir='ltr'>Cnm&#39;</span> <span class='ocrx_word' id='word_1_280' title='bbox 1080 4516 1210 4615; x_wconf 84' lang='lat' dir='ltr'>quibus</span> <span class='ocrx_word' id='word_1_281' title='bbox 1227 4540 1314 4614; x_wconf 83' lang='lat' dir='ltr'>ergo</span> <span class='ocrx_word' id='word_1_282' title='bbox 1330 4528 1408 4593; x_wconf 91' lang='lat' dir='ltr'>erat</span> <span class='ocrx_word' id='word_1_283' title='bbox 1423 4519 1516 4592; x_wconf 90' lang='lat' dir='ltr'>sino-</span> 
     </span>
    </p>
   </div>
   <div class='ocr_carea' id='block_1_6' title="bbox 0 0 1808 5498">
    <p class='ocr_par' dir='ltr' id='par_1_6' title="bbox 0 0 1808 5498">
     <span class='ocr_line' id='line_1_37' title="bbox 0 0 1808 5498; baseline 0 2"><span class='ocrx_word' id='word_1_284' title='bbox 0 0 1808 5498; x_wconf 95' lang='lat' dir='ltr'> </span> 
     </span>
    </p>
   </div>
  </div>
 </body>
</html>
