3608 5498
685 396 881 459 -215-

175 513 333 602 rabilem,
345 522 381 588 et
397 514 464 589 hoc
481 513 764 589 sacratissimum
782 515 1052 615 Corpustuum,
1065 539 1121 589 me
1134 537 1276 590 omnem
1290 512 1395 591 fidem

173 637 209 703 et
224 627 416 727 puritatem
430 637 564 703 sanetae
576 628 656 703 fidei
670 627 854 703 catholicae
866 625 1030 703 exhibere
1048 626 1135 702 etin
1148 625 1288 701 unitate
1302 627 1394 702 eius-

173 743 251 817 dem
270 741 350 816 fidei
369 744 441 817 Deo
457 741 606 818 iuvante
623 743 824 840 persistere,
849 750 885 816 et
900 740 1102 815 nullomodo
1126 750 1252 816 contra
1277 741 1396 817 unita·

173 864 245 930 tem
262 854 465 930 communis
481 865 518 928 et
535 855 752 931 universalis
768 855 940 932 aecclesiae
956 854 1114 953 cuipiam
1132 854 1297 930 suadenti
1314 878 1395 930 con·

52 1012 55 1019 ·
174 967 317 1055 sentire,
330 967 391 1042 sed
405 976 445 1040 ut
458 966 532 1041 dixi
546 967 649 1042 fidem
664 979 701 1043 et
713 969 907 1066 puritatem
921 993 1049 1058 meam,
1058 976 1166 1066 atque
1179 991 1395 1044 concursum

173 1080 238 1154 tibi
257 1079 544 1176 utilitatibusque
562 1079 732 1155 aeoclesiae
749 1090 831 1168 tuae,
848 1080 908 1156 cui
933 1106 955 1154 a
978 1080 1128 1154 Domino
1152 1083 1222 1156 Deo
1241 1088 1396 1178 potestas

173 1193 312 1292 ligandi
328 1193 558 1292 solvendique
576 1194 656 1268 data
669 1204 725 1270 est
737 1193 903 1292 praedicto
915 1193 1050 1270 vicario
1062 1203 1123 1268 tuo
1135 1202 1243 1292 atque
1256 1218 1397 1270 sueces-

173 1307 311 1383 soribus
324 1307 413 1395 eius
426 1332 483 1382 me
501 1331 563 1404 per
579 1307 699 1382 omnia
717 1307 1119 1406 exhiberepromittens.
1133 1311 1188 1382 Ita
1205 1317 1247 1382 ut
1260 1307 1291 1381 si
1309 1308 1395 1406 quid

175 1430 299 1496 eontra
316 1423 512 1494 Romanam
529 1418 730 1509 eeclesiam,
743 1420 802 1495 vel
815 1429 939 1495 contra
955 1420 1124 1496 honorem
1141 1419 1275 1494 domini
1291 1423 1396 1517 Papae

176 1532 355 1632 quodlibet
371 1532 434 1628 agi
452 1556 662 1628 cognovero,
680 1533 828 1608 minime
845 1534 1077 1621 consentiam,
1094 1533 1155 1608 sed
1168 1533 1206 1606 in
1219 1542 1395 1632 quantum

174 1647 292 1721 virtus
310 1646 565 1742 suffragaverit
581 1644 731 1736 obviem,
748 1655 785 1721 et
801 1646 937 1723 vicario
957 1656 1019 1721 tuo
1043 1647 1170 1722 domno
1195 1646 1397 1744 Apostolico

173 1760 285 1834 modis
301 1758 431 1857 quibus
447 1769 566 1859 potero
591 1759 766 1849 nuntiem,
782 1768 819 1834 et
835 1759 871 1833 id
886 1784 996 1856 agere
1008 1844 1011 1849 ⁴
1022 1758 1058 1834 id
1074 1759 1197 1835 conari
1223 1758 1397 1857 quatinus

173 1872 279 1947 fidem
297 1871 335 1945 in
352 1871 517 1945 omnibus
537 1871 815 1947 sincerissimam
834 1873 1004 1947 exibeam.
1026 1873 1127 1960 Quod
1144 1873 1176 1946 si
1193 1872 1285 1971 quod
1302 1871 1396 1947 absit

173 1998 297 2062 contra
313 1984 422 2060 huius
438 1985 786 2083 promissionismeae
803 1986 932 2062 seriem
949 1986 1086 2084 aliquid
1106 1987 1224 2063 facere
1241 1985 1398 2086 quolibet

174 2100 273 2175 modo
289 2105 520 2197 temptavero,
537 2124 620 2174 reus
637 2099 805 2174 inveniar
822 2099 860 2172 in
874 2108 1006 2174 eterno
1023 2100 1155 2176 iudicio
1172 2110 1208 2176 et
1226 2101 1397 2176 ultionem

175 2214 324 2288 Ananim
341 2223 376 2288 et
393 2212 551 2311 Saphirae
569 2213 752 2289 incurram
769 2213 832 2310 qui
849 2213 914 2288 tibi
934 2212 1036 2288 beato
1054 2216 1159 2288 Petro
1179 2214 1221 2289 de
1247 2212 1398 2312 propriis

175 2327 279 2400 rebus
292 2325 452 2400 fraudem
466 2325 594 2415 lacere,
603 2335 639 2399 et
648 2324 779 2399 falsum
794 2327 912 2403 dicere
927 2337 1239 2426 praesumpserunt.
1251 2330 1398 2403 Hooan·

174 2451 247 2516 tem
271 2440 470 2516 indiculum
497 2441 725 2529 sacramenti,
744 2463 811 2537 ego
834 2441 885 2516 ill.
910 2441 1096 2539 episcopus
1122 2466 1232 2516 manu
1258 2442 1399 2540 propria

174 2555 312 2652 scripsi,
329 2567 365 2630 et
382 2555 482 2652 posui
500 2579 606 2653 super
624 2555 909 2630 sacratissimum
927 2578 1056 2653 corpus
1072 2564 1188 2644 tuum,
1208 2558 1278 2631 Deo
1295 2565 1398 2646 teste,

174 2678 210 2742 et
227 2667 344 2743 iudice
361 2667 518 2765 prestito
534 2678 769 2758 sacramento,
788 2669 880 2766 quod
897 2692 1042 2744 servare
1055 2667 1231 2767 promitto.

678 2895 899 2979 Lxxxxrl.

273 3125 444 3197 Summus
462 3144 546 3196 vero
563 3120 728 3196 Pontifex
740 3121 881 3219 quando
894 3120 1127 3211 benedicitur,
1140 3118 1291 3217 eligitur
1304 3145 1399 3196 unus

177 3237 220 3312 de
234 3235 486 3312 Cardinalibus
499 3234 537 3308 in
550 3232 657 3309 titulo‘
672 3258 737 3309 suo
750 3234 791 3308 de
805 3235 1058 3334 qualicumque
1071 3233 1190 3324 fuerit,
1202 3244 1344 3309 tantum
1357 3244 1400 3310 ut

177 3351 223 3424 ad
237 3350 502 3448 praedecessore,
516 3349 564 3424 sit
576 3349 742 3447 pontifice
755 3347 949 3438 ordinatus,
962 3357 1026 3422 aut
1043 3347 1240 3446 presbyter,
1252 3356 1317 3421 aut
1328 3347 1401 3421 dia·
1487 3382 1489 3387 ·

177 3486 297 3539 conus.
315 3463 378 3538 Die
395 3486 481 3537 vero
497 3462 673 3537 dominica
690 3462 875 3558 egreditur
892 3487 975 3537 cum
993 3485 1034 3538 eo
1059 3461 1251 3536 universus
1268 3460 1399 3553 clerus,

177 3587 213 3653 et
230 3575 379 3674 populus
395 3575 439 3649 ad
458 3575 641 3650 basilicam
660 3574 775 3650 sancti
794 3574 902 3651 Petri.
919 3574 1131 3671 Ingrediens
1147 3584 1269 3650 autern
1287 3599 1399 3652 seore-

178 3690 311 3766 tarium
329 3689 493 3763 induitur
510 3687 737 3768 vestimentis
756 3686 1027 3786 pontificalibus.
1044 3692 1085 3763 In
1103 3687 1228 3786 primis
1252 3687 1348 3764 linea
1363 3697 1400 3764 et

178 3803 338 3899 cingulo,
351 3802 477 3878 deinde
491 3801 706 3898 anagolagio
717 3802 859 3899 grandi,
871 3812 907 3876 et
918 3800 1067 3897 cingulo
1079 3800 1264 3891 brachiali,
1276 3810 1313 3877 et
1324 3824 1400 3876 ora·

177 3920 240 4007 rio,
258 3925 377 4014 postea
394 3915 586 3990 dalmatica
602 3914 743 4004 minori,
760 3913 886 3990 deinde
903 3914 1096 3990 dalmatica
1121 3915 1257 4003 maiori,
1274 3912 1408 4004 deinde,

176 4030 328 4128 planeta.
346 4033 392 4104 Et
407 4029 557 4104 veniens
573 4039 657 4103 ante
675 4028 930 4103 confessionem
948 4028 1064 4103 sancti
1082 4028 1180 4102 Petri
1200 4034 1399 4124 prosternet

177 4168 214 4218 se
233 4144 271 4216 in
288 4143 481 4218 orationem
499 4141 595 4218 scola
612 4152 799 4219 mnentem
818 4141 1014 4216 introitum.
1029 4139 1150 4238 Elegit
1166 4148 1201 4215 te
1214 4138 1398 4213 Dominus.

177 4262 339 4354 Surgens
352 4282 436 4333 vero
449 4258 611 4334 ascendit
627 4257 670 4330 ad
688 4256 813 4343 altare,
826 4265 861 4330 et
875 4254 1067 4353 prosternit
1079 4280 1117 4330 se
1131 4254 1169 4327 in
1182 4253 1349 4341 oratioue,
1362 4261 1399 4328 et

177 4373 293 4447 omnis
309 4372 428 4448 clerus
445 4397 527 4447 cum
543 4394 592 4447 eo.
607 4374 732 4445 Postea
745 4370 900 4466 erigitur
912 4369 958 4443 ab
971 4367 1164 4466 Episcopis,
1176 4376 1213 4443 et
1225 4366 1397 4440 statuitur

178 4484 273 4560 inter
289 4486 407 4562 sedem
425 4494 462 4562 et
476 4484 603 4574 altare,
618 4493 654 4560 et
671 4482 902 4582 evangelium
920 4491 1083 4581 apertum
1097 4504 1204 4580 super
1216 4487 1325 4577 caput
1337 4476 1395 4553 vel
