3608 5498
802 421 841 436 -
866 387 931 452 236
957 422 995 437 -

767 521 770 529 ’
808 550 986 636 ervuu.

846 726 949 781 Idem.

384 867 548 944 Roboam
559 868 656 944 filius
666 868 864 945 Salomonis
873 870 1112 971 ideoperdidit
1125 874 1512 973 regnum,quianoluit
1563 885 1568 891 '

288 980 412 1055 audire
430 981 656 1080 presbyteros
673 1006 765 1057 suos.
783 985 961 1071 Quomodo
978 986 1074 1061 euim
1088 986 1315 1063 centuriones
1327 986 1512 1080 dicuntur,

288 1092 349 1190 qui
367 1093 397 1168 C
414 1103 572 1191 praesunt
591 1094 775 1184 militibus,
792 1105 828 1171 et
845 1096 1053 1176 chiliarchae
1065 1100 1128 1199 qui
1148 1099 1257 1191 mille,
1270 1124 1357 1199 quos
1370 1123 1434 1175 nos
1447 1101 1510 1175 tri·

287 1206 401 1282 bunos
418 1207 639 1307 appellamus
655 1208 700 1283 ab
717 1233 757 1285 eo
773 1211 866 1309 quod
882 1220 1042 1308 praesunt
1057 1211 1179 1301 tribui,
1192 1211 1246 1289 sic
1262 1211 1301 1287 iu
1315 1213 1512 1288 Israelitico

288 1319 447 1396 exercitu
466 1321 767 1421 quinquagenarii
785 1323 1017 1416 vocabantur,
1029 1325 1092 1425 qui
1110 1327 1148 1400 in
1162 1325 1278 1422 capite
1291 1335 1394 1401 erant
1406 1330 1434 1401 L
1448 1327 1513 1401 mi-

289 1432 406 1508 litum.
423 1437 596 1511 Senatum
622 1460 762 1536 quoque
783 1440 933 1513 Romani
957 1433 1122 1517 consules
1146 1440 1335 1531 habebant,
1359 1464 1512 1540 quorum

289 1549 437 1627 consilio
454 1561 585 1627 cuncta
602 1551 767 1649 agebant.
785 1554 831 1627 m
848 1577 911 1629 nos
928 1551 1101 1629 hahemus
1118 1554 1156 1627 in
1175 1553 1326 1630 ecclesia
1343 1564 1512 1628 senatum

290 1674 452 1738 nostrum
470 1678 600 1740 caetum
619 1665 918 1765 presbyterorum.
936 1668 1033 1744 Idem
1051 1693 1159 1766 super
1177 1669 1399 1743 Matthoeum.
1424 1669 1514 1744 Con-

288 1778 426 1853 vocatis
444 1778 642 1876 discipulis,
657 1779 709 1854 ait
726 1778 861 1855 lhesus
879 1781 1050 1859 Misereor
1075 1805 1184 1880 super
1201 1781 1315 1856 turba.
1333 1782 1515 1859 Convocat

289 1891 483 1989 discipulos
499 1892 666 1968 Christus
684 1904 720 1970 et
736 1894 829 1992 quod
844 1894 1009 1970 facturus
1025 1904 1081 1971 est
1092 1893 1261 1993 loquitur,
1274 1904 1315 1968 ut
1328 1892 1513 1990 magistris

291 2004 452 2082 ecclesie
462 2006 521 2081 det
531 2007 792 2106 exempla,cum
803 2007 956 2083 subditis
965 2006 1261 2084 communicanda
1270 2031 1347 2083 esse
1356 2006 1516 2084 consilia.

491 2411 583 2465 Idem
601 2412 634 2464 in
653 2411 794 2479 epistole
811 2411 858 2465 ad
874 2413 1060 2467 Eliodomm
1077 2413 1318 2479 presbyterum.

386 2572 650 2671 Vestespullas
668 2581 826 2671 aequent
850 2575 1031 2665 candidas,
1055 2584 1203 2650 ornatus
1228 2584 1269 2651 ut
1293 2575 1413 2651 sordes
1437 2578 1514 2674 pari

291 2687 599 2783 modofuge.Quia
609 2685 1094 2777 alterumdelicias,alterum
1104 2687 1259 2784 gloriam
1271 2685 1514 2765 redoletNam

290 2801 423 2900 absque
441 2800 577 2877 amictu
594 2800 687 2876 lineo
705 2801 880 2892 incedere,
902 2802 965 2878 sed
985 2802 1140 2901 pretium
1161 2803 1318 2877 vestium
1335 2801 1514 2878 linearum

289 2940 359 2992 non
378 2915 507 2996 habere
524 2914 702 2991 laudabile
719 2925 782 2992 est.
800 2915 969 3015 Alioquin
987 2907 1180 3000 ridiculum
1197 2925 1234 2990 et
1251 2914 1395 3013 plenum
1414 2914 1514 2991 dede·

289 3030 383 3106 coris
391 3040 457 3120 est,
467 3030 595 3106 referto
608 3029 812 3130 marsuppio
824 3029 916 3128 quod
929 3026 1115 3101 sudarium
1129 3025 1357 3125 orariumque
1369 3049 1440 3100 non
1452 3025 1515 3101 ha·

290 3143 376 3219 beas
394 3142 565 3240 regulari.
580 3145 676 3219 ldem
690 3144 736 3219 ad
748 3142 994 3220 Eustochium.
1008 3144 1102 3216 Sunt
1114 3139 1177 3214 alii
1190 3149 1231 3214 ut
1243 3140 1286 3216 de
1299 3140 1368 3215 mei
1381 3139 1514 3215 ordinis

293 3256 497 3332 hominibus
514 3256 650 3354 loquar,
667 3255 796 3359 quibus
813 3265 868 3332 est
884 3255 1000 3350 omnis
1016 3278 1105 3331 cura
1121 3253 1164 3329 de
1181 3253 1353 3343 vestibus,
1369 3253 1401 3328 si
1425 3253 1514 3330 bene

290 3370 420 3459 oleant,
436 3368 467 3444 si
486 3393 546 3468 pes
563 3369 644 3444 laxa
661 3368 754 3470 pelle
769 3392 840 3446 nou
858 3368 984 3457 folliat,
1001 3366 1107 3463 digiti
1125 3365 1232 3440 anulo
1248 3365 1401 3457 radiant,
1416 3376 1453 3442 et
1468 3390 1513 3441 ne

290 3482 432 3580 plantas
447 3482 627 3559 humidior
644 3482 704 3557 via
716 3493 876 3583 spergat,
889 3482 953 3556 vix
965 3479 1180 3578 imprimunt
1192 3503 1334 3554 summa
1346 3479 1513 3578 vestigia.

290 3595 396 3671 Tales
412 3595 529 3692 magis
545 3618 690 3694 sponsos
706 3597 870 3673 estimato
888 3620 995 3695 quam
1013 3593 1173 3671 elericos.

842 3789 962 3875 CXXI,

413 3994 628 4059 Hieronymus
645 3993 677 4045 lu
695 3992 835 4058 epistola
853 3992 897 4046 ad
914 3990 1125 4045 Heliodorum
1142 3989 1383 4057 presbyterum.

385 4158 457 4230 Suu
479 4165 515 4231 et
530 4155 602 4230 alia
620 4179 729 4231 causa
755 4153 918 4229 monachi
944 4152 1105 4245 ostelia
1131 4153 1354 4229 elericorum.
1378 4150 1511 4230 Clerici

289 4293 375 4345 oves
388 4279 551 4367 pascunt,
563 4292 631 4366 ego
644 4268 802 4368 paschor.
815 4267 874 4342 Illi
886 4267 928 4342 de
945 4265 1072 4342 altario
1085 4265 1229 4357 vivunt,
1242 4264 1330 4339 mihi
1343 4264 1445 4365 quasi
1457 4263 1512 4339 in·

292 4382 485 4458 fructuosae
501 4382 618 4457 arbori
634 4381 772 4458 securis
793 4381 936 4481 ponitur
953 4380 997 4453 ad
1015 4378 1180 4454 radicem.
1193 4379 1231 4453 Si
1246 4403 1378 4453 munus
1391 4378 1436 4453 ad
1449 4377 1511 4452 Al·

291 4505 368 4575 tare
385 4518 454 4573 non
471 4495 600 4587 defero,
612 4519 679 4572 nec
691 4518 834 4598 possum
848 4495 1035 4572 obtendere
1049 4502 1292 4597 paupertatem
1306 4517 1390 4570 cum
1402 4515 1511 4571 evan·
