3608 5498
803 394 998 459 -172-

293 520 434 595 scordes
452 518 599 615 perfidia
616 527 653 593 et
670 516 834 615 snperbia
852 516 895 591 ad
913 504 1151 589 fratricidium
1166 514 1327 589 detraxit.
1341 519 1417 591 Nec
1430 514 1516 614 quia

295 631 423 706 habuit
432 630 566 706 infame
576 628 721 728 asylum
731 627 991 726 flagitiosorum
1000 626 1153 703 crimina
1161 652 1227 701 sua
1236 626 1515 720 defendentium,

293 769 365 821 non
381 744 666 842 agnoscentium,
679 744 740 821 sed
754 743 838 842 quia
851 742 1072 841 postmodum
1091 742 1187 817 lacta
1204 752 1259 817 est
1275 741 1452 820 laudabile
1464 744 1515 819 la-

295 883 438 959 psorum
457 859 654 957 refugium,
671 857 793 957 lapsus
810 881 893 932 suos
909 855 1097 931 humiliter
1114 857 1375 946 accusantium,
1392 866 1428 933 et
1440 882 1516 934 sce·

291 974 367 1050 lera
381 972 658 1072 praecordialiter
670 971 829 1068 effugere
843 969 1089 1068 quaerentium.
1102 974 1178 1047 Nec
1192 971 1277 1069 qnia
1290 971 1450 1048 instituit
1462 997 1516 1049 se·

293 1095 420 1161 natum
438 1093 473 1160 et
490 1085 628 1161 curiam
646 1084 804 1172 civilem,
820 1093 858 1158 et
877 1083 1051 1181 quoddam
1078 1083 1242 1159 velamen
1268 1111 1342 1160 suoe
1367 1085 1515 1161 malitiae

292 1225 401 1274 unam
419 1198 633 1286 libertatem,
650 1197 711 1272 sed
728 1197 811 1295 quia
828 1205 977 1272 actenus
994 1208 1158 1273 sanctam
1175 1197 1389 1274 catholicam
1407 1198 1516 1275 disci-

293 1313 438 1411 plinam,
455 1322 493 1388 et
509 1311 666 1408 deligere
683 1310 1006 1387 ecclesiasticorum
1024 1310 1219 1386 officiorum
1241 1311 1440 1386 ordinarias
1464 1312 1515 1387 di·

290 1427 460 1524 gnitates,
477 1425 708 1524 decernitque
725 1425 913 1522 generales
930 1435 965 1501 et
982 1424 1154 1524 speciales
1172 1425 1403 1501 universitati
1421 1427 1515 1504 chri-

290 1540 417 1615 stianae
437 1540 538 1636 leges
554 1538 669 1614 divini
686 1538 884 1614 famulatus
900 1539 945 1614 ad
961 1563 1085 1614 veram
1102 1537 1302 1614 libertatem
1324 1539 1450 1636 gloriae
1475 1542 1514 1615 fi-

291 1653 419 1728 liorum
440 1653 515 1728 Dei.
532 1656 608 1728 Nec
633 1652 717 1750 quia
743 1651 909 1750 produxit
932 1651 1060 1728 Decios
1084 1663 1282 1750 natumque
1301 1662 1513 1754 patremque

293 1764 461 1840 lustrales
476 1762 579 1839 bellis
596 1763 736 1837 animas
753 1787 944 1862 acremque
957 1764 1150 1841 Camillum
1165 1775 1201 1841 et
1218 1766 1357 1858 Curios,
1374 1766 1514 1860 Sillam,

290 1880 350 1955 vel
366 1879 512 1954 nomina
529 1903 624 1952 vana
642 1879 807 1967 Catones,
827 1877 956 1953 Paulos
969 1881 1100 1954 Brutos
1117 1888 1154 1954 et
1169 1879 1353 1980 popularia
1369 1881 1515 1956 nomina

293 1997 438 2083 DrusoS,
455 1992 597 2089 legibus
615 1992 809 2068 inmodicos
825 2016 1021 2091 aussosque
1038 1992 1203 2090 ingentia
1218 1993 1408 2086 Gracchos,
1420 1998 1516 2072 Mar-

291 2109 400 2186 cellos
417 2107 604 2206 variosque
622 2117 743 2183 truces
760 2108 944 2206 nudosque
963 2105 1159 2203 Cethegos:
1176 2108 1236 2183 sed
1250 2108 1332 2206 quia
1346 2119 1513 2206 paternos

292 2224 358 2298 sibi
374 2233 452 2321 post
461 2226 608 2297 Petrum
622 2231 659 2297 et
668 2222 822 2296 Paulum
836 2220 1005 2297 vendicat
1015 2218 1515 2313 Clementem,Xistum,Lau-

292 2338 460 2426 rentium,
470 2335 688 2425 Cornelium,
704 2335 949 2424 Pancratium,
960 2333 1188 2421 Silvestrum,
1200 2336 1405 2426 Damasum,
1416 2336 1516 2413 Cele-

291 2451 439 2539 stinum,
456 2453 599 2540 Leones,
613 2449 815 2547 Gregorius,
825 2448 1032 2539 Bonifatius,
1045 2447 1256 2545 Stephanos,
1276 2447 1515 2546 agathonem,

291 2563 822 2663 Adrianum,Nyeolaum,alios
836 2586 974 2662 quoque
986 2561 1176 2660 utriusque
1189 2587 1295 2637 sexus
1309 2573 1513 2662 martyrum

290 2678 576 2755 etconfessorum
589 2677 869 2752 innumerabiles
882 2677 1028 2776 populos
1041 2677 1214 2753 iuvenum
1228 2677 1370 2754 scilicet
1382 2703 1425 2754 ac
1442 2679 1514 2753 vir·

290 2794 419 2890 ginum
437 2816 565 2866 senum
582 2800 689 2889 atque
707 2791 898 2867 iuniorum.
925 2791 1101 2889 Equidem
1122 2791 1265 2866 illorum
1288 2792 1514 2890 improbitate

290 2908 488 3004 insanaque
505 2905 689 3003 patientia,
706 2905 856 2980 iussuve
872 2905 1038 3004 potentia
1055 2915 1150 2981 terra
1175 2905 1335 3004 marique
1354 2906 1512 3004 protulit

233 3112 236 3117 Α
290 3021 437 3096 Illorum
455 3042 541 3096 vero
559 3019 781 3095 modestiaet
798 3019 948 3095 salutari
973 3018 1162 3118 disciplina
1175 3043 1245 3093 non
1260 3019 1373 3095 solum
1391 3021 1513 3097 orbem

270 3144 468 3211 terrarum
488 3133 625 3230 regina,
641 3158 768 3209 verum
787 3142 822 3207 et
838 3132 955 3231 ipsum
974 3133 1142 3208 caelorum
1160 3155 1314 3230 regnum
1332 3133 1400 3209 sibi
1425 3157 1512 3232 prae-

290 3250 412 3338 sumit,
429 3249 488 3325 cui
505 3248 714 3365 violentiam
728 3247 861 3323 inferre
875 3270 944 3321 non
959 3245 1102 3336 desinit,
1114 3244 1192 3336 hmo
1204 3256 1240 3321 et
1254 3245 1284 3321 si
1297 3271 1342 3322 ex
1357 3246 1512 3322 tirannis

289 3374 327 3440 et
338 3361 561 3462 principibus
574 3361 650 3437 suis
663 3360 805 3436 babilon
820 3369 1082 3458 magnamater
1094 3359 1370 3435 fornicationum
1384 3370 1420 3436 et
1432 3360 1513 3436 abo

288 3476 525 3551 minationum
544 3461 769 3551 torre‘'n0tari
784 3475 926 3563 meruit,
939 3474 977 3547 in
991 3497 1033 3548 ea
1046 3483 1166 3548 tamen
1180 3473 1351 3572 Princeps
1366 3478 1511 3572 Aposto

288 3589 402 3665 lorum
415 3593 543 3664 Petrus
552 3588 751 3664 aeclesiam
761 3613 838 3664 esse
846 3588 997 3664 electam
1010 3587 1149 3676 asserit,
1159 3587 1235 3662 haec
1248 3598 1285 3663 et
1297 3588 1328 3662 si
1341 3589 1512 3664 meretrix

288 3726 423 3801 magna
439 3702 539 3800 prius
556 3712 592 3777 et
608 3700 706 3776 ebria
724 3701 905 3799 sanguine
920 3711 1124 3800 martyrum
1142 3702 1261 3792 Ihesu,
1274 3702 1316 3779 de
1333 3701 1418 3777 vino
1434 3725 1513 3801 pro

287 3817 485 3893 stitutionis
498 3841 573 3890 suae
589 3815 681 3890 idest
698 3815 871 3891 idolatria
884 3816 1021 3914 potavit
1038 3825 1074 3893 et
1091 3815 1264 3892 inbriavit
1281 3838 1404 3892 omnes
1421 3840 1511 3914 gen·

287 3942 343 4009 tes
358 3930 472 4008 calice
484 3954 603 4019 aureo,
616 3930 819 4029 eloquentia
832 3929 971 4006 scilicet
983 3928 1138 4005 seculari
1151 3939 1259 4027 atque
1273 3928 1441 4026 potentia,
1458 3937 1511 4004 ta-

287 4072 369 4122 men
382 4045 606 4140 postmodum
620 4044 829 4142 desponsata
843 4044 906 4119 uni
922 4043 999 4118 viro
1013 4044 1157 4121 Christo
1171 4043 1354 4141 virginem
1372 4052 1509 4120 castam

288 4158 441 4257 seipsam
458 4156 613 4247 exhibet,
629 4166 736 4255 atque
753 4157 891 4255 abipso
908 4158 1110 4235 introducta
1128 4159 1166 4231 in
1184 4157 1312 4234 cellam
1330 4157 1509 4233 vinariam

285 4272 451 4348 omnibus
467 4271 638 4370 gentibus
660 4296 767 4370 quam
794 4273 962 4368 praeclaro
987 4272 1171 4347 salutifere
1194 4272 1427 4348 confessionis
1451 4296 1509 4370 po

288 4388 371 4464 culo
383 4398 503 4462 musta
515 4411 617 4462 novae
630 4385 758 4482 gratiae
770 4410 813 4463 ac
826 4387 912 4461 vina
925 4387 1055 4462 veteris
1068 4386 1271 4463 acrimonia
1283 4386 1425 4484 profert,
1434 4387 1513 4485 qui·

285 4499 353 4578 bus
371 4501 448 4598 ipsa
463 4500 623 4577 debriata
637 4500 798 4576 debriare
815 4499 944 4599 quaerit
959 4522 1091 4576 omnes.
1113 4503 1189 4576 Nec
1214 4498 1329 4576 solum
1355 4525 1431 4576 sum
1456 4524 1509 4576 se-
