3608 5498
814 425 986 487 ...15-

291 552 342 624 De
359 548 416 621 his
432 550 495 646 qui
508 549 671 623 eumdem
690 548 942 622 Pontificatum
956 548 1041 620 vivo
1055 547 1226 622 Pontifice
1241 548 1415 623 ambiunt.
1429 551 1513 646 Cap.

363 662 482 737 eodem
501 673 537 737 et
555 661 695 737 CCXV.

290 781 340 853 De
356 777 414 852 his
431 777 493 876 qui
510 777 686 873 detegunt
701 779 931 853 coniurantos
947 780 1119 853 advorsus
1140 782 1341 852 Romanum
1367 766 1528 854 Pontifiss

359 917 448 968 cem.
461 893 546 990 Cap.
560 892 624 967 CV
627 894 670 966 II.

287 1008 338 1081 De
354 1004 592 1081 invasoribus,
610 1005 695 1103 Cap.
709 1007 929 1082 CXXXVII.
947 1006 1184 1080 CXXXVIII.

289 1119 339 1194 De
357 1119 589 1197 cubiculariis
606 1120 756 1195 Romani
774 1120 961 1196 Pontificis
978 1122 1062 1218 Cap.
1080 1121 1227 1195 CXVII.
1240 1121 1283 1196 de
1295 1120 1353 1194 bis
1365 1120 1426 1218 qui
1445 1122 1513 1194 sub

360 1233 665 1308 tutelasuntcius
675 1235 760 1331 Cap.
770 1234 987 1310 CCXLII.in
997 1236 1047 1310 II⁰
1058 1234 1118 1309 lib.
1128 1235 1231 1311 CLII.
1242 1235 1363 1309 CLIII.
1373 1235 1512 1309 CLIIII.

290 1348 338 1420 Ut
355 1346 564 1422 imminente
582 1371 647 1422 suo
664 1348 819 1421 transitu
838 1348 932 1422 idom
960 1347 1125 1422 Pontifex
1149 1348 1192 1421 de
1217 1371 1281 1422 suo
1305 1371 1511 1423 successore

362 1459 540 1536 decernat.
558 1462 644 1560 Cap.
661 1462 754 1537 CVI.

291 1576 378 1648 [tem
396 1573 439 1649 de
455 1575 578 1650 eadem
597 1600 645 1651 re.
664 1577 748 1673 Cap.
766 1579 992 1652 XXXVIIII.
1009 1588 1046 1652 et
1063 1578 1138 1652 CX.

289 1690 338 1761 Ut
354 1686 410 1762 his
426 1687 488 1786 qui
505 1688 657 1764 obeunte
677 1690 848 1767 Pontifioe
864 1693 998 1766 audent
1023 1691 1288 1767 Patriarcbium
1313 1690 1513 1787 depredari,

362 1801 440 1876 sive
474 1803 711 1900 possessiones
745 1803 925 1881 Ecclesiae.
958 1805 1042 1900 Cap.
1072 1804 1292 1878 CXXXVII.
1325 1802 1515 1879 CCXLIII.

361 1916 569 1991 CCXLVII.
587 1917 811 1993 CCXLVIII.
828 1918 866 1991 in
883 1918 969 1991 IIII⁰
987 1916 1046 1989 lib.
1064 1941 1139 2013 cap.
1158 1919 1201 1989 V.
1219 1925 1255 1991 et
1273 1916 1377 1991 CLII.

289 2032 338 2104 Ut
355 2030 503 2103 Romani
521 2031 706 2107 Pontificis
724 2032 896 2108 feretrum
914 2054 984 2104 non
1004 2030 1154 2105 veletur.
1173 2031 1258 2128 Cap.
1276 2031 1441 2106 CXVIII.

288 2142 340 2215 De
357 2143 594 2220 tumulatione
611 2144 779 2220 eiusdem.
797 2146 882 2243 Cap.
900 2144 1060 2219 CCVIII.
1077 2154 1113 2218 et
1130 2143 1167 2217 in
1186 2146 1254 2218 111⁰
1272 2143 1332 2217 lib.
1351 2142 1454 2216 CLII.

289 2255 341 2330 De
357 2257 622 2333 consecratione
639 2258 902 2356 Episcoporum.
920 2259 1005 2355 Cap.
1023 2258 1134 2333 XCII.
1152 2258 1190 2332 in
1209 2259 1258 2332 11⁰
1276 2256 1374 2331 libro.

290 2368 341 2443 De
358 2369 548 2468 Episcopis
572 2369 634 2468 qui
659 2395 726 2447 nec
751 2371 955 2467 petentibus
972 2397 1039 2448 nec
1065 2373 1267 2448 volentibus
1291 2371 1513 2447 ordinantur.

362 2482 446 2581 Cap.
465 2483 594 2558 XCIII.
611 2485 741 2559 XCVI.
759 2486 907 2560 XCVII.

289 2596 389 2683 Quod
405 2594 447 2671 de
464 2595 536 2669 alia
552 2595 713 2672 Ecclesia
730 2596 928 2695 Episcopus
944 2598 1014 2672 nisi
1040 2599 1253 2674 necessitate
1271 2607 1423 2694 cogente
1440 2621 1511 2672 non

360 2708 527 2806 eligatur.
545 2710 630 2809 Cap.
647 2712 777 2787 XCIII.
795 2712 1026 2787 CLXXXVI.
1557 2784 1563 2791 .

291 2822 503 2899 Professioni
517 2824 594 2923 (sio)
606 2825 772 2923 Episcopi
785 2835 977 2925 antequam
993 2824 1285 2899 consecretur.1n
1299 2823 1350 2895 11⁰
1364 2820 1423 2895 lib.
1437 2844 1512 2917 cap.

361 2938 473 3012 XCV.

289 3052 341 3124 De
354 3051 618 3140 commonemus,
632 3062 709 3150 post
721 3051 1034 3128 consecrationem.
1048 3052 1154 3127 CXC.
1172 3053 1213 3124 In
1227 3051 1277 3124 ΙΙο
1291 3049 1350 3122 lib.
1364 3049 1511 3123 XCVII.

360 3167 402 3237 In
420 3166 488 3238 ΙΙΙο
506 3164 566 3239 lib.
584 3166 724 3240 CLXII.
741 3166 898 3241 CLXIII.

290 3281 340 3353 De
359 3278 603 3354 visitatoribus
620 3276 813 3376 Episcopis.
831 3279 915 3375 Cap.
934 3278 1054 3353 CXLI.
1073 3278 1277 3363 CXXXVI.

289 3394 340 3468 De
354 3393 535 3492 Episcopis
547 3392 610 3492 qui
623 3419 707 3467 suas
713 3391 893 3468 Ecclesias
902 3390 1114 3487 neglegunt.
1128 3391 1212 3488 Cap.
1227 3390 1352 3463 XLVI.
1369 3387 1509 3461 CLXX

361 3508 537 3582 CLXXII.
555 3508 749 3583 CLXXIII.
767 3506 1015 3583 CLXXVIIII.

155 3708 157 3717 J
290 3622 338 3694 Ut
355 3619 520 3718 Episcopi
537 3621 575 3694 in
592 3622 668 3695 suis
684 3619 857 3696 Ecclesiis
875 3618 1061 3696 resideant.
1088 3617 1172 3713 Cap.
1196 3617 1322 3691 XLIII.
1349 3615 1509 3690 CLXXI.

365 3732 541 3808 CLXXV.
558 3745 595 3808 et
612 3734 748 3810 CCXL.

290 3847 338 3920 Ut
351 3845 515 3944 Episcopi
529 3846 646 3922 tribus
658 3845 910 3945 epdomadibus
922 3867 991 3918 non
1006 3843 1124 3917 absint
1138 3868 1158 3916 a
1171 3866 1237 3915 sua
1251 3839 1412 3916 ecclesia.
1426 3839 1510 3935 Cap.

362 3961 516 4034 XXIIII.
535 3961 684 4036 CXXII.

289 4073 338 4146 Ut
355 4071 392 4144 in
410 4072 571 4149 ConciIIo
587 4073 682 4148 ultra
699 4077 769 4149 XV
793 4073 869 4148 dios
886 4095 956 4146 non
973 4081 1173 4145 teneantur.
1191 4069 1276 4165 Cap.
1294 4065 1477 4141 XCVIIII.

291 4186 338 4260 Ut
350 4185 547 4284 Episcopus
563 4210 663 4260 asna
677 4186 863 4285 parrochia
882 4186 920 4259 in
939 4184 1051 4258 aliam
1073 4207 1144 4258 non
1159 4180 1406 4257 transferatur.
1424 4177 1509 4274 Cap.

360 4300 524 4374 xc.1.11.
548 4301 731 4375 LXXXII.
748 4302 948 4375 LXXXIII.
966 4299 1005 4374 C.
1023 4298 1200 4375 CLXXV.

289 4413 515 4511 Comparatio
531 4412 663 4488 veteris
680 4423 716 4487 et
731 4437 833 4488 novae
850 4416 978 4488 Romae.
996 4410 1113 4486 CCLI.
