3608 5498
799 398 995 462 -12620

286 517 323 588 in
342 540 411 613 quo
431 515 584 591 Nestorii
603 516 768 616 impietas
792 516 983 593 iudicatur.
1009 519 1087 591 llII.
1113 516 1400 593 Chalcedoneuse
1428 540 1512 593 vero

214 648 216 652 ·
287 630 461 706 DCXXX
473 630 511 704 in
524 653 594 730 quo
606 630 797 707 Euthichis
816 628 1046 727 Dioscorique
1063 627 1280 726 perversitas
1294 626 1513 725 reprobatur.

286 743 461 830 Quintum
479 768 617 843 quoque
635 744 836 821 Concilium
851 745 1015 821 CLXIIII
1034 747 1183 818 Patrum
1202 741 1337 840 pariter
1349 763 1512 830 veneror,

285 857 325 931 in
349 882 418 956 quo
435 858 582 959 epistola
606 884 686 958 quae
711 860 770 935 Ibe
795 859 930 935 dicitur
954 857 1085 934 erroris
1109 856 1215 955 plena
1240 855 1449 954 reprobatur
1475 865 1511 931 et

288 971 492 1048 Theodorus
509 998 694 1072 personam
721 974 924 1050 mediatoris
950 972 1015 1048 Dei
1039 982 1075 1047 et
1099 971 1284 1046 bominum
1311 971 1349 1044 in
1373 968 1513 1045 duabus

286 1086 528 1164 subsistentiis
545 1113 714 1187 separans
738 1089 781 1163 ob
805 1085 1003 1186 impietatis
1027 1085 1210 1184 perfidiam
1235 1083 1407 1161 cecidisse
1431 1105 1515 1158 con·

287 1200 457 1276 vincitur.
475 1203 574 1277 Soita
591 1226 729 1301 quoque
747 1200 953 1277 Theodoreti
971 1225 1033 1299 per
1055 1225 1135 1299 quae
1159 1199 1253 1275 beati
1280 1197 1399 1274 Cirilli
1425 1197 1514 1273 fides

289 1313 560 1411 reprehenditur
577 1342 669 1391 ausu
686 1315 874 1393 dementiae
890 1315 1027 1414 prolata
1044 1315 1258 1390 refutantur.

794 1518 1009 1602 (thllXVl.

714 1725 762 1774 Ex
780 1723 864 1775 libro
883 1722 959 1775 vltae
978 1721 1083 1774 siusd.

384 1884 580 1980 Gregorius
597 1883 653 1958 illi
670 1882 729 1959 vel
747 1883 799 1957 illi
818 1883 1000 1982 Episcopo,
1013 1881 1158 1958 Obitum
1172 1881 1271 1954 illius
1284 1881 1450 1980 Episcopi
1463 1880 1515 1955 di·

291 2006 389 2073 recta
407 1997 532 2073 relatio
548 1998 725 2098 patefecit.
743 2002 964 2098 Quapropter
981 1999 1197 2074 visitationis
1222 1997 1383 2074 ecclesiae
1406 1995 1515 2072 desti·

290 2120 368 2186 tute
381 2110 600 2187 fraternitati
613 2121 686 2187 ture
698 2136 840 2212 operam
854 2111 1096 2209 sollempniter
1109 2112 1327 2207 delegamus.
1336 2114 1453 2198 Quam
1462 2110 1513 2185 ita

289 2234 325 2300 te
342 2226 511 2301 convenit
527 2226 708 2318 exhibere,
726 2237 767 2301 ut
783 2225 895 2302 nichil
920 2226 963 2301 de
989 2226 1274 2324 provectionibus
1298 2225 1514 2302 clericorum

290 2364 333 2414 ac
351 2339 393 2414 de
412 2339 528 2414 reditu
545 2350 582 2414 et
597 2351 726 2417 ornatu
745 2339 1023 2437 ministeriisque
1040 2339 1099 2414 vel
1116 2339 1287 2438 quicquid
1299 2338 1390 2414 illud
1407 2337 1514 2414 estin

292 2451 503 2549 patrimonio
520 2453 679 2528 eiusdem
696 2453 857 2529 ecclesia
873 2478 895 2525 a
912 2477 1088 2552 quoquam
1106 2463 1354 2550 praesumatur.
1370 2456 1418 2527 Et
1434 2451 1513 2527 ideo

292 2565 499 2642 fraternitas
516 2578 582 2642 tua
596 2569 641 2642 ad
659 2568 863 2666 praedictam
882 2567 1072 2643 ecclesiam
1090 2566 1142 2641 ire
1164 2565 1387 2665 praeparabit,
1407 2576 1444 2642 et
1459 2589 1516 2642 as-

291 2678 405 2755 siduis
421 2681 740 2772 adhortationibus,
757 2692 792 2758 et
804 2682 942 2758 clerum
957 2679 1165 2778 plebemque
1178 2678 1337 2754 eiusdem
1350 2677 1513 2755 ecclesiae

293 2792 482 2873 admonere
499 2795 654 2885 festinet,
680 2805 721 2871 ut
743 2805 880 2871 remota
897 2793 1024 2881 studio,
1042 2815 1113 2866 uno
1130 2792 1321 2890 eodemque
1337 2815 1514 2868 consensu

291 2905 399 2981 talem
414 2909 680 3005 praeficiendum
693 2909 760 2983 sibi
773 2916 963 3006 expectent
975 2904 1205 2990 sacerdotem,
1216 2905 1278 3002 qui
1292 2914 1329 2980 et
1340 2913 1441 2980 tanto
1450 2904 1516 2979 mi·

289 3020 438 3096 nisterio
453 3023 572 3098 valeat
590 3024 724 3119 diguus
738 3024 898 3122 reperiri,
916 3030 952 3096 et
964 3045 985 3092 a
999 3018 1213 3094 venerandis
1226 3018 1422 3094 canonibus
1435 3018 1528 3119 nuls

288 3130 432 3208 latenus
450 3145 649 3233 respuatur.
667 3135 840 3223 Quidum
858 3134 970 3209 fuerit
986 3132 1188 3233 postulatus
1205 3159 1288 3209 cum
1313 3132 1517 3230 sollempni·

290 3255 363 3321 tate
381 3248 513 3323 decreti
540 3249 698 3324 omnium
724 3247 1045 3347 subscriptionibus
1069 3246 1229 3336 laborati,
1253 3257 1290 3321 et
1313 3245 1514 3322 dilectionis

290 3368 362 3433 tura
379 3361 581 3438 testimonio
598 3362 801 3438 litterarum
818 3363 862 3438 ad
885 3384 949 3435 nos
973 3361 1187 3437 sacrandum
1212 3369 1387 3437 occurrat.
1413 3362 1517 3437 Corn-

290 3484 474 3549 monentes
491 3475 599 3550 etiam
618 3477 881 3552 fraternitatem
899 3485 1000 3550 tuam
1018 3486 1059 3550 ut
1076 3474 1216 3549 nullum
1235 3476 1278 3550 de
1294 3476 1409 3551 altera
1425 3475 1516 3572 eligi

290 3588 476 3685 permittas
492 3591 656 3679 ecclesia,
674 3592 744 3665 nisi
761 3592 851 3667 forte
870 3591 963 3665 inter
980 3589 1130 3666 clericos
1155 3590 1267 3689 ipsius
1292 3590 1452 3665 civitatis
1476 3591 1515 3664 in

290 3727 360 3800 qua
378 3703 595 3781 visitationis
610 3716 683 3781 tuae
699 3706 917 3804 impenditur
934 3703 1091 3777 officium
1108 3703 1232 3777 nullus
1256 3703 1301 3778 ad
1326 3703 1515 3802 Episcopa-

290 3825 367 3890 tum
386 3819 520 3914 dignus
537 3821 629 3918 quod
646 3821 790 3896 evenire
808 3844 878 3895 non
895 3815 1075 3893 credimus
1092 3817 1220 3913 poterit
1237 3816 1404 3891 inveniri.
1430 3820 1510 3892 Pro

290 3927 437 4004 visurus
452 3942 536 4006 ante
553 3933 671 4006 omnia
689 3958 733 4009 ne
751 3934 795 4009 ad
820 3930 1012 4009 cuiuslibet
1038 3932 1318 4007 conversationis
1341 3932 1511 4007 meritum

290 4038 392 4116 laice
404 4065 562 4141 personae
574 4044 733 4143 aspirare
750 4055 979 4143 praesumant,
992 4055 1028 4119 et
1041 4054 1082 4120 tu
1094 4045 1295 4145 periculum
1309 4046 1444 4121 ordinis
1457 4048 1513 4122 tui

290 4153 382 4249 quod
398 4153 492 4229 absit
508 4156 682 4232 incurras.
699 4158 917 4234 Monasteria
932 4167 1053 4235 autam
1072 4160 1102 4232 si
1128 4183 1199 4257 qua
1224 4170 1309 4235 sunt
1334 4160 1372 4233 in
1398 4160 1513 4257 ipsius

290 4265 487 4341 constituta
503 4270 722 4368 parroechia,
739 4272 806 4347 suh
823 4281 886 4346 tua
904 4296 992 4346 cura
1009 4271 1306 4371 dispositioneque
1328 4295 1514 4372 quousque

291 4375 367 4452 illio
384 4378 548 4480 proprius
564 4383 674 4458 fuerit
690 4383 885 4474 ordinatus,
902 4409 980 4461 esse
998 4386 1236 4464 concedimus.
