3608 5498
806 367 1002 431 -120-

290 491 500 579 inclinatur,
510 490 595 588 quia
608 512 878 586 nonnumquam
892 487 999 563 etiam
1014 487 1074 587 qui
1089 488 1179 563 bene
1192 498 1318 586 praeest
1330 488 1416 563 dum
1428 488 1511 564 suh

289 605 463 680 iectorum
477 603 687 703 populorum
701 603 907 679 confusione
922 603 1137 691 concutitur,
1150 602 1195 676 ad
1208 601 1509 700 dispensationem

287 717 595 793 condescensionis
608 742 651 791 ex
664 716 738 790 sola
752 715 940 792 dilectione
954 727 1190 815 permovetur.
1204 718 1273 792 Sed
1285 717 1324 789 in
1341 716 1408 792 hoc
1424 740 1511 815 quo-

288 854 357 928 que
370 830 624 929 dispensatorie
640 830 774 926 agitur.
788 829 978 905 Inclinatio
995 831 1071 929 ipsa
1088 830 1309 905 fortitudinis
1322 856 1428 906 casus
1446 855 1510 928 pu·

288 954 387 1019 tatur
400 944 584 1042 imperitis.
603 944 704 1019 Unde
721 952 758 1019 et
774 944 937 1019 nonnulli
955 945 1086 1020 subditi
1104 956 1229 1021 contra
1245 945 1339 1020 hanc
1358 971 1506 1020 manum

289 1059 572 1157 reprehensionis
591 1060 741 1133 mittunt
758 1058 819 1132 sed
836 1059 934 1133 avita
954 1060 1115 1158 protinus
1132 1060 1208 1158 ipsa
1225 1086 1290 1134 sua
1307 1060 1510 1136 temeritate

289 1173 471 1248 deliciunt.
488 1173 624 1248 Levitis
641 1196 728 1268 ergo
744 1173 847 1271 quasi
865 1172 1045 1248 adiuvatis
1063 1198 1190 1247 manus
1207 1173 1359 1248 tetendit
1376 1174 1436 1249 sed
1453 1174 1511 1250 de-

288 1285 455 1384 linquens
472 1285 585 1359 vitam
604 1284 756 1384 perdidit
773 1285 857 1384 quia
874 1287 960 1361 dum
978 1286 1111 1361 infirmi
1130 1310 1268 1385 quoque
1287 1287 1434 1362 fortium
1460 1287 1511 1361 fa·

288 1408 347 1475 cta
371 1399 581 1497 corripiunt,
600 1399 676 1499 ipsa
697 1399 900 1474 viventium
922 1410 1016 1476 sorte
1042 1401 1285 1498 reprobentur.
1307 1401 1510 1501 Aliquando

289 1515 397 1589 etiam
426 1513 543 1589 sancti
569 1513 639 1586 viri
665 1513 828 1611 quaedam
855 1514 1013 1588 minimis
1039 1513 1359 1590 condescendentes
1383 1515 1511 1591 dicunt

227 1626 230 1633 ’
289 1628 449 1726 quaedam
472 1648 557 1701 vero
581 1651 720 1700 summa
739 1628 1021 1726 contemplantes
1039 1629 1232 1727 proferunt.
1254 1632 1418 1728 Dumque
1435 1630 1510 1705 vim

290 1742 347 1817 vel
361 1740 667 1817 condesocntionis
684 1741 850 1816 nesciunt
862 1743 921 1816 vol
936 1742 1140 1817 altitudinis
1151 1744 1321 1818 audacter
1335 1743 1392 1818 vel
1406 1743 1509 1817 stulti

290 1856 564 1955 reprehendunt.
581 1859 628 1929 Et
644 1856 785 1954 quidem
803 1857 941 1931 iustum
959 1856 1001 1931 dc
1018 1882 1084 1933 sua
1097 1856 1391 1932 condescensione
1417 1856 1510 1933 velle

289 1971 470 2067 corrigere
482 1970 552 2044 nisi
572 1970 780 2044 inclinatam
798 1997 919 2046 arcam
937 1971 1089 2069 superba
1105 1971 1387 2069 reprehensionis
1401 1997 1510 2047 manu

290 2083 383 2160 velle
409 2084 596 2159 relevare?
620 2084 714 2171 Quid
739 2095 792 2159 est
817 2085 952 2159 iustum
978 2085 1021 2160 de
1047 2085 1231 2181 incognita
1256 2084 1432 2159 locutione
1458 2110 1511 2160 re-

290 2197 506 2296 prehendere
522 2197 592 2271 nisi
613 2198 752 2272 modum
771 2197 849 2272 eius
867 2199 1086 2272 fortitudinis
1108 2198 1249 2296 lapsum
1267 2203 1420 2296 putare?
1441 2198 1511 2273 Sed

292 2311 415 2410 perdat
428 2311 539 2384 vitam
553 2311 615 2409 qui
629 2336 750 2386 arcam
769 2311 833 2387 Dei
847 2311 982 2387 tumide
996 2312 1172 2399 sublevat,
1185 2312 1270 2409 quia
1283 2337 1511 2411 nequaquam

291 2436 495 2500 sanctorum
520 2425 700 2521 corrigere
719 2436 816 2500 recta
838 2436 1067 2522 praesumeret
1092 2427 1162 2500 nisi
1184 2428 1225 2501 de
1250 2426 1415 2522 supernis
1441 2452 1513 2502 me·

291 2540 379 2616 liora
405 2541 584 2614 sensisset.
606 2540 707 2615 Unde
729 2550 765 2613 et
786 2540 921 2615 Levitis
939 2540 1032 2613 idem
1056 2550 1151 2615 recte
1175 2542 1247 2614 Oza
1264 2539 1396 2615 dicitur
1417 2540 1513 2637 qnod

292 2654 460 2729 videlicet
485 2653 650 2729 robustus
678 2651 818 2727 Domini
842 2652 1109 2751 interpretatur,
1130 2653 1214 2751 quia
1236 2663 1512 2751 praesumptores

291 2769 424 2867 quiquo
450 2768 520 2842 nisi
547 2768 673 2843 audaci
701 2777 818 2842 mente
846 2767 1005 2841 robustos
1029 2791 1066 2840 se
1085 2767 1121 2840 in
1140 2768 1289 2842 Domino
1314 2767 1511 2857 crederent,

291 2908 406 2981 neque
418 2907 526 2981 quam
540 2882 726 2957 meliorum
740 2882 836 2957 facta
849 2881 907 2956 vel
921 2879 1017 2956 dicta
1031 2879 1132 2954 velut
1145 2881 1286 2953 infirma
1299 2879 1513 2955 iudicarent.
1534 2940 1538 2946 Α

292 2996 409 3072 Amici
427 3021 513 3093 ergo
529 2997 591 3071 loh
608 2998 691 3071 dum
709 3006 833 3071 contra
850 3021 933 3070 oum
952 2995 1053 3092 quasi
1076 2994 1114 3066 in
1132 2995 1197 3070 Dei
1215 2994 1417 3069 defensione
1436 3016 1513 3091 pro

292 3110 444 3200 silirent,
460 3110 573 3184 divini
592 3111 758 3208 praecepti
774 3108 936 3205 regulam
951 3107 1196 3206 superbientes
1216 3108 1400 3184 excedunt.
1418 3107 1512 3182 Cum

292 3248 376 3299 vero
400 3224 560 3322 quaedam
584 3223 679 3298 facta
703 3222 887 3298 meliorum
909 3222 1141 3298 deterioribus
1163 3223 1363 3321 displicent,
1381 3246 1511 3319 nequa·

291 3364 397 3437 quarn
424 3337 490 3413 hoc
507 3337 600 3435 quod
618 3348 735 3412 mente
753 3348 872 3411 movet
888 3337 1109 3413 reticendum
1129 3348 1184 3412 est
1201 3338 1261 3412 sod
1280 3363 1362 3413 curn
1379 3360 1513 3432 magna

290 3453 496 3528 humilitate
505 3452 765 3549 proferendum,
778 3452 948 3550 quatinus
958 3451 1109 3526 intentio
1119 3452 1174 3549 pic
1184 3451 1419 3526 sentientiseo
1428 3476 1512 3527 vere

291 3577 412 3644 servet
423 3567 573 3642 formam
587 3566 824 3655 rectitudinis,
836 3590 906 3665 quo
919 3565 1209 3662 praeiturgradus
1222 3562 1450 3670 humilitatis.
1465 3566 1512 3639 Et

292 3681 401 3756 libere
414 3704 501 3777 ergo
513 3681 662 3756 dicenda
675 3690 761 3754 sunt
772 3706 852 3779 quae
865 3679 1040 3753 sentimus
1053 3688 1088 3754 et
1101 3677 1404 3754 valdehumiliter
1417 3680 1511 3776 quod

294 3795 529 3894 promouendo
538 3819 617 3892 quae
630 3795 791 3882 dominic,
801 3819 845 3868 ne
854 3803 993 3868 atrecta
1004 3818 1083 3892 qnae
1096 3792 1325 3879 intendimus,
1336 3790 1410 3868 haec
1419 3793 1513 3868 elate

294 3909 499 4007 proferendo
517 3933 585 3983 non
605 3920 701 3984 recta
714 3909 898 3984 faciamus.
912 3906 1048 3980 Paulus
1064 3906 1287 3983 auditoribus
1304 3906 1380 3979 suis
1399 3906 1513 3981 multa

293 4022 479 4097 humiliter
491 4023 629 4098 dixerat
647 4021 707 4096 sed
725 4022 767 4096 de
784 4021 861 4118 ipsa
878 4021 1120 4097 exhortatione
1137 4021 1277 4110 humili,
1296 4021 1438 4119 placare
1454 4045 1514 4096 eos

293 4135 592 4212 adhuchumilius
605 4136 791 4232 satagebat
803 4136 935 4211 dicens.
944 4139 1171 4232 Rogoautcm
1181 4157 1244 4208 ros
1253 4133 1382 4209 fratres
1391 4144 1432 4207 ut
1441 4134 1515 4208 suf-

295 4249 420 4325 feratis
433 4250 583 4325 verbum
597 4250 728 4325 solacii.
737 4255 782 4324 Et
795 4251 890 4325 enim
901 4275 1077 4348 perpauca
1090 4249 1217 4347 scripsi
1230 4248 1341 4323 robis.
1350 4248 1515 4346 Ephesiis

294 4388 434 4462 quoque
444 4363 559 4438 Mileti
570 4364 672 4439 valde
682 4363 1018 4452 dicens,alfiictisac
1031 4362 1259 4461 gementibus
1272 4362 1515 4437 humilitatem

294 4504 397 4553 suam
410 4478 455 4554 ad
470 4479 675 4554 memoriam
690 4488 833 4555 revocat
848 4478 980 4554 dicens.
993 4478 1156 4576 Vigilate
1171 4477 1347 4553 memoriae
1362 4477 1515 4554 retinen·
