3608 5498
943 405 1141 469 -338-

429 529 523 601 Nam
537 536 573 601 et
585 524 652 602 hoc
667 524 878 599 omnimodis
891 524 1080 600 instituere
1094 525 1231 624 placuit
1244 535 1285 601 ut
1298 527 1358 624 qui
1373 526 1484 601 semel
1498 526 1564 601 sub
1582 551 1657 625 spe

428 640 513 716 ciali
530 640 733 715 defensione
752 639 880 712 Domni
899 638 1093 736 Apostolici
1110 639 1187 713 sive
1202 651 1321 715 nostra
1337 639 1473 715 fuerint
1487 639 1656 738 suscepti,

429 754 620 852 impetrata
637 753 731 828 iuste
744 763 895 827 utantur
908 753 1120 828 defensione.
1135 753 1236 840 Quod
1248 753 1279 827 si
1293 754 1375 853 quis
1387 753 1425 826 in
1440 778 1655 852 quemquam

429 865 574 941 illorum
591 867 653 966 qui
671 866 738 942 hoc
755 866 1017 965 promeruerint
1042 867 1176 942 violare
1198 868 1477 966 presumpserit,
1490 928 1491 931 ,
1503 868 1595 944 sciat
1620 893 1658 943 se

428 980 630 1079 periculum
642 981 727 1054 vitae
740 1005 814 1053 suae
827 978 1070 1054 incursurum.
1080 983 1126 1054 Et
1135 980 1350 1082 subscripsit
1358 984 1555 1079 Imperator
1564 982 1657 1071 otto,

430 1103 467 1167 et
483 1091 650 1190 Episcopi
667 1093 703 1164 X
720 1090 867 1165 abbates
887 1093 921 1165 II
947 1090 1104 1168 Comites
1129 1098 1164 1165 V
1191 1094 1390 1193 Optimates
1416 1099 1449 1167 V
1451 1097 1531 1169 IIII.
1553 1102 1658 1170 Anno

430 1205 625 1282 Dominicae
642 1203 904 1280 iucarnationis
922 1206 1178 1283 DCCCCLXII
1195 1206 1394 1286 indictione
1413 1212 1458 1283 V.

975 1432 1112 1517 OIIIII.

529 1662 644 1757 Super
657 1657 734 1733 haec
746 1658 1002 1732 confirmamus
1011 1658 1076 1733 tibi
1086 1659 1187 1735 beate
1196 1662 1300 1734 Petro
1312 1660 1488 1759 Apostole,
1498 1671 1534 1735 et
1546 1683 1609 1757 por
1621 1672 1657 1733 te

430 1772 567 1848 vicario
574 1771 975 1849 tuoDomnoBenedioto
983 1773 1294 1848 summoPontifioi
1304 1782 1340 1849 et
1348 1772 1546 1848 universali
1557 1777 1659 1870 Papae

433 1886 611 1962 Fuldense
631 1885 888 1961 monasterium
907 1897 944 1961 et
956 1885 1111 1960 ¹Abbatis
1128 1888 1206 1961 eius
1222 1887 1527 1964 consecrationem
1553 1896 1660 1984 atquc

432 2001 551 2074 omnia
565 1999 790 2090 monasteria,
804 2008 925 2075 curtes
939 2010 975 2074 et
991 1999 1097 2074 villas
1110 2025 1200 2099 quas
1212 2003 1251 2075 in
1265 2001 1541 2076 ultramontanis
1554 2001 1661 2098 parti-

433 2113 500 2188 bus
513 2122 661 2188 sanctus
675 2116 805 2187 Petrus
817 2111 947 2186 habere
960 2113 1169 2202 dinoscitur,
1177 2126 1285 2213 atque
1295 2114 1493 2202 Anthesna
1502 2115 1662 2189 Guinoe·

434 2227 552 2324 ringo,
569 2227 647 2303 sive
660 2226 915 2315 Uninlinbaoh‚
928 2251 1008 2325 quae
1020 2253 1041 2299 a
1055 2227 1179 2303 Sancti
1194 2227 1292 2303 Petri
1310 2227 1471 2302 aecclesia
1489 2251 1551 2325 per
1568 2251 1661 2302 com·

434 2343 643 2416 mutationis
668 2342 839 2439 paginam
866 2341 1039 2440 Episcopo
1063 2339 1380 2436 Babenberguensi
1406 2339 1544 2414 collata
1565 2350 1660 2414 sunt.

434 2459 504 2530 Pro
520 2457 650 2555 quibus
664 2456 854 2531 iamdicta
867 2456 1037 2531 oecclesiae
1049 2455 1163 2529 saneti
1180 2454 1277 2530 Petri
1290 2453 1519 2529 concedimus
1532 2463 1568 2529 et
1581 2478 1663 2529 con·

433 2569 621 2644 firmamus
633 2592 772 2643 omnem
785 2567 883 2642 illam
895 2578 1040 2659 terram,
1049 2594 1156 2668 quam
1166 2568 1659 2657 interNarniam‚Terranem

434 2693 471 2758 et
488 2683 671 2781 Spoletum
685 2681 888 2756 habuimus.
901 2684 1079 2757 Praeterea
1093 2683 1160 2758 sub
1174 2682 1326 2758 tuitione
1340 2681 1499 2756 eiusdem
1513 2679 1609 2755 Petri
1623 2691 1660 2754 et

434 2807 556 2873 rostra
565 2806 766 2873 vestrorum
777 2821 1024 2873 successorum
1038 2805 1261 2896 pretaxatum
1273 2795 1515 2893 episcopatum
1525 2793 1661 2868 Baben·

432 2911 608 3009 bergense
625 2911 818 2999 offerimus,
835 2935 950 2985 unum
962 2910 1204 3010 ⁴sappensione
1221 2933 1364 3007 aequum
1386 2911 1402 2983 I
1427 2906 1549 2982 album
1576 2907 1661 2981 lale·

437 3036 556 3103 ratum
574 3026 732 3101 eiusdem
748 3025 815 3100 Ioci
832 3024 995 3122 episcopo
1012 3048 1076 3099 vos
1089 3022 1296 3098 annualiter
1308 3030 1535 3119 suscepturos
1548 3020 1662 3095 sanci-

434 3167 524 3214 mus.
537 3143 584 3214 Et
600 3139 705 3213 infra.
723 3141 765 3212 In
780 3138 951 3213 electione
964 3161 1049 3213 vero
1061 3141 1301 3213 Romanorum
1316 3136 1532 3211 Pontificum
1546 3159 1662 3233 neque

434 3252 523 3328 liber
540 3275 657 3348 neque
672 3275 801 3327 servus
817 3250 862 3324 ad
880 3250 947 3326 hoc
964 3251 1090 3327 venite
1112 3258 1317 3348 praesumat,
1342 3258 1384 3324 ut
1407 3247 1470 3324 ille
1494 3248 1662 3323 Romanis

433 3391 520 3465 quos
537 3366 582 3441 ad
600 3365 693 3440 hanc
711 3389 773 3463 per
790 3365 1084 3440 constitutionem
1112 3374 1317 3440 sanctorum
1344 3372 1486 3461 patrum
1512 3362 1662 3460 antiqua

433 3479 580 3555 admisit
591 3479 808 3555 consuetudo
819 3479 963 3576 aliquod
976 3478 1087 3554 faciat
1099 3477 1406 3575 impedimentum.
1424 3477 1523 3563 Quod
1537 3475 1567 3550 si
1581 3475 1662 3574 quis

433 3603 558 3668 contra
574 3593 667 3668 hanc
683 3603 842 3668 nostram
859 3591 1162 3680 constitutionem,
1180 3600 1217 3666 et
1233 3599 1351 3665 cetera
1369 3590 1489 3664 omnia
1507 3600 1548 3663 ut
1560 3613 1663 3688 supe·

435 3705 519 3779 riori
528 3705 655 3805 capite.
664 3709 712 3779 Et
724 3704 937 3801 subscripsit
947 3703 1128 3780 Henricus
1140 3704 1344 3802 imperator,
1353 3714 1390 3778 et
1399 3702 1564 3800 Episcopi
1574 3705 1662 3777 XIII

434 3829 471 3893 et
490 3816 644 3894 Abbates
661 3821 731 3895 IIII
748 3828 785 3893 et
803 3820 920 3894 Duces
937 3821 990 3893 III
1008 3817 1165 3893 Comites
1181 3819 1288 3891 VIIII
1306 3815 1505 3915 Optimates
1522 3818 1638 3890 VIIII.

998 4042 1096 4128 etv.

534 4270 591 4344 Ab
602 4271 670 4345 hac
687 4268 773 4343 hora
790 4267 828 4340 in
846 4279 952 4343 antea
969 4291 1038 4364 ego
1054 4267 1105 4342 ill.
1119 4276 1326 4365 procurator
1344 4265 1547 4363 patrimonii
1565 4265 1660 4340 beati

440 4382 539 4456 Petri
552 4381 722 4480 Apostoli,
731 4380 824 4479 qnod
837 4391 891 4455 est
903 4381 941 4454 in
955 4379 1005 4454 ill.
1014 4392 1049 4455 et
1062 4380 1099 4453 in
1109 4378 1161 4454 ill.
1170 4379 1246 4454 loeo
1260 4377 1375 4453 fidelis
1388 4387 1522 4454 sanctae
1534 4380 1666 4453 eroRo·

437 4518 553 4568 manre
563 4494 737 4570 ecclesia
753 4503 790 4569 et
806 4496 938 4568 Damno
958 4516 1034 4568 meo
1050 4491 1101 4566 ill.
1114 4495 1218 4591 Papae
1235 4490 1382 4590 suisque
1398 4488 1666 4566 successoribus
