3608 5498
821 379 995 441 ...36-

592 605 635 688 V.
654 602 845 707 Exempla
859 603 1032 690 eiusdem
1046 607 1222 692 concilii.

386 829 599 904 Beatissimo
617 834 722 926 Papa
738 830 847 906 Urbis
864 834 983 905 Roma
1001 831 1184 907 Silvestro.
1198 831 1305 907 Osius
1317 833 1517 931 Episcopus

292 943 530 1019 Cordubensis
544 943 737 1040 provinciae
751 939 948 1044 Hyspanie
965 955 1002 1020 et
1015 946 1140 1020 Victor
1153 956 1188 1022 et
1202 947 1420 1023 Vincentius
1433 950 1517 1021 Pre-

290 1058 426 1154 sbyteri
442 1058 549 1133 Urbis
566 1060 686 1131 Romae
699 1067 735 1132 et
751 1058 870 1132 caeteri
889 1058 1054 1156 Episcopi
1072 1058 1174 1134 CCC.
1197 1064 1231 1134 X
1258 1070 1295 1135 et
1312 1062 1408 1134 VIII.
1421 1059 1516 1133 salu·

291 1179 373 1244 tom.
391 1171 566 1258 Quoniam
584 1170 806 1245 corroborata
823 1181 878 1245 est
894 1171 1011 1245 omnis
1036 1171 1169 1246 divinis
1197 1173 1380 1272 mysteriis
1404 1173 1516 1248 eccle·

294 1282 440 1360 siastica
465 1283 605 1358 utilitas
623 1293 659 1358 et
683 1308 820 1382 eaquae
837 1284 881 1358 ad
900 1285 1006 1359 robur
1023 1286 1207 1382 pertinent
1218 1297 1343 1364 sancte
1356 1286 1516 1363 Ecclesie

293 1398 476 1474 Catholice
493 1408 529 1473 et
547 1398 747 1496 Apostolice
765 1399 810 1473 ad
828 1399 954 1473 Sedem
973 1410 1073 1472 tuam
1095 1403 1303 1490 Romanam,
1327 1400 1515 1498 explanata

290 1509 332 1584 de
357 1533 475 1606 graeco
495 1511 534 1583 in
551 1510 705 1583 latinum
722 1520 825 1606 gesta
851 1513 967 1588 sancti
986 1515 1138 1589 Consilii
1164 1515 1366 1591 scribimus.
1390 1517 1515 1612 Itaque

291 1635 435 1699 censeat
452 1623 568 1720 gloria
587 1635 709 1699 vestra
726 1625 763 1697 in
782 1635 900 1700 vestre
918 1626 1120 1723 Apostolice
1138 1627 1246 1702 Urbis
1271 1628 1354 1702 sinu
1372 1627 1515 1726 Episco-

290 1760 352 1835 pos
369 1738 552 1813 vobiscum
571 1739 676 1813 abere
693 1738 886 1814 concilium
904 1738 1000 1813 sicut
1016 1740 1126 1829 decet,
1151 1750 1193 1815 ut
1210 1743 1328 1816 firmet
1351 1751 1527 1816 vestrum

291 1851 581 1938 sanctimonium,
598 1851 734 1947 gradus
751 1852 923 1948 praefixos,
939 1853 997 1927 vel
1013 1861 1133 1928 textus
1158 1853 1400 1929 ordinationis.
1425 1856 1516 1940 Quo·

289 1965 386 2038 niam
408 1965 581 2063 quidquid
598 1964 853 2040 constituimus
871 1965 910 2037 in
927 1966 1064 2042 Niceno
1080 1968 1250 2056 Concilio,
1267 1992 1457 2065 precamur
1474 1975 1517 2041 ut

289 2080 399 2153 vestri
426 2079 496 2153 oris
520 2079 696 2155 consortio
718 2081 960 2155 confirmetur.
980 2081 1066 2153 Oret
1081 2079 1263 2154 beatitudo
1280 2089 1343 2154 tua
1361 2102 1423 2175 pro
1436 2079 1516 2151 uni·

288 2215 392 2267 verso
414 2192 584 2269 Concilio.
603 2195 695 2266 Data
713 2195 810 2266 VIII.
833 2192 905 2267 kal.
928 2195 1022 2289 Sept.
1040 2193 1191 2267 Paulino
1207 2203 1243 2267 et
1260 2191 1401 2266 Iuliano
1426 2192 1516 2266 Con-

292 2306 441 2381 sulibus.

406 2534 467 2619 Vl.
486 2533 677 2639 Exempla
694 2534 907 2620 Athanasii
925 2535 1106 2640 Episcopi
1124 2534 1398 2621 Alexandrini.

383 2766 518 2837 Domno
543 2771 666 2837 sancto
691 2771 727 2837 et
744 2763 940 2861 Apostolici
957 2761 1128 2837 culminis
1144 2761 1323 2857 dignitate
1344 2782 1517 2835 veneran-

288 2877 341 2967 do,
358 2881 480 2953 Marco
497 2887 631 2952 sanctae
656 2879 822 2950 Romanae
844 2876 1056 2975 Apostolicae
1074 2876 1175 2950 Sedis
1197 2885 1304 2973 atque
1329 2873 1515 2947 universa·

287 2989 334 3064 lis
351 2991 523 3067 Ecclesia
549 2994 663 3087 Papae,
682 2990 904 3064 Athanasius
928 2998 964 3064 et
989 2988 1150 3064 universi
1171 2988 1411 3087 Egyptiorum
1433 2983 1515 3081 Epi·

288 3105 393 3201 scopi.
411 3109 598 3202 Nycenam
617 3104 781 3178 sinodum
799 3103 838 3177 in
855 3102 1110 3179 contumeliam
1129 3113 1287 3175 nostram
1304 3110 1340 3174 et
1351 3098 1512 3173 omnium

288 3217 575 3292 Christianorum
593 3217 721 3290 Ariani
743 3217 990 3293 incenderunt.
1007 3219 1227 3313 Quapropter
1239 3237 1429 3312 precamur
1450 3214 1515 3284 Pa·

289 3339 345 3404 ter
361 3330 565 3406 beatissime
583 3340 624 3404 ut
642 3330 706 3403 illa
731 3329 832 3403 nobis
849 3328 1067 3425 exemplaria
1094 3351 1172 3426 quae
1198 3337 1332 3402 sancta
1358 3324 1516 3400 recorda·
1549 3374 1556 3386 ·

288 3442 395 3517 tionis
422 3443 669 3539 predecessori
692 3452 811 3519 vestro
834 3442 1019 3531 Silvestre,
1038 3439 1146 3515 missa
1163 3440 1323 3528 fuerunt,
1343 3437 1411 3523 sub
1435 3445 1515 3510 tuta

288 3668 404 3742 monio
414 3692 475 3766 per
487 3669 608 3742 beatos
621 3668 717 3741 viros
734 3667 919 3742 Victorem
933 3675 970 3741 et
982 3665 1218 3741 Vincentium
1230 3662 1463 3762 Presbyteros
1475 3668 1514 3734 et

290 3781 536 3877 Apocrisarios
556 3780 766 3878 Apostolicae
784 3779 885 3854 Sedis
913 3778 1022 3852 missa
1039 3788 1125 3853 sunt
1142 3775 1311 3877 praedicto
1333 3778 1429 3870 Papa
1448 3771 1515 3845 Sil·

287 3902 407 3968 vestro
431 3917 514 3968 cum
540 3892 790 3990 astipulatione
808 3891 973 3980 subnixa,
989 3891 1149 3988 capitula
1174 3893 1284 3966 LXX.
1310 3891 1403 3963 Sane
1428 3909 1515 3982 prae·

194 3988 201 4008 ¹
286 4005 449 4080 sentibus
469 4004 570 4079 nobis
586 4007 661 4079 Lx
678 4005 716 4077 in
731 4012 929 4079 memorata
943 4003 1065 4077 sinodo
1078 4001 1237 4100 capitula
1250 4008 1405 4076 tractata
1418 4005 1514 4071 sunt.

288 4119 433 4195 Scilicet
457 4121 575 4194 XXII
591 4145 613 4193 a
630 4117 760 4214 graecis
773 4141 894 4213 graeca
908 4115 1039 4212 lingua
1052 4116 1158 4206 edita,
1171 4126 1207 4192 et
1218 4117 1338 4190 XXX.
1354 4109 1514 4187 alatinis

286 4229 398 4305 latine
415 4241 569 4307 tractata
587 4241 683 4305 sunt.
701 4231 770 4305 Sed
787 4231 908 4305 visum
927 4240 983 4304 est
1002 4228 1104 4306 CCC.
1120 4240 1156 4306 et
1174 4225 1457 4303 VIII.Patribus
1473 4231 1514 4296 ut

286 4345 323 4417 X
338 4344 496 4441 capitula
513 4345 758 4419 adunarentur
775 4345 813 4417 in
831 4343 1005 4438 congruis
1022 4342 1120 4432 locis,
1137 4351 1173 4417 et
1191 4341 1236 4415 ad
1249 4342 1399 4416 formam
1413 4338 1515 4411 LXX

287 4454 543 4552 discipulorum
569 4456 627 4530 vel
647 4457 758 4531 totius
774 4457 867 4531 orbis
885 4465 979 4531 terre
997 4456 1208 4550 linguarum
1231 4456 1342 4528 LXX.
1359 4450 1451 4527 tanti
1477 4458 1514 4524 et
