3608 5498
813 406 1009 474 -272-

299 551 373 602 rem
393 551 533 627 semper
549 535 633 603 ante
649 527 771 603 oculos
788 527 929 617 habere,
945 535 1053 626 atque
1071 527 1120 602 ita
1145 550 1266 623 agere,
1283 534 1325 600 ut
1342 550 1458 625 neque
1474 527 1521 601 ab

292 640 471 715 ominibus
488 640 526 713 in
543 641 711 738 praesenti
729 641 816 730 vita,
833 666 948 740 neque
965 641 1011 716 ab
1035 640 1273 739 omnipotente
1300 642 1372 716 Deo
1396 640 1520 716 valeas

291 753 330 826 in
348 762 506 830 extremo
523 754 655 830 iudicio
673 753 892 854 reprehendi.
910 758 958 830 Et
974 753 1080 828 infra.
1097 757 1152 829 Ita
1168 776 1237 850 ego
1253 776 1334 849 ago,
1350 762 1393 828 ut
1410 753 1519 829 indie

292 867 418 942 iudicii
431 868 473 943 de
487 869 609 944 eadem
622 893 732 945 causa
746 893 826 966 quae
835 867 1064 968 experientiae
1073 866 1518 958 tuaecommisssest,mihi

291 981 451 1058 fructum
470 1007 576 1081 quem
594 983 723 1059 feceris
740 983 916 1058 ostendas.
942 982 1040 1070 Quod
1066 981 1096 1056 si
1125 1005 1213 1079 pure
1238 989 1274 1056 et
1299 980 1449 1056 fideliter
1473 1005 1518 1057 ac

290 1103 437 1171 strenue
454 1096 586 1192 egeris,
603 1105 638 1171 et
654 1096 715 1171 hic
733 1095 824 1170 illud
840 1095 878 1169 in
896 1095 981 1169 filiis
996 1095 1070 1170 tuis
1083 1095 1234 1192 recipies
1245 1103 1282 1169 et
1294 1095 1517 1192 postmodum

292 1208 564 1286 retributionem
583 1209 780 1309 plenariam
797 1209 835 1284 in
858 1208 982 1285 oeterni
1007 1207 1138 1284 iudicis
1153 1207 1317 1284 examine
1341 1206 1497 1284 habebis.

835 1376 971 1462 LXXV.

388 1559 587 1656 Gregorius
604 1559 754 1634 Iohanni
780 1557 1034 1633 Panormitano
1058 1557 1229 1657 episcopo.
1254 1560 1353 1631 Inter
1379 1567 1517 1631 catera.

291 1671 523 1747 Tabularium
541 1683 660 1748 autem
679 1698 853 1749 unacum
872 1696 1049 1748 consensu
1067 1671 1247 1746 seniorum
1273 1681 1310 1746 et
1329 1668 1423 1745 cleri
1445 1694 1517 1746 me-

291 1784 439 1860 mineris
455 1786 703 1876 ordinandum,
720 1788 782 1885 qui
796 1787 901 1861 annis
915 1785 1073 1882 singulis
1086 1785 1130 1859 ad
1143 1785 1401 1884 amputandum
1420 1784 1517 1859 frau-

290 1897 345 1973 dis
363 1899 601 2000 suspicionem
618 1898 839 1975 sollemniter
857 1926 942 1974 suas
957 1899 1083 1975 debeat
1100 1899 1256 1974 rationes
1272 1923 1455 1998 exponere.

827 2075 982 2160 LXXVI.

385 2247 584 2343 Gregorius
598 2251 703 2324 Petro
717 2247 940 2324 subdiacono.
953 2251 1052 2324 Inter
1065 2257 1204 2324 cratera.
1218 2247 1396 2322 Volumus
1414 2272 1515 2323 secu·

289 2360 407 2434 ritatis
425 2360 562 2436 libellos
578 2362 630 2436 ita
643 2363 685 2437 de
699 2362 928 2460 pensionibus
942 2363 1065 2452 facias,
1078 2362 1250 2460 quatinus
1264 2362 1447 2462 imprimas
1464 2361 1516 2435 di-

288 2497 384 2563 cens,
396 2483 534 2549 tantam
547 2476 752 2572 pensionem
765 2500 1059 2575 unumquemque
1072 2475 1272 2575 persolvere
1285 2474 1411 2551 debere
1424 2474 1514 2549 inibi

288 2587 437 2662 adiectis
453 2586 594 2686 siliquis
610 2588 802 2663 honoribus
827 2589 886 2664 vel
911 2590 1172 2688 grammaticis.
1198 2591 1298 2677 Quod
1322 2600 1443 2664 autem
1470 2614 1515 2664 ex

287 2699 344 2774 his
362 2700 525 2776 minutiis
541 2701 579 2775 iu
597 2728 703 2776 usum
722 2703 870 2778 rectoris
886 2702 1089 2792 accedebat,
1106 2702 1187 2779 volo
1203 2714 1245 2778 ut
1268 2703 1334 2781 hoc
1359 2729 1403 2779 ox
1428 2727 1514 2801 praa·

291 2816 384 2891 senti
402 2815 560 2894 iussione
577 2827 762 2908 nostrast
779 2843 921 2894 summa
938 2817 1117 2917 pensionis
1134 2818 1171 2892 in
1190 2844 1259 2893 usu
1276 2827 1339 2894 tuo
1355 2817 1489 2895 veniat.

804 3046 978 3132 LXXVII.

384 3272 582 3365 Gregorius
600 3271 759 3347 Candido
779 3271 950 3371 episcopo.
967 3271 1066 3346 Inter
1090 3278 1228 3345 caetera.
1246 3274 1293 3344 Et
1317 3271 1403 3368 quia
1420 3295 1508 3369 prae·

290 3382 448 3459 sentium
474 3382 565 3458 lator
590 3383 835 3459 calumniosus
851 3407 914 3484 pro
929 3381 999 3458 hac
1016 3384 1260 3480 persecutione
1277 3408 1385 3482 quam
1403 3384 1510 3459 susti-

289 3504 351 3570 net
368 3507 541 3572 oonsueta
560 3496 628 3571 sibi
645 3499 828 3574 commoda
845 3497 890 3572 ab
907 3495 1059 3572 ecclesia
1076 3507 1197 3578 restra
1213 3497 1342 3573 asserit
1357 3498 1511 3594 denega·

288 3607 469 3699 ri,iocirco
482 3609 748 3685 fraternitatem
762 3622 863 3687 tuam
877 3609 1110 3710 praesentibus
1125 3609 1311 3685 hortamur
1327 3611 1512 3711 episcopis,

288 3720 460 3818 quatinus
477 3719 592 3795 nichil
610 3745 691 3797 eum
710 3724 755 3797 ad
773 3722 998 3821 percipienda
1023 3748 1102 3822 quae
1127 3732 1297 3799 consueta
1322 3734 1408 3799 sunt
1432 3724 1509 3800 hrec

288 3833 499 3928 egreditudo
518 3834 645 3910 debeat
658 3835 841 3935 impedire.
850 3836 942 3924 Quia
954 3836 1106 3911 diversis
1123 3836 1160 3909 in
1178 3836 1341 3914 aeclesia
1353 3835 1510 3911 militan-

287 3945 385 4022 tibus
410 3946 512 4021 varia
539 3947 636 4024 sicut
662 3949 757 4023 nosti
781 3973 864 4049 sepe
889 3949 1068 4046 contingit
1097 3950 1297 4026 infirmitas.
1315 3952 1361 4024 Et
1385 3949 1417 4024 si
1441 3949 1508 4027 hoc

288 4057 399 4134 fuerit
415 4059 578 4160 exemplo
598 4061 772 4152 deterriti,
785 4061 910 4138 nullus
925 4063 968 4139 de
985 4073 1113 4139 caetero
1129 4064 1190 4162 qui
1208 4063 1359 4140 ecclesia
1378 4063 1508 4139 militet

287 4173 416 4269 poterit
432 4173 600 4249 inveniri.
618 4175 686 4250 Sed
704 4176 903 4251 secundum
921 4176 990 4253 loci
1014 4177 1093 4254 eius
1117 4178 1276 4254 ordinem
1298 4203 1446 4277 quoeque
1472 4181 1507 4255 ei

287 4284 318 4358 si
335 4311 445 4360 sanus
462 4297 555 4363 esset
571 4296 735 4386 poterant
752 4289 960 4378 ministrari,
972 4289 1015 4364 de
1028 4289 1105 4389 ipsa
1118 4290 1318 4387 exiguitate
1336 4290 1508 4367 aecclesiae

288 4405 404 4497 potest
419 4400 588 4476 accedere
605 4400 813 4477 fraternitas
829 4413 893 4478 tua
918 4401 1033 4478 divini
1057 4402 1355 4505 contemplatione
1380 4404 1507 4479 iudicii

286 4509 411 4608 egenti
429 4510 584 4610 praebsre
602 4535 674 4589 non
690 4513 887 4591 desinatur.
