3608 5498
939 409 987 419 -
1015 387 1127 437 v1-

417 521 566 614 tulere
581 520 815 642 judicium
838 521 886 615 in
909 523 1148 645 praeclaro
1170 523 1247 616 illo
1265 525 1484 637 tractatu⁷
1500 549 1641 642 quem

418 682 608 776 editioni
643 710 837 804 operum
871 682 919 777 S.
955 683 1124 779 Leonis
1158 685 1321 804 Magni
1354 686 1638 806 adjecerunt.

422 844 722 967 Quapropter
754 845 993 967 piaculum
1025 851 1300 969 putaremus
1345 846 1529 959 addere,
1568 845 1640 938 vel

419 1008 633 1101 minuere
666 1006 924 1128 quidquam
948 1036 1007 1101 ex
1028 1007 1101 1121 iia,
1119 1037 1238 1128 quae
1261 1008 1347 1100 viri
1375 1007 1438 1099 illi
1473 1006 1641 1100 doctis-

423 1169 530 1264 simi
552 1169 599 1262 in
622 1167 939 1262 eruditissima
961 1169 1308 1263 elucubratione
1330 1167 1640 1286 tradiderunt,

423 1359 477 1424 ac
499 1327 694 1451 proinde
716 1327 844 1420 illam
868 1329 978 1422 huic
1001 1333 1188 1423 nostrae
1211 1330 1397 1425 editioni
1420 1329 1642 1451 praemit-

418 1488 611 1583 tendam
644 1488 929 1583 censuimus.
963 1489 1037 1582 Ea
1077 1489 1403 1620 tantummodo
1435 1490 1641 1610 praeter-

418 1648 652 1761 misimus
665 1677 785 1768 quae
802 1649 849 1741 in
868 1653 1030 1744 nostra
1047 1650 1244 1743 editione
1256 1651 1642 1768 leguntunquae-

420 1841 512 1935 que
534 1811 599 1904 illi
632 1839 692 1904 ex
715 1811 871 1905 codice
891 1816 1113 1934 excerpta
1144 1813 1192 1905 in
1226 1841 1311 1906 suo
1333 1814 1538 1905 tractatu
1572 1810 1642 1903 iu-

421 1977 688 2089 seruerunt,
711 2001 878 2096 nempe
911 1975 1154 2095 epistolam
1188 1975 1397 2094 ejusdem
1431 1973 1643 2067 Deusde-

421 2136 488 2230 dit
523 2135 581 2229 ad
603 2135 843 2229 Victorem
866 2134 937 2228 ΙΙΙ
965 2107 1009 2228 61
1041 2133 1307 2255 fragmenta
1339 2135 1640 2256 epistolarum

421 2297 469 2392 S.
485 2296 660 2391 Gelasii
673 2295 710 2412 Ι,
725 2296 907 2414 Pelagii
921 2294 959 2411 Ι,
972 2296 1168 2389 Honorii
1187 2295 1208 2388 1
1226 2300 1272 2389 61
1284 2297 1331 2390 S.
1345 2296 1561 2414 Gregorii
1579 2295 1639 2389 11.

550 2457 673 2548 «Ex
706 2458 795 2549 hae
829 2456 1022 2578 epistola
1047 2456 1236 2578 (nempe
1269 2486 1327 2549 ex
1361 2454 1643 2549 dedicatoria
1755 2572 1758 2578 .

418 2651 443 2710 »
473 2619 531 2713 ad
564 2619 809 2712 laudatum
830 2618 1069 2713 Victorem
1092 2619 1184 2740 ΙΙΙ)
1205 2622 1332 2742 patet
1361 2618 1641 2712 collectionis

418 2813 444 2871 s
473 2780 636 2874 divisio
669 2780 717 2872 in
745 2779 887 2873 libros
911 2784 1128 2901 quatuor,
1145 2808 1347 2901 quorum
1369 2781 1551 2903 primus
1585 2781 1640 2875 de

419 2976 444 3033 »
474 2944 693 3038 Primatu
716 2946 761 3036 et
782 2945 1009 3064 potestate
1031 2944 1269 3037 Ecclesiae
1302 2945 1484 3037 constat
1506 2972 1565 3037 ex
1586 2944 1644 3037 ti-

421 3140 445 3194 »
476 3105 603 3218 tulis
622 3133 704 3198 seu
728 3104 943 3225 capitulis
966 3105 1325 3219 conserendus
1350 3106 1405 3199 de
1428 3106 1642 3200 Romano

419 3302 444 3359 ›>
476 3269 610 3363 Clero
634 3296 693 3360 ex
717 3295 817 3389 cap.
847 3267 950 3382 132,
971 3267 1138 3362 tertius
1161 3267 1217 3361 de
1238 3270 1379 3362 rebus
1403 3269 1641 3364 Ecclesiae

418 3459 531 3523 sex
567 3457 668 3550 cap.
710 3425 812 3540 159,
846 3430 892 3520 61
924 3432 1121 3548 quartus
1155 3429 1210 3522 de
1243 3429 1456 3522 libertate
1483 3429 1645 3522 Eccle-

418 3622 443 3679 ›>
472 3589 568 3684 siae
602 3593 647 3683 et
680 3617 842 3684 rerum
876 3590 977 3711 ejus
1012 3618 1066 3682 ac
1100 3589 1223 3682 Cleri
1256 3618 1315 3682 ex
1349 3618 1449 3713 cap.
1489 3590 1589 3684 162.

545 3752 735 3860 »Quae
768 3781 878 3846 vero
912 3755 957 3846 et
990 3780 1132 3874 quam
1166 3753 1411 3871 grauiam
1444 3753 1557 3874 ipsis
1590 3754 1644 3846 li-

419 3946 444 4005 »
474 3914 570 4007 bris
585 3913 937 4029 contineantur,
961 3913 1250 4008 demonstrat
1276 3915 1378 4036 ipsa
1398 3915 1643 4010 titulorum

421 4078 650 4193 stabula,
679 4104 800 4197 quae
831 4080 938 4198 post
969 4076 1213 4197 epistolam
1246 4077 1639 4198 nuncupatoriam

416 4238 631 4331 »statim
665 4237 926 4359 subjicitur.
947 4240 1079 4334 Haec
1112 4238 1253 4332 veluti
1295 4265 1456 4332 rerum
1486 4238 1642 4354 iudea,

417 4433 442 4491 ›>
471 4431 555 4498 seu
582 4402 726 4497 totius
759 4404 911 4528 operis
935 4402 1218 4498 breviarium
1237 4398 1558 4498 Ferrandiano
1581 4400 1642 4497 si·
