3608 5498
796 377 993 441 -468-

287 495 457 585 relicuus,
475 494 642 590 religiose
659 495 748 570 satis
765 496 807 571 de
825 496 892 572 hoc
917 507 1119 596 sanctaque
1135 498 1295 574 decernit
1310 498 1368 574 his
1384 499 1517 597 praeci·

287 607 389 705 piens
410 608 738 684 aecclesiaedomum
758 608 865 698 tradi,
881 609 1011 706 quibus
1029 609 1142 683 Italiae
1167 609 1366 685 sacerdotes
1390 625 1427 686 et
1443 613 1516 685 Ro-

287 745 417 795 manus
435 723 629 819 Episcopus
646 721 853 797 scriberent.
869 724 917 795 Et
937 721 987 795 ita
1013 722 1203 819 pradictus
1220 722 1356 797 Paulus
1380 723 1426 797 ad
1442 746 1516 797 cae-

288 842 365 907 tera
383 834 478 907 mala
496 834 603 908 etiam
621 834 688 909 hoc
705 833 883 909 dedecoris
907 835 1100 932 acquisivit
1121 845 1163 911 ut
1179 861 1287 909 manu
1304 835 1447 933 publica
1464 835 1516 911 de

288 945 450 1022 aecclesia
469 947 671 1044 pelleretur.
689 950 735 1021 Et
752 957 839 1022 tuuc
857 947 999 1044 quidem
1016 948 1099 1022 talis
1116 971 1284 1044 ergaruos
1300 956 1378 1024 erat
1394 953 1516 1023 Aure-

288 1059 418 1136 lianus.
430 1065 604 1138 Processu
620 1077 707 1137 vero
724 1060 893 1158 temporis
910 1062 1088 1135 inmutare
1110 1061 1277 1158 propositi
1302 1061 1358 1134 sui
1375 1060 1517 1135 bonum

288 1172 394 1270 cepit,
412 1184 448 1249 et
471 1175 578 1250 malis
603 1173 762 1250 consiliis
787 1173 1013 1270 depravatus,
1029 1172 1310 1269 persecutionem
1334 1196 1422 1268 erga
1439 1173 1514 1247 Dei

289 1287 460 1362 ecclesias
486 1288 661 1376 meditari,
680 1310 834 1384 eousque
859 1284 1064 1358 vindicatus
1089 1284 1179 1382 quod
1200 1276 1344 1358 dictatis
1360 1284 1432 1356 iam
1449 1282 1516 1358 lit·

288 1399 376 1472 teris
388 1408 424 1474 et
441 1400 594 1498 scriptis,
607 1425 691 1475 cum
709 1397 783 1473 sola
800 1407 970 1494 superent
986 1397 1210 1495 subscriptio,
1223 1397 1347 1471 divina
1363 1396 1515 1471 dextera

289 1509 534 1587 interveniens
547 1511 820 1612 suscriptionem
831 1500 980 1584 nefande
993 1509 1144 1585 dexterae
1157 1501 1517 1584 deturbaveritMor·

288 1631 323 1695 te
341 1623 460 1697 subita
477 1625 769 1722 condempnatur,
781 1621 873 1720 quod
889 1644 1062 1719 epyorum
1080 1621 1260 1716 sauguine
1277 1619 1453 1708 censebat,
1465 1630 1515 1695 ut

288 1734 471 1810 ostendere
489 1739 586 1811 Deus
610 1736 694 1834 quia
718 1758 790 1809 non
810 1759 895 1808 cum
911 1732 1067 1808 voluerit
1084 1743 1265 1831 tyrannus
1289 1731 1515 1824 cruciamur,

287 1847 349 1921 sed
367 1871 450 1922 cum
467 1849 671 1947 probaverit
689 1848 764 1946 ipse
781 1844 1006 1942 corripimur.

851 2010 947 2096 CXL.

197 2150 199 2154 Ι
294 2164 377 2240 Item
395 2199 438 2240 ex
455 2187 594 2242 historia
610 2187 705 2241 Pauli
723 2185 852 2239 diaconi
870 2196 971 2252 quem
989 2184 1165 2238 subnexuit
1181 2184 1327 2251 hystorie
1345 2183 1499 2250 mutroprr

806 2272 864 2325 lib.
885 2274 989 2325 XIIII.

383 2408 478 2479 Dum
496 2407 611 2483 Attila
635 2430 701 2482 rex
726 2409 941 2480 Hunnorum
963 2409 1111 2480 Romam
1135 2405 1353 2495 obsessurus,
1372 2428 1412 2481 eo
1432 2406 1515 2482 loco

288 2540 358 2616 quo
381 2520 539 2594 Mincius
564 2520 698 2594 fluvius
723 2519 844 2595 influit
868 2519 1005 2594 Padum
1033 2528 1308 2594 castrametatus
1333 2527 1426 2594 esset
1449 2520 1516 2595 vir

289 2632 539 2707 sanctissimus
556 2632 694 2729 primus
711 2635 779 2706 Leo
797 2634 893 2728 Papa
918 2631 962 2706 ad
979 2656 1062 2706 cum
1088 2632 1248 2706 accessit.
1266 2631 1336 2718 Qui
1362 2656 1445 2706 cum
1464 2633 1517 2709 ad

289 2766 412 2838 regem
424 2744 615 2819 barbarum
629 2745 817 2840 ingressus
830 2753 924 2818 esset
936 2752 1067 2818 cuncta
1081 2753 1123 2817 ut
1136 2751 1322 2839 optaverat
1334 2743 1515 2836 obtinens,

211 2882 213 2887 ·
289 2878 360 2929 nou
377 2857 493 2931 solum
510 2861 640 2944 Rornae,
657 2858 719 2931 sed
736 2857 844 2931 etiam
869 2854 979 2929 totius
995 2853 1109 2929 Italiae
1133 2853 1287 2929 salutem
1305 2855 1516 2954 reportavit.

289 2969 451 3043 Territus
468 2994 622 3068 namque
639 2979 732 3044 nutu
749 2969 814 3043 Dei
834 2967 946 3052 Attila
963 2967 1091 3054 fuerat,
1104 2991 1170 3042 nec
1186 2965 1285 3039 aliud
1302 2966 1437 3042 Christi
1454 2993 1516 3041 sa·

288 3081 421 3156 cerdoti
439 3082 534 3180 loqui
552 3081 680 3169 valuit,
696 3082 767 3155 nisi
793 3078 885 3178 quod
901 3079 976 3179 ipse
1002 3079 1216 3178 peroptabat.
1233 3082 1363 3153 Fertur
1387 3079 1516 3177 itaque

290 3203 367 3289 post
384 3193 579 3268 discessum
593 3194 775 3268 Pontificis
791 3193 1054 3287 interrogatum
1073 3191 1224 3266 Attilam
1241 3190 1362 3279 asnis,
1374 3215 1439 3266 cur
1452 3191 1512 3265 ul·

289 3315 345 3378 tra
363 3305 519 3395 solitum,
535 3316 674 3380 tantam
694 3303 932 3381 reverentiam
952 3306 1108 3378 Romano
1119 3303 1285 3378 Pontifici
1299 3301 1518 3395 exhibuerit,

289 3415 458 3513 quoniam
475 3417 602 3515 inquid
619 3442 708 3513 pene
724 3418 770 3492 ad
786 3417 904 3491 omnia
921 3438 1000 3513 quae
1022 3415 1083 3491 ille
1110 3416 1320 3515 imperasset
1336 3415 1518 3513 obtempe·
1545 3513 1550 3519 ι

292 3527 395 3600 ravit.
404 3531 505 3603 Tunc
524 3552 645 3624 regem
664 3530 895 3628 respondisse,
907 3551 978 3602 uon
994 3552 1033 3602 se
1049 3528 1127 3603 eius
1144 3529 1206 3626 qui
1223 3529 1418 3603 advenerat
1434 3553 1517 3626 per·

290 3663 414 3715 sonam
437 3640 632 3716 reveritum
657 3666 745 3730 esse,
761 3642 821 3717 sed
845 3640 957 3714 alium
981 3639 1102 3714 virum
1129 3641 1229 3715 iuxta
1246 3666 1329 3716 eum
1346 3641 1384 3713 in
1409 3640 1517 3716 abitu

291 3752 501 3827 sacerdotali
514 3763 691 3828 astantem
704 3754 848 3842 vidisse,
863 3755 976 3829 forma
988 3756 1208 3849 augustiore,
1220 3754 1352 3830 canitie
1364 3777 1518 3829 venera·

291 3863 366 3952 bili,
382 3865 556 3963 illumque
581 3866 774 3962 evaginato
798 3867 918 3962 gladio
942 3864 1009 3939 sibi
1036 3865 1244 3941 terribiliter
1270 3874 1420 3940 mortem
1445 3868 1517 3941 mi·

291 3987 436 4051 nantem
451 3978 521 4050 nisi
534 3988 666 4052 cuncta
679 4002 758 4075 quae
771 3977 832 4053 ille
848 3978 990 4077 petebat
1008 3977 1178 4076 explesse.
1192 3982 1238 4052 Et
1254 3979 1358 4051 iufra.
1371 3980 1517 4054 Mortuo

293 4089 548 4164 Valentiniano
564 4093 616 4164 III
634 4114 739 4187 quem
757 4090 922 4164 Transila
939 4091 1041 4166 miles
1055 4090 1170 4164 AEthii
1188 4115 1271 4165 cum
1284 4092 1394 4166 XXX
1405 4091 1517 4166 anuis

293 4200 481 4299 imperium
500 4203 661 4289 rexisset,
686 4203 837 4297 peremit
855 4205 1034 4277 Maximus
1058 4202 1153 4302 apud
1177 4204 1301 4278 urbem
1319 4202 1515 4300 imperium

292 4311 437 4401 invasit,
453 4324 489 4389 et
514 4324 590 4409 post
607 4313 694 4387 duos
716 4338 855 4388 menses
881 4315 1088 4390 aRomanis
1112 4315 1151 4387 in
1172 4338 1297 4412 campo
1315 4314 1442 4389 martio
1459 4339 1518 4392 oc·

294 4421 392 4496 cisus
416 4435 479 4498 est.
496 4427 544 4499 Et
567 4425 736 4500 contiuuo
753 4426 970 4501 chsericus
988 4424 1252 4500 Vvaidaelorum
1279 4450 1341 4501 rex
1358 4425 1518 4502 navibus
