3608 5498
802 419 1001 483 -389-

289 541 416 616 dicate.
433 542 512 614 Non
538 539 634 615 enim
659 561 941 637 possumusque
966 536 1124 612 vidimus
1145 546 1181 613 et
1196 537 1414 627 audivimus,
1439 561 1511 613 non

289 655 396 752 loqui.
413 653 482 728 Sed
498 653 584 750 quia
600 653 717 728 saneti
734 653 805 726 viri
821 651 866 726 ad
883 648 992 726 verba
1008 659 1109 726 tante
1125 650 1329 725 altitudinis
1353 651 1428 727 zelo
1452 676 1512 725 ve·

291 767 420 855 ritatis,
437 790 507 840 non
523 775 644 842 autem
662 766 750 840 vitio
766 764 931 841 elationis
951 762 1115 852 exiliunt,
1138 763 1207 862 ipsi
1232 773 1396 864 patenter
1421 764 1511 839 iudi·

290 891 385 969 cant,
402 879 463 978 qui
480 878 586 954 factis
603 878 778 977 dictisque
794 877 876 953 aliis
892 887 929 953 et
953 886 1087 975 quanta
1111 877 1318 952 hnmilitate
1343 876 1509 975 polleant,

290 1003 327 1069 et
350 1017 439 1088 erga
460 1015 621 1090 eosquos
639 992 865 1088 redarguunt
881 1000 1016 1090 quanta
1032 990 1187 1074 caritate
1200 991 1376 1079 ferveant,
1400 990 1513 1066 mani·

291 1106 434 1181 festant.
452 1104 625 1202 Superbia
642 1104 771 1203 quippe
787 1105 906 1180 odium
923 1115 1084 1200 generat,
1109 1105 1176 1181 hoc
1200 1128 1366 1181 amorem.
1392 1106 1512 1181 Verba

290 1221 412 1317 itaque
425 1243 505 1317 quae
516 1242 616 1293 amor
627 1218 775 1316 expirat,
788 1218 944 1317 profecto
956 1243 1002 1293 ex
1013 1218 1109 1294 fonte
1120 1217 1337 1293 humilitatis
1354 1227 1511 1293 manant.

293 1333 473 1422 Quomodo
489 1331 586 1408 enim
603 1336 734 1408 Petrus
751 1357 814 1431 per
829 1332 1019 1408 elationem
1037 1331 1260 1433 principibus
1276 1332 1419 1422 restitit,
1431 1356 1515 1431 quo·

293 1471 372 1521 rum
390 1446 500 1522 errori
519 1446 748 1544 compatiens,
762 1456 901 1521 reatum
915 1447 1018 1522 velut
1029 1455 1178 1523 excusat
1189 1447 1321 1522 dicens.
1335 1446 1416 1523 Scio
1429 1446 1513 1545 quia

293 1584 356 1658 per
383 1558 625 1656 ignorantiam
650 1559 798 1647 fecistis,
815 1559 911 1636 sicut
927 1569 964 1636 et
988 1561 1168 1662 principes
1192 1561 1314 1636 vestri.
1334 1563 1431 1636 Deus
1451 1561 1514 1658 qni

293 1673 551 1771 praenuntiavit
564 1696 626 1771 per
635 1697 673 1748 os
685 1673 845 1747 omnium
858 1674 1108 1773 prophetarum
1118 1674 1192 1773 pati
1203 1674 1387 1752 Christum
1397 1701 1515 1765 suum,

293 1787 457 1886 implevit
474 1789 537 1863 sic.
554 1786 654 1874 Quod
670 1786 845 1861 advitam
860 1789 1135 1865 misericorditer
1148 1799 1291 1865 revocat
1304 1789 1436 1865 dicens.
1450 1791 1514 1864 Pe·

293 1900 458 1976 nitemini
477 1901 592 1998 igitur
609 1910 645 1976 et
661 1901 913 1976 convertimini
930 1910 967 1976 et
992 1912 1119 1978 cetera.
1145 1903 1323 1990 Quomodo
1348 1902 1515 1976 Heliseus

293 2015 414 2090 videre
431 2018 581 2090 Nemam
599 2038 643 2089 ex
659 2014 810 2090 elatione
828 2014 954 2104 voluit,
971 2017 1034 2115 qui
1051 2040 1121 2092 non
1142 2016 1257 2091 solum
1283 2041 1321 2091 se
1345 2015 1515 2113 conspici,

293 2130 353 2205 sed
373 2129 488 2204 teneri
509 2129 617 2204 etiam
636 2153 657 2200 a
677 2127 825 2203 muliere
843 2130 1017 2227 permisit.
1038 2131 1142 2206 Siout
1162 2131 1337 2230 scriptum
1362 2141 1425 2205 est.
1443 2136 1514 2228 Ap·

292 2243 479 2343 prehendit
501 2242 606 2339 pedes
623 2241 712 2331 eins,
728 2250 764 2317 et
788 2251 916 2318 cetera.
935 2244 1113 2331 Quomodo
1138 2245 1262 2319 Helias
1285 2244 1437 2343 superbo
1461 2230 1515 2320 're

294 2359 334 2455 gi
351 2356 630 2456 increpationem
649 2380 711 2454 per
728 2356 891 2432 timorem
918 2358 1053 2449 intulit,
1071 2359 1134 2458 qui
1153 2370 1237 2434 ante
1262 2359 1340 2435 eins
1364 2385 1514 2435 currum

294 2473 482 2548 humiliter
498 2473 670 2548 cucurrit.
691 2472 795 2547 Siout
820 2473 994 2570 scriptum
1020 2483 1084 2548 est.
1111 2473 1357 2571 Acointusque
1382 2472 1516 2548 lumbis

295 2587 461 2662 currebat
484 2595 568 2660 ante
594 2584 723 2660 Ahab‘?
748 2586 928 2672 Quomodo
952 2586 1096 2661 Nathan
1123 2587 1367 2662 contradicere
1392 2610 1515 2683 regem

295 2725 356 2798 per
373 2699 483 2774 verba
500 2697 754 2797 increpationis
770 2699 904 2788 timuit,
920 2701 982 2799 qni
1000 2726 1084 2776 oum
1101 2700 1318 2800 increpanda
1335 2701 1441 2799 eulpa
1459 2701 1515 2777 de·

295 2823 399 2903 esset,
415 2813 454 2886 in
470 2824 602 2888 terram
620 2837 658 2887 se
674 2812 752 2888 eius
769 2815 975 2913 conspectui
993 2838 1125 2911 pronus
1141 2814 1298 2891 stravit?
1315 2815 1418 2890 Sient
1431 2815 1517 2890 sori·

296 2938 396 3026 ptum
414 2937 469 3002 est
486 2927 747 3001 nuntiaverunt
763 2929 842 3023 regi
860 2927 1030 3017 dicentes,
1046 2928 1146 3004 adest
1169 2927 1315 3003 Nathan
1337 2928 1515 3026 propheta

296 3042 458 3139 Cumque
482 3040 664 3115 introisset
687 3040 848 3114 adoravit
873 3066 956 3116 eum
982 3065 1115 3140 pronus
1142 3042 1179 3116 in
1204 3052 1312 3117 terra.
1338 3043 1516 3130 Quomodo

296 3160 440 3254 Moyses
460 3155 538 3251 regi
552 3154 696 3253 Egiptio
709 3154 818 3230 libere
832 3155 1003 3229 resistens
1020 3178 1103 3229 eum
1118 3155 1298 3254 despicere
1311 3155 1436 3253 potuit,
1453 3156 1515 3254 qni

298 3273 370 3345 Deo
394 3268 617 3344 familiariter
642 3268 856 3367 colloquens,
880 3277 1088 3367 sequentem
1113 3293 1152 3345 se
1176 3268 1296 3345 Iethro
1319 3279 1516 3365 cognatum

297 3383 482 3460 humiliter
498 3383 686 3458 adoravit?
703 3386 757 3456 Ex
774 3381 855 3457 aliis
872 3405 959 3479 ergo
984 3391 1189 3458 sanctorum
1214 3381 1320 3458 factis
1343 3382 1516 3458 discimus

298 3499 383 3597 quid
400 3500 442 3574 de
459 3498 541 3573 aliis
558 3522 707 3597 pensare
724 3499 924 3573 debeamus.
938 3497 1061 3572 Sancti
1075 3498 1207 3574 etenim
1220 3496 1291 3572 viri
1304 3522 1371 3574 nec
1387 3523 1432 3573 ex
1447 3497 1518 3574 ela·

297 3613 392 3687 tione
409 3612 476 3687 sibi
494 3611 608 3702 liberi,
625 3637 692 3688 nec
716 3637 761 3687 ex
784 3612 910 3687 timore
936 3609 1115 3685 submissi.
1141 3611 1211 3686 Sed
1235 3636 1319 3686 oum
1341 3610 1517 3685 rectitudo

297 3727 374 3801 eius
392 3727 437 3802 ad
454 3726 655 3802 libertatem
673 3727 771 3802 vocis
787 3727 909 3823 erigit,
922 3724 1157 3801 consideratio
1169 3724 1318 3823 propriae
1331 3724 1518 3798 infirmita-

298 3841 346 3916 tis
362 3840 400 3914 iu
418 3840 623 3917 humilitate
639 3841 789 3916 custodi.
806 3841 940 3939 Culpas
957 3839 1100 3939 quidem
1118 3839 1403 3939 delinquentium
1425 3849 1462 3914 et
1486 3838 1518 3914 si

298 3955 430 4031 exalto
447 3955 673 4053 increpantes
688 3955 820 4045 ferunt,
837 3954 1044 4054 semetipsos
1057 3965 1176 4030 tamen
1189 3954 1284 4054 apud
1296 3979 1334 4030 se
1347 3953 1518 4030 subtilius

299 4068 509 4157 iudicantes,
526 4068 628 4166 quasi
645 4068 683 4142 in
700 4068 849 4145 abiectis
865 4078 1012 4166 ponunt.
1030 4072 1077 4145 Et
1093 4092 1163 4168 quo
1180 4093 1291 4167 prava
1307 4064 1347 4143 in
1363 4066 1444 4143 aliis
1465 4067 1520 4144 in·

299 4192 471 4258 secuntur
488 4205 528 4256 oo
543 4182 588 4256 ad
606 4181 845 4282 reprimendos
862 4207 900 4257 se
918 4181 1107 4258 atrociores
1125 4182 1284 4258 redeunt.
