3608 5498
821 377 993 443 -27-

294 503 383 574 Item
401 498 444 574 de
463 499 663 575 reverentia
681 524 807 598 regum
828 499 1040 596 Anglorum.
1057 501 1142 599 Cap.
1159 501 1361 579 CXXXIII.

293 616 380 689 Item
412 613 454 688 de
483 617 685 690 reverentia
716 638 844 711 regum
872 615 981 689 etiarn
1013 615 1237 691 ereticorum.
1263 617 1348 715 Cap.
1369 620 1515 693 XLVII.

365 729 625 804 CXXXVIIII.
643 731 747 805 CXL.

293 842 393 929 Quod
411 846 606 941 Imperator
623 846 822 918 Romanum
842 844 1048 920 Pontificem
1074 868 1201 941 rogare
1218 869 1288 920 non
1313 843 1434 920 iubere
1459 845 1515 919 de-

361 955 453 1031 beat.
467 957 551 1054 Cap.
569 959 823 1032 LXXXVIIII.

295 1073 345 1146 De
371 1071 535 1169 snperbia
552 1075 809 1170 Imperatorum
829 1069 1011 1146 Anastasii
1036 1080 1072 1145 et
1090 1070 1313 1147 Michaheiis.
1331 1071 1416 1169 Cap.
1438 1071 1513 1146 CII.

292 1300 344 1372 De
362 1295 545 1372 Vitaliano
561 1299 701 1386 comite,
719 1298 781 1395 qni
799 1323 908 1374 cansa
928 1298 1006 1373 fidei
1026 1299 1206 1395 pugnavit
1222 1307 1346 1376 contra
1365 1304 1517 1375 Anasta·

362 1409 467 1482 sium.
485 1410 569 1506 Cap.
587 1411 745 1486 CXLIII.

292 1524 344 1596 De
361 1520 560 1597 differentia
578 1523 762 1600 Pontificis
780 1533 816 1599 et
833 1524 954 1621 Regis.
980 1526 1065 1624 Cap.
1083 1529 1174 1602 XLI.
1192 1529 1340 1604 XCVII.

291 1636 391 1723 Quod
416 1647 493 1733 post
518 1637 653 1712 Christi
671 1639 867 1713 adventum
893 1665 960 1715 nec
986 1640 1150 1715 Pontifex
1173 1665 1302 1716 nornen
1325 1645 1515 1740 Imperato

364 1747 423 1838 ris,
441 1774 506 1825 nec
524 1755 719 1849 Imperator
736 1751 793 1825 ins
811 1755 996 1829 Pontificis
1014 1755 1212 1852 usurpavit.
1230 1756 1317 1854 Cap.
1343 1757 1493 1832 XCVII.

291 1863 391 1950 Quod
413 1865 597 1940 Pontificis
621 1865 786 1940 electioni
813 1867 871 1942 vel
898 1869 1107 1965 promotioni
1133 1868 1273 1945 laicalis
1297 1879 1452 1967 potestas
1477 1897 1515 1946 se

362 1979 573 2055 interserere
587 2003 656 2053 non
670 1980 781 2056 debet.
796 1982 880 2078 Cap.
897 1985 996 2056 XVI.
1010 1983 1212 2057 CXXXVI.
1226 1982 1384 2058 CXLVI.
1397 1983 1434 2055 in
1446 1985 1514 2058 IIIo

363 2094 423 2167 lib.
443 2095 546 2169 CLII.
564 2103 600 2168 et
618 2095 739 2169 CLIII.

294 2208 396 2296 Quod
413 2206 539 2282 electio
556 2207 721 2306 Episcopi
739 2208 798 2283 vel
816 2209 1033 2309 Presbyteri,
1050 2211 1109 2284 vei
1126 2210 1273 2285 Diaconi
1293 2211 1330 2283 in
1348 2208 1516 2308 principi-

364 2321 432 2395 bus
449 2322 545 2397 facta
562 2322 664 2396 irrita
682 2322 741 2396 sit.
759 2324 843 2422 Cap.
860 2328 923 2398 XI.

293 2440 392 2526 Quod
408 2439 559 2537 populns
576 2437 673 2513 solus
687 2463 756 2513 non
775 2439 878 2514 debet
896 2439 1103 2513 Sacerdotes
1120 2437 1265 2535 eligere.
1283 2440 1368 2537 Cap.
1381 2441 1515 2514 XVIII.

363 2553 452 2626 etin
472 2554 504 2627 1⁰
523 2551 582 2626 lib.
600 2552 761 2628 CXCVI.

293 2666 392 2753 Quod
418 2666 570 2765 populus
594 2667 772 2742 docendus
796 2667 844 2741 sit
873 2690 943 2742 non
968 2667 1180 2765 sequendus.
1211 2667 1296 2766 Cap.
1325 2669 1515 2742 XXXVII.

363 2783 588 2856 XXXVIIII.

292 2895 392 2982 Quod
413 2896 574 2994 Episcopi
593 2896 744 2970 Romani
763 2894 947 2970 Pontificis
964 2894 1047 2968 sint.
1064 2894 1149 2992 Cap.
1166 2897 1240 2968 LX.

292 3012 343 3084 I)e
359 3009 417 3082 his
434 3011 496 3109 qui
514 3010 704 3085 coniurant
720 3011 893 3085 adversus
911 3007 1110 3083 Pontifices.
1127 3008 1210 3106 Cap.
1230 3010 1312 3081 XV.

291 3123 392 3210 Quod
410 3124 616 3221 Imperatori
635 3148 705 3198 non
724 3124 830 3199 liceat
848 3124 1038 3199 Pontifices
1051 3122 1221 3198 iudicare.
1238 3122 1323 3220 Cap.
1336 3123 1462 3195 XLIII.
1479 3130 1515 3194 et

362 3236 404 3310 de
422 3236 538 3334 prima
556 3237 648 3312 sede.
665 3241 819 3312 XXXV.

295 3353 385 3424 Item
398 3352 490 3447 quod
503 3350 536 3425 ei
551 3375 619 3424 non
638 3351 744 3426 liceat
756 3376 815 3426 eos
827 3378 849 3426 a
862 3351 1077 3449 suispeller·e
1086 3351 1239 3426 sedibus.
1249 3351 1333 3448 Cap.
1342 3350 1513 3423 XXXIII.

363 3467 552 3538 XXXIIII.
570 3468 643 3538 XL.
660 3474 696 3540 et
713 3466 872 3541 CCVIII.
891 3465 927 3540 in
946 3469 978 3540 Ιο
997 3466 1056 3540 lib.
1073 3468 1299 3540 XXXVIIII.

295 3579 396 3665 Quod
416 3580 617 3654 sacerdotes
634 3579 679 3653 ab
696 3584 910 3678 Imperatore
928 3581 1124 3655 honorandi
1149 3589 1235 3655 sunt
1260 3601 1329 3653 non
1354 3577 1514 3653 iudican-

362 3693 408 3768 di.
426 3694 511 3791 Cap.
530 3695 656 3768 LVIII.

292 3809 393 3896 Quod
405 3809 605 3884 sacerdotes
620 3809 656 3882 in
667 3833 768 3884 sacro
780 3809 918 3908 eloquio
930 3808 979 3882 dii
993 3819 1028 3884 et
1040 3808 1162 3905 angeli
1174 3807 1414 3882 nominantur.
1428 3807 1513 3903 Cap.
1607 3905 1610 3910 ὓ

361 3924 435 3999 eod.

290 4037 391 4124 Quod
407 4061 473 4112 nec
492 4036 600 4132 ligari
618 4063 684 4113 nec
702 4037 792 4113 solvi
811 4046 959 4136 possunt
975 4062 996 4110 a
1015 4060 1111 4133 rege.
1129 4037 1216 4134 Cap.
1235 4035 1400 4110 XCVIII.

289 4152 389 4239 Quod
423 4150 544 4226 cleriei
580 4177 650 4226 non
684 4163 770 4227 sunt
801 4150 984 4228 iudicandi
1011 4177 1033 4225 a
1060 4149 1240 4226 iudicibus
1269 4147 1402 4224 saecnii.
1427 4149 1513 4246 Cap.

362 4266 537 4340 CXLIIII.
555 4266 622 4340 CL.

290 4379 341 4452 De
358 4377 523 4453 libertate
539 4380 754 4469 eorumdem,
770 4388 806 4455 et
822 4404 893 4479 qna
910 4404 1001 4479 pena
1020 4380 1241 4456 mulctentur
1253 4386 1457 4455 crassantes
1474 4377 1511 4450 in

361 4513 429 4564 eos.
446 4492 531 4590 Cap.
548 4494 616 4567 CL.
636 4492 774 4567 CLIIII.
