3608 5498
805 414 846 433 -
870 382 938 448 ala
960 415 1004 430 ·-·

290 504 458 605 deposcit,
467 500 626 579 adhibita
639 497 918 579 consideratione
930 501 1110 599 diligenti,
1118 513 1293 600 quantum
1307 511 1422 601 potest
1433 503 1515 578 fieri

288 627 538 718 temperemus.
555 622 602 693 Et
619 618 786 717 quoniam
803 617 846 692 de
863 639 1011 715 persona
1030 615 1166 711 Ignatii
1190 625 1298 714 atque
1317 615 1434 692 Photii
1459 617 1515 690 ni·

288 731 362 808 chil
379 732 570 808 discretius
586 742 694 830 atque
712 730 850 821 mitius,
862 753 999 806 necnon
1018 740 1054 807 et
1070 731 1265 806 salutarius
1282 731 1514 822 arbitramur,

289 869 397 944 quam
423 855 572 944 uterque
590 848 738 920 Romam
767 844 812 918 ad
843 844 1087 920 renovandum
1117 869 1266 920 examen
1297 843 1430 934 veniat,
1445 844 1515 921 hoc

289 983 505 1058 magnopere
522 959 688 1035 volumus
704 967 740 1035 et
757 968 798 1034 ut
811 982 874 1034 vos
886 959 1056 1034 annuatis
1068 959 1260 1035 salubriter
1271 960 1515 1035 admonemus.

855 1160 957 1244 xcv.

808 1365 845 1415 In
863 1361 989 1416 eadam.

383 1530 487 1602 Patet
503 1524 659 1625 profecto
685 1525 785 1601 Sedis
804 1524 1004 1626 Apostolioe
1028 1526 1135 1601 ouius
1159 1526 1372 1602 auctoritate
1399 1526 1513 1600 maior

288 1664 358 1715 non
385 1651 450 1729 est,
470 1638 685 1716 iudiciuma
710 1639 853 1714 nemine
878 1639 967 1715 forte
993 1640 1272 1728 retractandum,
1296 1664 1411 1738 neque
1436 1640 1515 1716 cui-

287 1779 395 1853 quam
414 1754 457 1829 de
473 1753 553 1829 eius
578 1752 686 1829 liceat
711 1752 870 1829 iudicare
895 1752 1036 1828 iudicio.
1061 1756 1165 1828 quta
1191 1753 1283 1851 quod
1308 1752 1513 1829 Bonifatius

288 1872 384 1966 Papa
403 1867 495 1943 Rufo
507 1878 543 1942 et
556 1866 685 1942 ceteris
698 1866 880 1966 Episcopis
897 1890 957 1963 per
970 1865 1192 1945 Thessaliam
1207 1866 1412 1942 constitutis
1424 1865 1512 1942 scri-

287 1981 384 2057 bcns.
401 1985 514 2057 Nemo
531 1981 583 2055 ait
600 2005 759 2079 unquam
778 1980 979 2079 Apostolico
1004 1979 1156 2055 culmini
1181 1981 1223 2055 de
1249 1980 1354 2055 cuins
1378 1980 1512 2057 indicio

287 2118 356 2171 non
374 2095 459 2171 licet
477 2095 676 2182 retractari,
695 2121 824 2169 manus
845 2093 968 2169 obvias
992 2094 1163 2170 audacter
1189 2092 1324 2181 intulit,
1341 2116 1445 2168 nemo
1471 2094 1511 2168 in

286 2209 354 2285 hoo
372 2208 513 2284 rebellis
530 2208 659 2297 extitit,
677 2208 745 2283 nisi
762 2208 823 2307 qui
838 2208 880 2283 de
893 2234 930 2284 sc
944 2208 1060 2283 voluit
1072 2207 1234 2284 iudicari.
1248 2210 1295 2283 Et
1306 2209 1432 2284 beatus
1445 2211 1512 2282 Pa·

287 2347 332 2418 pa
349 2322 524 2398 Gelasius.
541 2326 617 2398 Nec
634 2322 677 2397 de
695 2323 774 2397 eius
797 2323 864 2398 hoo
888 2331 943 2397 est
968 2326 1134 2397 Romanae
1159 2320 1331 2396 Ecclesia
1356 2344 1511 2397 canones

286 2460 446 2534 unquam
477 2447 722 2533 praeceperunt
748 2435 899 2512 iudicari
923 2435 1066 2525 indicio,
1094 2435 1381 2533 sententiamque
1410 2433 1512 2509 illins

286 2549 551 2624 constituerunt
568 2574 637 2624 uon
655 2560 813 2648 oportere
830 2550 968 2639 disolvi,
987 2549 1092 2624 cuius
1109 2550 1227 2648 potius
1250 2549 1427 2647 sequenda
1452 2549 1513 2625 de·

286 2672 385 2737 areta
403 2662 629 2736 mandarunt.
647 2663 802 2758 Ergoda
819 2663 951 2739 iudicio
969 2664 1118 2738 Romani
1136 2662 1299 2762 praesulis
1312 2686 1382 2736 non
1397 2670 1509 2737 retra·

287 2775 425 2864 stando,
441 2775 527 2873 quia
543 2800 610 2851 nec
633 2799 719 2864 mos,
744 2776 860 2872 exigit
880 2777 972 2874 quod
998 2777 1155 2852 diximus
1179 2776 1413 2874 comprobato,
1438 2800 1511 2851 non

287 2915 465 2988 negamus
481 2890 639 2966 eiusdem
654 2890 976 2986 sedissententiam
990 2892 1141 2992 possein
1155 2891 1283 2966 melius
1295 2891 1512 2966 commutari

287 3030 371 3081 cum
387 3013 452 3079 aut
468 3005 535 3078 sibi
559 3015 765 3104 surreptum
782 3004 918 3102 aliquid
931 3006 1128 3096 fuerit,aut
1141 3006 1217 3104 ipsa
1230 3005 1513 3082 consideratione

288 3128 434 3194 aetatum
453 3118 512 3193 vel
528 3129 743 3216 temporum,
755 3139 818 3193 seu
837 3119 1006 3214 gravium
1020 3117 1273 3194 necessitatum
1296 3118 1514 3216 dispensato·

289 3233 341 3309 rie
359 3232 527 3332 quiddam
544 3257 669 3308 ornare
687 3232 896 3324 decreverit.
913 3233 1089 3322 Quoniam
1107 3241 1143 3309 et
1160 3231 1350 3328 egregium
1375 3241 1511 3329 aposto

288 3346 364 3421 lum
386 3345 541 3420 Paulum
559 3347 721 3444 quaedam
739 3345 866 3422 fecisse
887 3346 1141 3445 dispensatorie
1167 3346 1324 3442 legimus
1349 3369 1429 3443 quae
1455 3368 1514 3443 po·

288 3472 365 3538 stea
391 3485 550 3559 repressa
571 3460 779 3536 dinoscitur.
796 3461 972 3548 Quoniam
989 3470 1110 3535 tamen
1127 3460 1190 3534 illa
1212 3464 1371 3536 Romana
1388 3458 1514 3534 videli-

289 3587 346 3654 cet
362 3576 514 3653 ecclesia
531 3574 789 3652 discretissima
811 3573 1091 3652 consideratione
1117 3573 1195 3648 lieri
1217 3572 1403 3670 delegerit,
1420 3597 1514 3647 nun·

288 3716 396 3792 quam
415 3690 492 3789 ipsa
509 3714 589 3790 quae
606 3690 696 3767 bene
713 3700 800 3766 sunt
817 3688 971 3764 diffinita
989 3696 1184 3763 retractare
1201 3684 1397 3762 rennuerit.

842 3889 964 3976 xovt.

760 4097 844 4148 Item
862 4096 894 4148 tn
913 4092 1041 4148 eadem.

385 4264 439 4336 Ne
468 4284 555 4357 ergo
578 4260 706 4336 dicatis
730 4284 794 4335 nos
818 4268 947 4358 praeter
972 4255 1143 4332 aecclesiae
1168 4255 1287 4351 legem
1314 4252 1516 4354 praephatos

290 4376 439 4448 Romam
466 4375 588 4450 venire
621 4375 793 4460 sanxisse,
823 4373 949 4446 beatus
978 4375 1075 4469 Papa
1100 4370 1216 4444 lulius
1240 4380 1277 4445 et
1299 4378 1515 4444 accusatum

290 4497 328 4568 et
343 4498 570 4569 accusatores
587 4492 734 4569 Romam
752 4486 877 4565 venire
887 4486 1073 4588 pracepit,
1088 4494 1127 4562 et
1143 4483 1382 4560 venerabilem
1401 4479 1517 4558 Atha-
