<?xml version="1.0" encoding="UTF-8"?>
<!DOCTYPE html PUBLIC "-//W3C//DTD XHTML 1.0 Transitional//EN"
    "http://www.w3.org/TR/xhtml1/DTD/xhtml1-transitional.dtd">
<html xmlns="http://www.w3.org/1999/xhtml" xml:lang="en" lang="en">
 <head>
  <title>
</title>
<meta http-equiv="Content-Type" content="text/html;charset=utf-8" />
  <meta name='ocr-system' content='tesseract 3.04.00' />
  <meta name='ocr-capabilities' content='ocr_page ocr_carea ocr_par ocr_line ocrx_word'/>
</head>
<body>
  <div class='ocr_page' id='page_1' title='image "./collectiocanonu00deusgoog_0289.png"; bbox 0 0 3608 5498; ppageno 0'>
   <div class='ocr_carea' id='block_1_1' title="bbox 798 408 997 474">
    <p class='ocr_par' dir='ltr' id='par_1_1' title="bbox 798 408 997 474">
     <span class='ocr_line' id='line_1_1' title="bbox 798 408 997 474; baseline -0.01 0"><span class='ocrx_word' id='word_1_1' title='bbox 798 408 997 474; x_wconf 79' lang='lat'><strong>-258-</strong></span> 
     </span>
    </p>
   </div>
   <div class='ocr_carea' id='block_1_2' title="bbox 281 530 1513 3816">
    <p class='ocr_par' dir='ltr' id='par_1_2' title="bbox 281 530 1513 3816">
     <span class='ocr_line' id='line_1_2' title="bbox 288 530 1510 631; baseline -0.004 -22"><span class='ocrx_word' id='word_1_2' title='bbox 288 533 370 609; x_wconf 91' lang='lat' dir='ltr'>cilio</span> <span class='ocrx_word' id='word_1_3' title='bbox 387 532 655 629; x_wconf 87' lang='lat' dir='ltr'>Gangrensi.Si</span> <span class='ocrx_word' id='word_1_4' title='bbox 669 531 751 631; x_wconf 90' lang='lat' dir='ltr'>quis</span> <span class='ocrx_word' id='word_1_5' title='bbox 763 531 880 607; x_wconf 90' lang='lat' dir='ltr'>oblata</span> <span class='ocrx_word' id='word_1_6' title='bbox 898 533 970 606; x_wconf 92' lang='lat' dir='ltr'>Deo</span> <span class='ocrx_word' id='word_1_7' title='bbox 986 530 1123 606; x_wconf 76' lang='lat' dir='ltr'><strong>dederit</strong></span> <span class='ocrx_word' id='word_1_8' title='bbox 1139 530 1198 606; x_wconf 91' lang='lat' dir='ltr'>vel</span> <span class='ocrx_word' id='word_1_9' title='bbox 1216 531 1405 628; x_wconf 89' lang='lat' dir='ltr'>acceperit,</span> <span class='ocrx_word' id='word_1_10' title='bbox 1422 554 1510 628; x_wconf 86' lang='lat' dir='ltr'>prae-</span> 
     </span>
     <span class='ocr_line' id='line_1_3' title="bbox 283 643 1510 747; baseline -0.006 -24"><span class='ocrx_word' id='word_1_11' title='bbox 283 657 342 723; x_wconf 90' lang='lat' dir='ltr'>ter</span> <span class='ocrx_word' id='word_1_12' title='bbox 359 648 573 747; x_wconf 85' lang='lat' dir='ltr'>Episcopum</span> <span class='ocrx_word' id='word_1_13' title='bbox 591 646 650 721; x_wconf 84' lang='lat' dir='ltr'>vel</span> <span class='ocrx_word' id='word_1_14' title='bbox 667 647 750 721; x_wconf 87' lang='lat' dir='ltr'>eum</span> <span class='ocrx_word' id='word_1_15' title='bbox 764 646 826 744; x_wconf 93' lang='lat' dir='ltr'>qui</span> <span class='ocrx_word' id='word_1_16' title='bbox 840 645 1058 721; x_wconf 89' lang='lat' dir='ltr'>constitutus</span> <span class='ocrx_word' id='word_1_17' title='bbox 1071 653 1124 720; x_wconf 92' lang='lat' dir='ltr'>est</span> <span class='ocrx_word' id='word_1_18' title='bbox 1137 644 1180 718; x_wconf 91' lang='lat' dir='ltr'>ab</span> <span class='ocrx_word' id='word_1_19' title='bbox 1194 667 1233 720; x_wconf 92' lang='lat' dir='ltr'>eo</span> <span class='ocrx_word' id='word_1_20' title='bbox 1246 643 1290 718; x_wconf 90' lang='lat' dir='ltr'>ad</span> <span class='ocrx_word' id='word_1_21' title='bbox 1304 644 1510 744; x_wconf 88' lang='lat' dir='ltr'>dispensan-</span> 
     </span>
     <span class='ocr_line' id='line_1_4' title="bbox 281 757 1509 859; baseline -0.003 -24"><span class='ocrx_word' id='word_1_22' title='bbox 281 760 367 835; x_wconf 89' lang='lat' dir='ltr'>dam</span> <span class='ocrx_word' id='word_1_23' title='bbox 385 759 571 835; x_wconf 81' lang='lat' dir='ltr'><strong>materiam</strong></span> <span class='ocrx_word' id='word_1_24' title='bbox 589 760 814 859; x_wconf 89' lang='lat' dir='ltr'>pauperibus,</span> <span class='ocrx_word' id='word_1_25' title='bbox 830 768 866 834; x_wconf 88' lang='lat' dir='ltr'>et</span> <span class='ocrx_word' id='word_1_26' title='bbox 883 760 945 858; x_wconf 96' lang='lat' dir='ltr'>qui</span> <span class='ocrx_word' id='word_1_27' title='bbox 961 759 1021 834; x_wconf 90' lang='lat' dir='ltr'>dat</span> <span class='ocrx_word' id='word_1_28' title='bbox 1033 770 1070 834; x_wconf 91' lang='lat' dir='ltr'>et</span> <span class='ocrx_word' id='word_1_29' title='bbox 1082 759 1144 857; x_wconf 92' lang='lat' dir='ltr'>qui</span> <span class='ocrx_word' id='word_1_30' title='bbox 1157 758 1300 858; x_wconf 88' lang='lat' dir='ltr'>accipit,</span> <span class='ocrx_word' id='word_1_31' title='bbox 1317 757 1509 833; x_wconf 86' lang='lat' dir='ltr'>anathema</span> 
     </span>
     <span class='ocr_line' id='line_1_5' title="bbox 286 871 1511 971; baseline -0.001 -24"><span class='ocrx_word' id='word_1_32' title='bbox 286 873 343 948; x_wconf 91' lang='lat' dir='ltr'>sit.</span> <span class='ocrx_word' id='word_1_33' title='bbox 353 871 467 949; x_wconf 89' lang='lat' dir='ltr'>Valde</span> <span class='ocrx_word' id='word_1_34' title='bbox 475 896 562 970; x_wconf 89' lang='lat' dir='ltr'>ergo</span> <span class='ocrx_word' id='word_1_35' title='bbox 574 873 751 971; x_wconf 92' lang='lat' dir='ltr'>iniquum,</span> <span class='ocrx_word' id='word_1_36' title='bbox 759 882 796 948; x_wconf 93' lang='lat' dir='ltr'>et</span> <span class='ocrx_word' id='word_1_37' title='bbox 809 872 939 969; x_wconf 90' lang='lat' dir='ltr'>ingens</span> <span class='ocrx_word' id='word_1_38' title='bbox 951 871 1184 969; x_wconf 84' lang='lat' dir='ltr'>saerilegium</span> <span class='ocrx_word' id='word_1_39' title='bbox 1198 882 1263 962; x_wconf 90' lang='lat' dir='ltr'>est,</span> <span class='ocrx_word' id='word_1_40' title='bbox 1275 881 1318 946; x_wconf 89' lang='lat' dir='ltr'>ut</span> <span class='ocrx_word' id='word_1_41' title='bbox 1329 896 1511 970; x_wconf 77' lang='lat' dir='ltr'>quercum-</span> 
     </span>
     <span class='ocr_line' id='line_1_6' title="bbox 286 986 1511 1086; baseline -0.001 -26"><span class='ocrx_word' id='word_1_42' title='bbox 286 1011 354 1086; x_wconf 90' lang='lat' dir='ltr'>que</span> <span class='ocrx_word' id='word_1_43' title='bbox 368 986 426 1062; x_wconf 92' lang='lat' dir='ltr'>vel</span> <span class='ocrx_word' id='word_1_44' title='bbox 440 1011 502 1086; x_wconf 93' lang='lat' dir='ltr'>pro</span> <span class='ocrx_word' id='word_1_45' title='bbox 516 986 671 1062; x_wconf 91' lang='lat' dir='ltr'>remedio</span> <span class='ocrx_word' id='word_1_46' title='bbox 689 995 927 1084; x_wconf 87' lang='lat' dir='ltr'>peccatorum,</span> <span class='ocrx_word' id='word_1_47' title='bbox 943 986 1003 1062; x_wconf 86' lang='lat' dir='ltr'>vol</span> <span class='ocrx_word' id='word_1_48' title='bbox 1017 1009 1079 1084; x_wconf 94' lang='lat' dir='ltr'>pro</span> <span class='ocrx_word' id='word_1_49' title='bbox 1092 986 1209 1062; x_wconf 90' lang='lat' dir='ltr'>salute</span> <span class='ocrx_word' id='word_1_50' title='bbox 1221 996 1286 1062; x_wconf 90' lang='lat' dir='ltr'>aut</span> <span class='ocrx_word' id='word_1_51' title='bbox 1300 986 1422 1086; x_wconf 87' lang='lat' dir='ltr'>requie</span> <span class='ocrx_word' id='word_1_52' title='bbox 1434 987 1511 1060; x_wconf 84' lang='lat' dir='ltr'>nni·</span> 
     </span>
     <span class='ocr_line' id='line_1_7' title="bbox 288 1099 1509 1199; baseline -0.002 -25"><span class='ocrx_word' id='word_1_53' title='bbox 288 1127 429 1175; x_wconf 89' lang='lat' dir='ltr'>marum</span> <span class='ocrx_word' id='word_1_54' title='bbox 447 1126 596 1175; x_wconf 88' lang='lat' dir='ltr'>suarum</span> <span class='ocrx_word' id='word_1_55' title='bbox 613 1101 860 1199; x_wconf 89' lang='lat' dir='ltr'>unusquisque</span> <span class='ocrx_word' id='word_1_56' title='bbox 884 1100 1082 1176; x_wconf 80' lang='lat' dir='ltr'>venerabili</span> <span class='ocrx_word' id='word_1_57' title='bbox 1107 1100 1279 1177; x_wconf 83' lang='lat' dir='ltr'>aecolesiae</span> <span class='ocrx_word' id='word_1_58' title='bbox 1303 1099 1509 1190; x_wconf 89' lang='lat' dir='ltr'>contulerit,</span> 
     </span>
     <span class='ocr_line' id='line_1_8' title="bbox 286 1214 1509 1314; baseline 0.002 -27"><span class='ocrx_word' id='word_1_59' title='bbox 286 1223 351 1288; x_wconf 88' lang='lat' dir='ltr'>aut</span> <span class='ocrx_word' id='word_1_60' title='bbox 367 1224 462 1290; x_wconf 89' lang='lat' dir='ltr'>certe</span> <span class='ocrx_word' id='word_1_61' title='bbox 481 1214 677 1314; x_wconf 77' lang='lat' dir='ltr'>reliquerit,</span> <span class='ocrx_word' id='word_1_62' title='bbox 693 1215 737 1290; x_wconf 88' lang='lat' dir='ltr'>ab</span> <span class='ocrx_word' id='word_1_63' title='bbox 755 1214 812 1288; x_wconf 92' lang='lat' dir='ltr'>bis</span> <span class='ocrx_word' id='word_1_64' title='bbox 828 1216 992 1312; x_wconf 82' lang='lat' dir='ltr'>aquibus</span> <span class='ocrx_word' id='word_1_65' title='bbox 1006 1216 1158 1291; x_wconf 83' lang='lat' dir='ltr'>maxime</span> <span class='ocrx_word' id='word_1_66' title='bbox 1172 1240 1315 1291; x_wconf 88' lang='lat' dir='ltr'>servare</span> <span class='ocrx_word' id='word_1_67' title='bbox 1328 1215 1509 1304; x_wconf 86' lang='lat' dir='ltr'>convenit,</span> 
     </span>
     <span class='ocr_line' id='line_1_9' title="bbox 287 1326 1509 1426; baseline 0.001 -27"><span class='ocrx_word' id='word_1_68' title='bbox 287 1326 378 1401; x_wconf 88' lang='lat' dir='ltr'>idest</span> <span class='ocrx_word' id='word_1_69' title='bbox 391 1326 775 1404; x_wconf 83' lang='lat' dir='ltr'>ChristianisetDeum</span> <span class='ocrx_word' id='word_1_70' title='bbox 785 1327 996 1405; x_wconf 89' lang='lat' dir='ltr'>timentibus</span> <span class='ocrx_word' id='word_1_71' title='bbox 1006 1327 1220 1417; x_wconf 90' lang='lat' dir='ltr'>hominibus,</span> <span class='ocrx_word' id='word_1_72' title='bbox 1230 1328 1509 1426; x_wconf 85' lang='lat' dir='ltr'>etsuperomnie</span> 
     </span>
     <span class='ocr_line' id='line_1_10' title="bbox 286 1441 1511 1542; baseline 0.002 -28"><span class='ocrx_word' id='word_1_73' title='bbox 286 1465 307 1514; x_wconf 93' lang='lat' dir='ltr'>a</span> <span class='ocrx_word' id='word_1_74' title='bbox 324 1441 547 1540; x_wconf 87' lang='lat' dir='ltr'>principibus</span> <span class='ocrx_word' id='word_1_75' title='bbox 563 1452 600 1518; x_wconf 88' lang='lat' dir='ltr'>et</span> <span class='ocrx_word' id='word_1_76' title='bbox 615 1442 741 1542; x_wconf 92' lang='lat' dir='ltr'>primis</span> <span class='ocrx_word' id='word_1_77' title='bbox 758 1442 959 1538; x_wconf 89' lang='lat' dir='ltr'>regionum,</span> <span class='ocrx_word' id='word_1_78' title='bbox 977 1445 1014 1516; x_wconf 91' lang='lat' dir='ltr'>in</span> <span class='ocrx_word' id='word_1_79' title='bbox 1031 1443 1130 1517; x_wconf 90' lang='lat' dir='ltr'>aliud</span> <span class='ocrx_word' id='word_1_80' title='bbox 1148 1443 1333 1519; x_wconf 84' lang='lat' dir='ltr'>transferri</span> <span class='ocrx_word' id='word_1_81' title='bbox 1350 1443 1409 1520; x_wconf 95' lang='lat' dir='ltr'>vel</span> <span class='ocrx_word' id='word_1_82' title='bbox 1429 1467 1511 1519; x_wconf 91' lang='lat' dir='ltr'>oon·</span> 
     </span>
     <span class='ocr_line' id='line_1_11' title="bbox 286 1555 1512 1658; baseline 0.003 -30"><span class='ocrx_word' id='word_1_83' title='bbox 286 1555 391 1630; x_wconf 87' lang='lat' dir='ltr'>verti.</span> <span class='ocrx_word' id='word_1_84' title='bbox 408 1558 599 1654; x_wconf 81' lang='lat' dir='ltr'>Propterea</span> <span class='ocrx_word' id='word_1_85' title='bbox 612 1557 743 1656; x_wconf 91' lang='lat' dir='ltr'>quibus</span> <span class='ocrx_word' id='word_1_86' title='bbox 755 1581 825 1631; x_wconf 91' lang='lat' dir='ltr'>uon</span> <span class='ocrx_word' id='word_1_87' title='bbox 839 1558 1053 1656; x_wconf 73' lang='lat' dir='ltr'>previderit,</span> <span class='ocrx_word' id='word_1_88' title='bbox 1066 1568 1101 1634; x_wconf 93' lang='lat' dir='ltr'>et</span> <span class='ocrx_word' id='word_1_89' title='bbox 1113 1557 1218 1633; x_wconf 92' lang='lat' dir='ltr'>aliter</span> <span class='ocrx_word' id='word_1_90' title='bbox 1231 1583 1338 1657; x_wconf 91' lang='lat' dir='ltr'>quam</span> <span class='ocrx_word' id='word_1_91' title='bbox 1351 1559 1512 1658; x_wconf 83' lang='lat' dir='ltr'>praesori-</span> 
     </span>
     <span class='ocr_line' id='line_1_12' title="bbox 284 1671 1509 1770; baseline 0.004 -27"><span class='ocrx_word' id='word_1_92' title='bbox 284 1677 388 1766; x_wconf 89' lang='lat' dir='ltr'>ptum</span> <span class='ocrx_word' id='word_1_93' title='bbox 403 1679 457 1745; x_wconf 88' lang='lat' dir='ltr'>est</span> <span class='ocrx_word' id='word_1_94' title='bbox 470 1671 642 1747; x_wconf 76' lang='lat' dir='ltr'>ecclesiis</span> <span class='ocrx_word' id='word_1_95' title='bbox 654 1672 785 1746; x_wconf 87' lang='lat' dir='ltr'>tradita</span> <span class='ocrx_word' id='word_1_96' title='bbox 800 1672 942 1769; x_wconf 84' lang='lat' dir='ltr'>petierit</span> <span class='ocrx_word' id='word_1_97' title='bbox 953 1672 1012 1748; x_wconf 89' lang='lat' dir='ltr'>vel</span> <span class='ocrx_word' id='word_1_98' title='bbox 1025 1673 1214 1770; x_wconf 84' lang='lat' dir='ltr'>acceperit,</span> <span class='ocrx_word' id='word_1_99' title='bbox 1226 1681 1290 1747; x_wconf 89' lang='lat' dir='ltr'>aut</span> <span class='ocrx_word' id='word_1_100' title='bbox 1303 1673 1509 1770; x_wconf 87' lang='lat' dir='ltr'>possederit,</span> 
     </span>
     <span class='ocr_line' id='line_1_13' title="bbox 286 1780 1511 1885; baseline 0.005 -31"><span class='ocrx_word' id='word_1_101' title='bbox 286 1780 345 1856; x_wconf 85' lang='lat' dir='ltr'>rel</span> <span class='ocrx_word' id='word_1_102' title='bbox 363 1782 497 1859; x_wconf 91' lang='lat' dir='ltr'>iniuste</span> <span class='ocrx_word' id='word_1_103' title='bbox 514 1784 724 1874; x_wconf 87' lang='lat' dir='ltr'>defenderit,</span> <span class='ocrx_word' id='word_1_104' title='bbox 741 1792 805 1858; x_wconf 87' lang='lat' dir='ltr'>aut</span> <span class='ocrx_word' id='word_1_105' title='bbox 823 1784 1023 1873; x_wconf 87' lang='lat' dir='ltr'>retinuerit,</span> <span class='ocrx_word' id='word_1_106' title='bbox 1040 1785 1110 1858; x_wconf 88' lang='lat' dir='ltr'>nisi</span> <span class='ocrx_word' id='word_1_107' title='bbox 1132 1786 1203 1861; x_wconf 89' lang='lat' dir='ltr'>cito</span> <span class='ocrx_word' id='word_1_108' title='bbox 1223 1786 1417 1861; x_wconf 84' lang='lat' dir='ltr'>correxerit</span> <span class='ocrx_word' id='word_1_109' title='bbox 1441 1808 1511 1885; x_wconf 94' lang='lat' dir='ltr'>quo</span> 
     </span>
     <span class='ocr_line' id='line_1_14' title="bbox 286 1893 1511 1998; baseline 0.007 -32"><span class='ocrx_word' id='word_1_110' title='bbox 286 1893 402 1969; x_wconf 86' lang='lat' dir='ltr'>iratus</span> <span class='ocrx_word' id='word_1_111' title='bbox 419 1899 515 1971; x_wconf 91' lang='lat' dir='ltr'>Deus</span> <span class='ocrx_word' id='word_1_112' title='bbox 531 1898 671 1972; x_wconf 84' lang='lat' dir='ltr'>animas</span> <span class='ocrx_word' id='word_1_113' title='bbox 688 1896 853 1997; x_wconf 90' lang='lat' dir='ltr'>percutit,</span> <span class='ocrx_word' id='word_1_114' title='bbox 871 1898 1098 1975; x_wconf 87' lang='lat' dir='ltr'>anathemate</span> <span class='ocrx_word' id='word_1_115' title='bbox 1115 1900 1277 1975; x_wconf 90' lang='lat' dir='ltr'>feriatur.</span> <span class='ocrx_word' id='word_1_116' title='bbox 1303 1900 1428 1998; x_wconf 86' lang='lat' dir='ltr'>Sitque</span> <span class='ocrx_word' id='word_1_117' title='bbox 1452 1924 1511 1974; x_wconf 92' lang='lat' dir='ltr'>ac·</span> 
     </span>
     <span class='ocr_line' id='line_1_15' title="bbox 287 2007 1510 2109; baseline 0.002 -26"><span class='ocrx_word' id='word_1_118' title='bbox 287 2007 447 2106; x_wconf 86' lang='lat' dir='ltr'>cipienti,</span> <span class='ocrx_word' id='word_1_119' title='bbox 464 2011 522 2087; x_wconf 89' lang='lat' dir='ltr'>vel</span> <span class='ocrx_word' id='word_1_120' title='bbox 539 2011 651 2101; x_wconf 86' lang='lat' dir='ltr'>danti,</span> <span class='ocrx_word' id='word_1_121' title='bbox 668 2010 728 2086; x_wconf 91' lang='lat' dir='ltr'>vel</span> <span class='ocrx_word' id='word_1_122' title='bbox 745 2011 938 2109; x_wconf 86' lang='lat' dir='ltr'>possidenti</span> <span class='ocrx_word' id='word_1_123' title='bbox 955 2011 1155 2087; x_wconf 88' lang='lat' dir='ltr'>anathema.</span> <span class='ocrx_word' id='word_1_124' title='bbox 1169 2016 1215 2087; x_wconf 87' lang='lat' dir='ltr'>Et</span> <span class='ocrx_word' id='word_1_125' title='bbox 1232 2013 1336 2087; x_wconf 89' lang='lat' dir='ltr'>infra.</span> <span class='ocrx_word' id='word_1_126' title='bbox 1354 2017 1510 2088; x_wconf 87' lang='lat' dir='ltr'>Genera·</span> 
     </span>
     <span class='ocr_line' id='line_1_16' title="bbox 286 2120 1511 2226; baseline 0.006 -33"><span class='ocrx_word' id='word_1_127' title='bbox 286 2120 371 2198; x_wconf 89' lang='lat' dir='ltr'>liter</span> <span class='ocrx_word' id='word_1_128' title='bbox 388 2129 484 2213; x_wconf 89' lang='lat' dir='ltr'>vero,</span> <span class='ocrx_word' id='word_1_129' title='bbox 501 2126 719 2224; x_wconf 89' lang='lat' dir='ltr'>quicumque</span> <span class='ocrx_word' id='word_1_130' title='bbox 738 2151 794 2200; x_wconf 88' lang='lat' dir='ltr'>res</span> <span class='ocrx_word' id='word_1_131' title='bbox 819 2125 990 2201; x_wconf 84' lang='lat' dir='ltr'>aecclesiae</span> <span class='ocrx_word' id='word_1_132' title='bbox 1007 2128 1214 2216; x_wconf 86' lang='lat' dir='ltr'>confiscare,</span> <span class='ocrx_word' id='word_1_133' title='bbox 1231 2136 1295 2202; x_wconf 91' lang='lat' dir='ltr'>aut</span> <span class='ocrx_word' id='word_1_134' title='bbox 1312 2137 1511 2226; x_wconf 84' lang='lat' dir='ltr'>competere</span> 
     </span>
     <span class='ocr_line' id='line_1_17' title="bbox 286 2236 1510 2338; baseline 0.003 -30"><span class='ocrx_word' id='word_1_135' title='bbox 286 2236 345 2313; x_wconf 91' lang='lat' dir='ltr'>vel</span> <span class='ocrx_word' id='word_1_136' title='bbox 364 2239 556 2335; x_wconf 87' lang='lat' dir='ltr'>pervadere</span> <span class='ocrx_word' id='word_1_137' title='bbox 573 2239 773 2338; x_wconf 88' lang='lat' dir='ltr'>periculosa</span> <span class='ocrx_word' id='word_1_138' title='bbox 789 2265 855 2314; x_wconf 89' lang='lat' dir='ltr'>sua</span> <span class='ocrx_word' id='word_1_139' title='bbox 873 2239 1100 2314; x_wconf 79' lang='lat' dir='ltr'>infestatione</span> <span class='ocrx_word' id='word_1_140' title='bbox 1118 2239 1395 2337; x_wconf 87' lang='lat' dir='ltr'>praesumpserit,</span> <span class='ocrx_word' id='word_1_141' title='bbox 1412 2239 1510 2312; x_wconf 90' lang='lat' dir='ltr'>simi-</span> 
     </span>
     <span class='ocr_line' id='line_1_18' title="bbox 287 2349 1512 2452; baseline 0.004 -31"><span class='ocrx_word' id='word_1_142' title='bbox 287 2349 370 2425; x_wconf 89' lang='lat' dir='ltr'>liter</span> <span class='ocrx_word' id='word_1_143' title='bbox 379 2354 485 2450; x_wconf 87' lang='lat' dir='ltr'>etqui</span> <span class='ocrx_word' id='word_1_144' title='bbox 496 2378 552 2428; x_wconf 90' lang='lat' dir='ltr'>res</span> <span class='ocrx_word' id='word_1_145' title='bbox 561 2352 731 2429; x_wconf 83' lang='lat' dir='ltr'>eecclesiae</span> <span class='ocrx_word' id='word_1_146' title='bbox 743 2353 844 2427; x_wconf 90' lang='lat' dir='ltr'>iussu</span> <span class='ocrx_word' id='word_1_147' title='bbox 858 2353 917 2428; x_wconf 91' lang='lat' dir='ltr'>vel</span> <span class='ocrx_word' id='word_1_148' title='bbox 931 2353 1123 2450; x_wconf 79' lang='lat' dir='ltr'>largitione</span> <span class='ocrx_word' id='word_1_149' title='bbox 1133 2354 1349 2452; x_wconf 87' lang='lat' dir='ltr'>principum,</span> <span class='ocrx_word' id='word_1_150' title='bbox 1358 2353 1416 2429; x_wconf 87' lang='lat' dir='ltr'>vel</span> <span class='ocrx_word' id='word_1_151' title='bbox 1427 2375 1512 2451; x_wconf 84' lang='lat' dir='ltr'>quo</span> 
     </span>
     <span class='ocr_line' id='line_1_19' title="bbox 286 2464 1512 2566; baseline 0.004 -30"><span class='ocrx_word' id='word_1_152' title='bbox 286 2464 452 2539; x_wconf 83' lang='lat' dir='ltr'>rumdam</span> <span class='ocrx_word' id='word_1_153' title='bbox 470 2468 679 2566; x_wconf 91' lang='lat' dir='ltr'>potentium,</span> <span class='ocrx_word' id='word_1_154' title='bbox 696 2476 761 2541; x_wconf 88' lang='lat' dir='ltr'>aut</span> <span class='ocrx_word' id='word_1_155' title='bbox 777 2468 930 2565; x_wconf 88' lang='lat' dir='ltr'>quadam</span> <span class='ocrx_word' id='word_1_156' title='bbox 949 2468 1145 2557; x_wconf 83' lang='lat' dir='ltr'>invasione,</span> <span class='ocrx_word' id='word_1_157' title='bbox 1162 2479 1226 2542; x_wconf 90' lang='lat' dir='ltr'>aut</span> <span class='ocrx_word' id='word_1_158' title='bbox 1248 2467 1428 2542; x_wconf 85' lang='lat' dir='ltr'>tirannica</span> <span class='ocrx_word' id='word_1_159' title='bbox 1454 2491 1512 2564; x_wconf 92' lang='lat' dir='ltr'>po-</span> 
     </span>
     <span class='ocr_line' id='line_1_20' title="bbox 287 2578 1509 2678; baseline 0.002 -28"><span class='ocrx_word' id='word_1_160' title='bbox 287 2585 413 2653; x_wconf 88' lang='lat' dir='ltr'>testate</span> <span class='ocrx_word' id='word_1_161' title='bbox 432 2579 658 2669; x_wconf 87' lang='lat' dir='ltr'>retinuerint,</span> <span class='ocrx_word' id='word_1_162' title='bbox 675 2589 711 2654; x_wconf 90' lang='lat' dir='ltr'>et</span> <span class='ocrx_word' id='word_1_163' title='bbox 729 2579 813 2653; x_wconf 87' lang='lat' dir='ltr'>liliis</span> <span class='ocrx_word' id='word_1_164' title='bbox 830 2578 888 2654; x_wconf 86' lang='lat' dir='ltr'>vel</span> <span class='ocrx_word' id='word_1_165' title='bbox 906 2578 1095 2655; x_wconf 87' lang='lat' dir='ltr'>heredibus</span> <span class='ocrx_word' id='word_1_166' title='bbox 1114 2581 1190 2655; x_wconf 90' lang='lat' dir='ltr'>suis</span> <span class='ocrx_word' id='word_1_167' title='bbox 1208 2591 1250 2656; x_wconf 88' lang='lat' dir='ltr'>ut</span> <span class='ocrx_word' id='word_1_168' title='bbox 1262 2605 1283 2653; x_wconf 84' lang='lat' dir='ltr'>a</span> <span class='ocrx_word' id='word_1_169' title='bbox 1296 2581 1509 2678; x_wconf 88' lang='lat' dir='ltr'>quibusdam</span> 
     </span>
     <span class='ocr_line' id='line_1_21' title="bbox 287 2692 1512 2793; baseline 0.003 -28"><span class='ocrx_word' id='word_1_170' title='bbox 287 2692 357 2766; x_wconf 89' lang='lat' dir='ltr'>iam</span> <span class='ocrx_word' id='word_1_171' title='bbox 373 2693 508 2767; x_wconf 86' lang='lat' dir='ltr'>factum</span> <span class='ocrx_word' id='word_1_172' title='bbox 523 2693 740 2783; x_wconf 86' lang='lat' dir='ltr'>audivimus,</span> <span class='ocrx_word' id='word_1_173' title='bbox 753 2692 855 2792; x_wconf 88' lang='lat' dir='ltr'>quasi</span> <span class='ocrx_word' id='word_1_174' title='bbox 869 2693 1104 2768; x_wconf 89' lang='lat' dir='ltr'>hereditarias</span> <span class='ocrx_word' id='word_1_175' title='bbox 1118 2694 1339 2793; x_wconf 85' lang='lat' dir='ltr'>reliquerint,</span> <span class='ocrx_word' id='word_1_176' title='bbox 1352 2693 1422 2767; x_wconf 92' lang='lat' dir='ltr'>nisi</span> <span class='ocrx_word' id='word_1_177' title='bbox 1440 2695 1512 2769; x_wconf 88' lang='lat' dir='ltr'>cito</span> 
     </span>
     <span class='ocr_line' id='line_1_22' title="bbox 290 2805 1513 2905; baseline 0.002 -25"><span class='ocrx_word' id='word_1_178' title='bbox 290 2831 347 2881; x_wconf 89' lang='lat' dir='ltr'>res</span> <span class='ocrx_word' id='word_1_179' title='bbox 364 2807 429 2882; x_wconf 92' lang='lat' dir='ltr'>Dei</span> <span class='ocrx_word' id='word_1_180' title='bbox 446 2807 619 2883; x_wconf 89' lang='lat' dir='ltr'>admoniti</span> <span class='ocrx_word' id='word_1_181' title='bbox 636 2834 658 2882; x_wconf 93' lang='lat' dir='ltr'>a</span> <span class='ocrx_word' id='word_1_182' title='bbox 675 2808 847 2883; x_wconf 87' lang='lat' dir='ltr'>Pontitioe</span> <span class='ocrx_word' id='word_1_183' title='bbox 863 2807 964 2904; x_wconf 87' lang='lat' dir='ltr'>agita</span> <span class='ocrx_word' id='word_1_184' title='bbox 981 2805 1133 2882; x_wconf 89' lang='lat' dir='ltr'>veritate</span> <span class='ocrx_word' id='word_1_185' title='bbox 1151 2807 1378 2896; x_wconf 88' lang='lat' dir='ltr'>reddiderint,</span> <span class='ocrx_word' id='word_1_186' title='bbox 1391 2831 1513 2905; x_wconf 89' lang='lat' dir='ltr'>perpe·</span> 
     </span>
     <span class='ocr_line' id='line_1_23' title="bbox 288 2920 1513 3019; baseline -0.001 -25"><span class='ocrx_word' id='word_1_187' title='bbox 288 2927 350 2994; x_wconf 92' lang='lat' dir='ltr'>tuo</span> <span class='ocrx_word' id='word_1_188' title='bbox 363 2920 591 2997; x_wconf 84' lang='lat' dir='ltr'>anathemate</span> <span class='ocrx_word' id='word_1_189' title='bbox 604 2921 789 2997; x_wconf 85' lang='lat' dir='ltr'>feriantur.</span> <span class='ocrx_word' id='word_1_190' title='bbox 802 2921 971 3019; x_wconf 93' lang='lat' dir='ltr'>Iniquum</span> <span class='ocrx_word' id='word_1_191' title='bbox 985 2920 1081 2996; x_wconf 90' lang='lat' dir='ltr'>enim</span> <span class='ocrx_word' id='word_1_192' title='bbox 1095 2945 1172 2996; x_wconf 89' lang='lat' dir='ltr'>esse</span> <span class='ocrx_word' id='word_1_193' title='bbox 1185 2945 1384 3008; x_wconf 79' lang='lat' dir='ltr'>censemus,</span> <span class='ocrx_word' id='word_1_194' title='bbox 1398 2930 1438 2994; x_wconf 91' lang='lat' dir='ltr'>ut</span> <span class='ocrx_word' id='word_1_195' title='bbox 1456 2943 1513 3018; x_wconf 82' lang='lat' dir='ltr'>po</span> 
     </span>
     <span class='ocr_line' id='line_1_24' title="bbox 288 3035 1512 3134; baseline 0 -26"><span class='ocrx_word' id='word_1_196' title='bbox 288 3035 363 3109; x_wconf 89' lang='lat' dir='ltr'>tius</span> <span class='ocrx_word' id='word_1_197' title='bbox 379 3036 549 3112; x_wconf 86' lang='lat' dir='ltr'>custodes</span> <span class='ocrx_word' id='word_1_198' title='bbox 560 3046 740 3111; x_wconf 89' lang='lat' dir='ltr'>cartarum</span> <span class='ocrx_word' id='word_1_199' title='bbox 755 3060 863 3134; x_wconf 91' lang='lat' dir='ltr'>quam</span> <span class='ocrx_word' id='word_1_200' title='bbox 876 3035 1078 3112; x_wconf 79' lang='lat' dir='ltr'>defensores</span> <span class='ocrx_word' id='word_1_201' title='bbox 1091 3060 1211 3110; x_wconf 89' lang='lat' dir='ltr'>rerum</span> <span class='ocrx_word' id='word_1_202' title='bbox 1226 3035 1456 3124; x_wconf 85' lang='lat' dir='ltr'>creditarum,</span> <span class='ocrx_word' id='word_1_203' title='bbox 1469 3043 1512 3109; x_wconf 93' lang='lat' dir='ltr'>ut</span> 
     </span>
     <span class='ocr_line' id='line_1_25' title="bbox 286 3141 1510 3249; baseline -0.001 -27"><span class='ocrx_word' id='word_1_204' title='bbox 286 3141 504 3249; x_wconf 72' lang='lat' dir='ltr'>preceptum</span> <span class='ocrx_word' id='word_1_205' title='bbox 519 3159 574 3226; x_wconf 87' lang='lat' dir='ltr'>est</span> <span class='ocrx_word' id='word_1_206' title='bbox 586 3149 797 3225; x_wconf 88' lang='lat' dir='ltr'>iudicemur.</span> <span class='ocrx_word' id='word_1_207' title='bbox 810 3153 857 3224; x_wconf 87' lang='lat' dir='ltr'>Et</span> <span class='ocrx_word' id='word_1_208' title='bbox 866 3148 969 3223; x_wconf 88' lang='lat' dir='ltr'>infra.</span> <span class='ocrx_word' id='word_1_209' title='bbox 979 3152 1087 3224; x_wconf 86' lang='lat' dir='ltr'>Ferro</span> <span class='ocrx_word' id='word_1_210' title='bbox 1096 3149 1192 3225; x_wconf 92' lang='lat' dir='ltr'>enim</span> <span class='ocrx_word' id='word_1_211' title='bbox 1202 3147 1414 3223; x_wconf 88' lang='lat' dir='ltr'>abscidenda</span> <span class='ocrx_word' id='word_1_212' title='bbox 1422 3158 1510 3222; x_wconf 89' lang='lat' dir='ltr'>suut</span> 
     </span>
     <span class='ocr_line' id='line_1_26' title="bbox 287 3261 1511 3361; baseline 0 -27"><span class='ocrx_word' id='word_1_213' title='bbox 287 3261 448 3352; x_wconf 85' lang='lat' dir='ltr'>vulnere,</span> <span class='ocrx_word' id='word_1_214' title='bbox 465 3276 545 3361; x_wconf 82' lang='lat' dir='ltr'>quoe</span> <span class='ocrx_word' id='word_1_215' title='bbox 562 3263 716 3339; x_wconf 85' lang='lat' dir='ltr'>fomenta</span> <span class='ocrx_word' id='word_1_216' title='bbox 734 3286 803 3336; x_wconf 91' lang='lat' dir='ltr'>non</span> <span class='ocrx_word' id='word_1_217' title='bbox 825 3261 996 3339; x_wconf 90' lang='lat' dir='ltr'>sentiunt.</span> <span class='ocrx_word' id='word_1_218' title='bbox 1022 3261 1198 3337; x_wconf 88' lang='lat' dir='ltr'>Similiter</span> <span class='ocrx_word' id='word_1_219' title='bbox 1215 3272 1251 3337; x_wconf 92' lang='lat' dir='ltr'>et</span> <span class='ocrx_word' id='word_1_220' title='bbox 1272 3261 1327 3334; x_wconf 93' lang='lat' dir='ltr'>illi</span> <span class='ocrx_word' id='word_1_221' title='bbox 1352 3271 1511 3335; x_wconf 84' lang='lat' dir='ltr'>extorres</span> 
     </span>
     <span class='ocr_line' id='line_1_27' title="bbox 287 3375 1512 3477; baseline -0.002 -27"><span class='ocrx_word' id='word_1_222' title='bbox 287 3375 417 3451; x_wconf 88' lang='lat' dir='ltr'>debent</span> <span class='ocrx_word' id='word_1_223' title='bbox 434 3377 509 3453; x_wconf 88' lang='lat' dir='ltr'>fieri</span> <span class='ocrx_word' id='word_1_224' title='bbox 526 3376 571 3451; x_wconf 93' lang='lat' dir='ltr'>ab</span> <span class='ocrx_word' id='word_1_225' title='bbox 588 3377 740 3454; x_wconf 88' lang='lat' dir='ltr'>ecclesia</span> <span class='ocrx_word' id='word_1_226' title='bbox 757 3378 819 3477; x_wconf 93' lang='lat' dir='ltr'>qui</span> <span class='ocrx_word' id='word_1_227' title='bbox 838 3375 1048 3453; x_wconf 84' lang='lat' dir='ltr'>sacerdotali</span> <span class='ocrx_word' id='word_1_228' title='bbox 1064 3376 1303 3452; x_wconf 90' lang='lat' dir='ltr'>admonitione</span> <span class='ocrx_word' id='word_1_229' title='bbox 1319 3399 1390 3450; x_wconf 94' lang='lat' dir='ltr'>non</span> <span class='ocrx_word' id='word_1_230' title='bbox 1404 3375 1512 3450; x_wconf 88' lang='lat' dir='ltr'>corri-</span> 
     </span>
     <span class='ocr_line' id='line_1_28' title="bbox 288 3489 1510 3584; baseline 0.001 -22"><span class='ocrx_word' id='word_1_231' title='bbox 288 3499 438 3584; x_wconf 84' lang='lat' dir='ltr'>guntur.</span> <span class='ocrx_word' id='word_1_232' title='bbox 457 3490 608 3566; x_wconf 89' lang='lat' dir='ltr'>Dicente</span> <span class='ocrx_word' id='word_1_233' title='bbox 624 3490 784 3566; x_wconf 92' lang='lat' dir='ltr'>Domino.</span> <span class='ocrx_word' id='word_1_234' title='bbox 801 3490 950 3566; x_wconf 86' lang='lat' dir='ltr'>Auferte</span> <span class='ocrx_word' id='word_1_235' title='bbox 969 3489 1104 3564; x_wconf 90' lang='lat' dir='ltr'>malum</span> <span class='ocrx_word' id='word_1_236' title='bbox 1131 3516 1175 3567; x_wconf 86' lang='lat' dir='ltr'>ex</span> <span class='ocrx_word' id='word_1_237' title='bbox 1198 3490 1309 3564; x_wconf 88' lang='lat' dir='ltr'>vobis.</span> <span class='ocrx_word' id='word_1_238' title='bbox 1330 3490 1510 3565; x_wconf 86' lang='lat' dir='ltr'>Universa</span> 
     </span>
     <span class='ocr_line' id='line_1_29' title="bbox 288 3602 1512 3700; baseline 0.002 -26"><span class='ocrx_word' id='word_1_239' title='bbox 288 3603 447 3699; x_wconf 79' lang='lat' dir='ltr'>synodus</span> <span class='ocrx_word' id='word_1_240' title='bbox 464 3625 619 3698; x_wconf 80' lang='lat' dir='ltr'>surgens</span> <span class='ocrx_word' id='word_1_241' title='bbox 636 3602 861 3679; x_wconf 86' lang='lat' dir='ltr'>acclamavit.</span> <span class='ocrx_word' id='word_1_242' title='bbox 875 3607 925 3679; x_wconf 90' lang='lat' dir='ltr'>Ut</span> <span class='ocrx_word' id='word_1_243' title='bbox 937 3602 988 3677; x_wconf 84' lang='lat' dir='ltr'>ita</span> <span class='ocrx_word' id='word_1_244' title='bbox 1001 3603 1090 3679; x_wconf 91' lang='lat' dir='ltr'>fiant</span> <span class='ocrx_word' id='word_1_245' title='bbox 1103 3627 1283 3700; x_wconf 84' lang='lat' dir='ltr'>rogamus.</span> <span class='ocrx_word' id='word_1_246' title='bbox 1296 3602 1442 3678; x_wconf 86' lang='lat' dir='ltr'>Dictum</span> <span class='ocrx_word' id='word_1_247' title='bbox 1456 3612 1512 3678; x_wconf 88' lang='lat' dir='ltr'>est</span> 
     </span>
     <span class='ocr_line' id='line_1_30' title="bbox 288 3715 1478 3816; baseline 0.002 -27"><span class='ocrx_word' id='word_1_248' title='bbox 288 3715 408 3791; x_wconf 90' lang='lat' dir='ltr'>octies.</span> <span class='ocrx_word' id='word_1_249' title='bbox 427 3716 565 3791; x_wconf 83' lang='lat' dir='ltr'>Exaudi</span> <span class='ocrx_word' id='word_1_250' title='bbox 583 3716 737 3792; x_wconf 89' lang='lat' dir='ltr'>Christe.</span> <span class='ocrx_word' id='word_1_251' title='bbox 754 3715 922 3794; x_wconf 88' lang='lat' dir='ltr'>Simacho</span> <span class='ocrx_word' id='word_1_252' title='bbox 938 3719 1043 3816; x_wconf 75' lang='lat' dir='ltr'>Papre</span> <span class='ocrx_word' id='word_1_253' title='bbox 1059 3719 1145 3793; x_wconf 87' lang='lat' dir='ltr'>vita.</span> <span class='ocrx_word' id='word_1_254' title='bbox 1162 3718 1308 3794; x_wconf 88' lang='lat' dir='ltr'>Dictum</span> <span class='ocrx_word' id='word_1_255' title='bbox 1326 3727 1382 3793; x_wconf 90' lang='lat' dir='ltr'>est</span> <span class='ocrx_word' id='word_1_256' title='bbox 1398 3719 1478 3792; x_wconf 86' lang='grc' dir='ltr'>ΧΗ.</span> 
     </span>
    </p>
   </div>
   <div class='ocr_carea' id='block_1_3' title="bbox 826 3915 969 4002">
    <p class='ocr_par' dir='ltr' id='par_1_3' title="bbox 826 3915 969 4002">
     <span class='ocr_line' id='line_1_31' title="bbox 826 3915 969 4002; baseline 0.007 -1"><span class='ocrx_word' id='word_1_257' title='bbox 826 3915 969 4002; x_wconf 84' lang='lat' dir='ltr'>XLHlI.</span> 
     </span>
    </p>
   </div>
   <div class='ocr_carea' id='block_1_4' title="bbox 524 4119 1276 4186">
    <p class='ocr_par' dir='ltr' id='par_1_4' title="bbox 524 4119 1276 4186">
     <span class='ocr_line' id='line_1_32' title="bbox 524 4119 1276 4186; baseline 0 -13"><span class='ocrx_word' id='word_1_258' title='bbox 524 4123 573 4174; x_wconf 79' lang='lat' dir='ltr'>Ex</span> <span class='ocrx_word' id='word_1_259' title='bbox 592 4121 732 4186; x_wconf 78' lang='lat' dir='ltr'>epletus</span> <span class='ocrx_word' id='word_1_260' title='bbox 749 4119 891 4173; x_wconf 77' lang='lat' dir='ltr'>Stmacht</span> <span class='ocrx_word' id='word_1_261' title='bbox 911 4122 1014 4186; x_wconf 83' lang='lat' dir='ltr'>Papae</span> <span class='ocrx_word' id='word_1_262' title='bbox 1033 4119 1078 4174; x_wconf 81' lang='lat' dir='ltr'>ad</span> <span class='ocrx_word' id='word_1_263' title='bbox 1097 4121 1276 4175; x_wconf 81' lang='lat' dir='ltr'>essartum.</span> 
     </span>
    </p>
   </div>
   <div class='ocr_carea' id='block_1_5' title="bbox 289 4281 1513 4608">
    <p class='ocr_par' dir='ltr' id='par_1_5' title="bbox 289 4281 1513 4608">
     <span class='ocr_line' id='line_1_33' title="bbox 364 4281 1512 4381; baseline 0.001 -26"><span class='ocrx_word' id='word_1_264' title='bbox 364 4282 628 4359; x_wconf 86' lang='lat' dir='ltr'>¹Possessiones</span> <span class='ocrx_word' id='word_1_265' title='bbox 645 4283 760 4379; x_wconf 88' lang='lat' dir='ltr'>igitur</span> <span class='ocrx_word' id='word_1_266' title='bbox 781 4305 871 4380; x_wconf 86' lang='lat' dir='ltr'>quas</span> <span class='ocrx_word' id='word_1_267' title='bbox 896 4281 1143 4381; x_wconf 90' lang='lat' dir='ltr'>uuusquisque</span> <span class='ocrx_word' id='word_1_268' title='bbox 1167 4281 1338 4358; x_wconf 82' lang='lat' dir='ltr'>aeoclesiae</span> <span class='ocrx_word' id='word_1_269' title='bbox 1362 4282 1512 4380; x_wconf 77' lang='lat' dir='ltr'>propriso</span> 
     </span>
     <span class='ocr_line' id='line_1_34' title="bbox 289 4394 1513 4495; baseline 0 -26"><span class='ocrx_word' id='word_1_270' title='bbox 289 4394 395 4482; x_wconf 88' lang='lat' dir='ltr'>dedit,</span> <span class='ocrx_word' id='word_1_271' title='bbox 407 4406 472 4469; x_wconf 85' lang='lat' dir='ltr'>aut</span> <span class='ocrx_word' id='word_1_272' title='bbox 485 4396 631 4494; x_wconf 88' lang='lat' dir='ltr'>reliquit</span> <span class='ocrx_word' id='word_1_273' title='bbox 644 4395 802 4487; x_wconf 81' lang='lat' dir='ltr'>arbitrio,</span> <span class='ocrx_word' id='word_1_274' title='bbox 814 4395 962 4472; x_wconf 88' lang='lat' dir='ltr'>alienari</span> <span class='ocrx_word' id='word_1_275' title='bbox 977 4395 1198 4495; x_wconf 91' lang='lat' dir='ltr'>quibuslibet</span> <span class='ocrx_word' id='word_1_276' title='bbox 1210 4395 1329 4471; x_wconf 90' lang='lat' dir='ltr'>titulis</span> <span class='ocrx_word' id='word_1_277' title='bbox 1341 4406 1448 4494; x_wconf 87' lang='lat' dir='ltr'>etque</span> <span class='ocrx_word' id='word_1_278' title='bbox 1461 4396 1513 4469; x_wconf 93' lang='lat' dir='ltr'>di-</span> 
     </span>
     <span class='ocr_line' id='line_1_35' title="bbox 290 4507 1511 4608; baseline -0.002 -25"><span class='ocrx_word' id='word_1_279' title='bbox 290 4507 557 4598; x_wconf 84' lang='lat' dir='ltr'>stractionibus,</span> <span class='ocrx_word' id='word_1_280' title='bbox 566 4509 625 4586; x_wconf 88' lang='lat' dir='ltr'>vel</span> <span class='ocrx_word' id='word_1_281' title='bbox 637 4508 705 4584; x_wconf 86' lang='lat' dir='ltr'>sub</span> <span class='ocrx_word' id='word_1_282' title='bbox 716 4533 940 4608; x_wconf 90' lang='lat' dir='ltr'>quocumque</span> <span class='ocrx_word' id='word_1_283' title='bbox 952 4518 1168 4608; x_wconf 81' lang='lat' dir='ltr'>argumento</span> <span class='ocrx_word' id='word_1_284' title='bbox 1180 4533 1250 4587; x_wconf 94' lang='lat' dir='ltr'>non</span> <span class='ocrx_word' id='word_1_285' title='bbox 1263 4509 1432 4608; x_wconf 88' lang='lat' dir='ltr'>patimur,</span> <span class='ocrx_word' id='word_1_286' title='bbox 1440 4509 1511 4582; x_wconf 90' lang='lat' dir='ltr'>nisi</span> 
     </span>
    </p>
   </div>
   <div class='ocr_carea' id='block_1_6' title="bbox 0 0 1810 5498">
    <p class='ocr_par' dir='ltr' id='par_1_6' title="bbox 0 0 1810 5498">
     <span class='ocr_line' id='line_1_36' title="bbox 0 0 1810 5498; baseline 0 0"><span class='ocrx_word' id='word_1_287' title='bbox 0 0 1810 5498; x_wconf 95' lang='lat' dir='ltr'> </span> 
     </span>
    </p>
   </div>
  </div>
 </body>
</html>
