3608 5498
688 419 883 483 -337-

166 550 256 621 Item
275 546 312 618 in
330 543 491 644 partibus
508 544 648 619 Tusciae
669 542 983 639 Langobardorum
1011 542 1200 618 castellum
1226 541 1392 620 Felicita-

166 660 224 748 tis,
242 658 375 735 Urbem
393 668 565 748 veterem,
583 656 759 732 Balneum
786 657 903 754 regis,
930 658 1086 748 Ferenti,
1112 658 1314 744 viterbum,
1331 659 1394 733 Or-

165 772 268 860 olem,
297 775 463 860 Martum,
491 774 705 860 Tuscauam,
740 774 909 860 Suanam,
946 771 1193 872 Populonium,
1222 771 1393 860 Rusellae,

165 910 249 961 curn
267 884 482 959 suburbanis
499 896 606 983 atque
623 884 757 960 viculis
774 885 948 975 omnibus
965 894 1001 962 et
1018 885 1208 961 territoriis
1225 910 1268 962 ac
1285 883 1392 958 mari-

165 998 265 1072 timis
282 998 428 1096 oppidis,
445 998 649 1089 auriculis
666 1023 730 1073 seu
748 998 880 1073 finibus
892 998 1066 1073 omnibns.
1080 1001 1243 1098 Itemque
1261 997 1392 1073 Alunis

165 1137 248 1186 cunr
266 1112 385 1185 insula
403 1112 559 1188 Corsica.
578 1112 713 1188 Deinde
731 1112 769 1185 in
787 1111 950 1201 Suriano,
968 1111 1094 1187 deinde
1116 1112 1152 1185 in
1172 1122 1290 1188 monte
1307 1115 1393 1186 Bor·

166 1225 278 1314 donis,
295 1226 420 1302 deinde
438 1226 477 1300 in
489 1231 650 1315 Berceto,
667 1225 793 1301 deinde
820 1224 858 1299 in
886 1229 1026 1315 Parma,
1052 1226 1178 1302 deinde
1202 1226 1240 1300 in
1266 1225 1393 1322 Regia,

168 1340 347 1415 exindo‘in
366 1344 527 1431 Mantua,
544 1351 651 1441 atque
668 1340 706 1412 in
724 1348 844 1414 monte
858 1339 990 1430 Silicis,
1002 1349 1110 1438 atque
1124 1340 1308 1438 provincia
1322 1343 1393 1415 Ve-

165 1454 343 1529 netiarum
366 1465 402 1531 et
420 1455 583 1554 Hydria,
601 1479 668 1529 nec
686 1476 755 1528 non
773 1463 809 1528 et
827 1455 1007 1528 Ducatum
1026 1453 1220 1551 spoletum,
1237 1478 1301 1530 seu
1327 1456 1392 1530 Be

164 1578 420 1658 neventanum
434 1594 506 1644 una
521 1594 604 1646 cum
618 1566 779 1643 aecclesia
793 1575 927 1642 sancta
940 1564 1108 1642 Cristinae
1122 1566 1270 1666 positam
1286 1590 1391 1666 prope

165 1680 312 1778 Papiam
329 1682 431 1757 iuxta
449 1683 585 1757 Padum
603 1684 704 1757 IIIIor
724 1679 887 1754 miliaria.
904 1683 951 1754 Et
967 1679 1072 1756 infra.
1090 1682 1142 1756 De
1162 1679 1310 1756 civitate
1328 1706 1391 1754 au·

163 1803 235 1869 tem
254 1795 488 1895 Neapolitana
506 1821 589 1872 cum
604 1794 763 1871 castellis
779 1803 816 1869 et
833 1792 1025 1871 territoriis
1037 1818 1081 1870 ac
1096 1793 1230 1868 finibus
1242 1803 1279 1870 et
1295 1793 1393 1868 insu·

165 1907 211 1981 lis
227 1908 303 1983 suis
319 1908 387 1983 sibi
404 1909 666 2007 pertinentibus
683 1907 791 1984 sicuti
813 1907 858 1982 ad
883 1909 1024 1983 eusdem
1049 1908 1209 2007 aspicere
1236 1908 1391 2000 videtur,

164 2045 231 2097 nec
247 2045 317 2096 non
336 2021 588 2119 patrimonium
604 2022 747 2097 Sicilire.
761 2022 883 2097 Simili
899 2023 997 2099 modo
1012 2023 1201 2104 civitatem
1219 2022 1393 2112 Caietam,

164 2144 200 2208 et
217 2136 395 2223 Fundum,
411 2160 496 2209 eum
513 2135 679 2210 omnibus
697 2160 821 2210 eurum
841 2137 1076 2236 pertinentiis.
1103 2141 1255 2237 Insuper
1280 2137 1394 2212 offeri-

165 2276 246 2325 mus
262 2251 328 2325 tibi
346 2252 448 2326 beate
466 2255 569 2326 Petre
589 2251 753 2348 Apostole
772 2252 988 2350 Vicarioque
1009 2262 1071 2328 tuo
1088 2254 1225 2329 Domno
1243 2251 1394 2327 Iohanni

164 2366 252 2440 XII⁰
271 2369 375 2463 Papae
392 2376 429 2441 et
446 2366 723 2441 Successoribus
740 2365 831 2456 eius,
848 2390 911 2464 pro
928 2375 1059 2441 nostra
1081 2366 1211 2442 animm
1229 2366 1392 2456 remedio,

167 2478 349 2576 nostrique
368 2479 445 2570 filii,
458 2489 494 2555 ot
506 2489 707 2556 nostrorum
726 2489 926 2578 parentum,
938 2482 982 2556 de
995 2482 1134 2579 proprio
1147 2474 1268 2557 nostro
1282 2504 1394 2578 regno

167 2593 335 2670 civitates
347 2604 383 2669 et
395 2595 521 2692 oppida
534 2620 617 2670 cum
632 2595 796 2695 piscariis
813 2594 899 2683 suis,
914 2595 1006 2670 idest
1019 2598 1140 2684 Reate,
1154 2596 1395 2685 Amiternum,

165 2711 370 2796 Forconem,
383 2707 565 2796 Nursiam‚
579 2709 729 2783 Balvam
745 2708 951 2799 ctMarsim,
966 2718 1002 2784 et
1014 2708 1101 2784 alibi
1114 2709 1299 2784 civitatem
1313 2712 1395 2784 Ter·

167 2846 289 2895 ranem
307 2847 391 2896 cum
409 2821 637 2919 pertinentiis
654 2822 741 2909 suis,
759 2821 825 2896 has
837 2845 961 2898 omnes
978 2822 1241 2923 suprascriptas
1253 2821 1395 2921 provin·

166 2936 251 3026 siaa,
266 2935 373 3011 urbes
390 2946 427 3010 et
443 2936 620 3025 civitates,
637 2936 763 3034 oppida
779 2947 888 3035 atque
906 2936 1066 3025 castolla,
1082 2935 1223 3012 viculos
1236 2960 1279 3010 uc
1291 2935 1395 3010 terri-

170 3050 260 3122 toria
278 3047 386 3122 simul
404 3058 440 3124 et
456 3048 681 3147 patrimonia,
699 3072 760 3147 pro
777 3050 931 3125 remedio
949 3049 1079 3123 animae
1104 3060 1233 3124 nostrae
1250 3073 1314 3124 seu
1335 3072 1394 3146 pa-

168 3172 311 3236 rentum
328 3187 371 3237 ac
388 3185 636 3237 successorum
653 3171 868 3253 nostrorum,
886 3171 922 3238 et
939 3184 1001 3260 pro
1017 3172 1148 3238 cuncto
1172 3165 1393 3237 Francorum

167 3274 392 3375 populeium
410 3275 504 3351 dicte
521 3275 682 3351 ecclesiae
699 3286 771 3350 tuse
789 3275 890 3353 beate
913 3280 1018 3352 Petre
1038 3277 1203 3375 Apostole
1220 3286 1257 3352 et
1273 3299 1336 3376 pro
1357 3286 1392 3352 te

166 3388 301 3464 vIcario
313 3397 375 3463 tuo
392 3387 570 3486 spirituali
587 3387 679 3485 patri
696 3399 818 3463 nostro
834 3390 963 3464 domno
978 3388 1129 3464 Iohanni
1144 3414 1285 3466 summo
1302 3393 1393 3465 Pon·

167 3502 255 3577 tifici
273 3513 309 3576 et
326 3501 523 3578 universali
541 3506 646 3600 Papa
662 3502 810 3601 eiusque
824 3502 1091 3578 successoribus
1105 3504 1270 3603 usquein
1285 3504 1393 3579 finem

167 3615 302 3706 saeculi,
318 3639 358 3690 eo
376 3616 476 3691 modo
492 3616 757 3705 confirmamus,
774 3623 816 3689 ut
833 3615 872 3688 in
885 3638 949 3689 suo
961 3614 1146 3692 detineant
1158 3616 1248 3706 iure,
1261 3615 1393 3714 princi·

169 3738 381 3828 patu‚atque
395 3729 537 3806 ditIone.
551 3732 598 3804 Et
609 3729 714 3803 infra.
732 3731 772 3803 In
787 3727 940 3804 lectione
953 3750 1038 3805 vero
1050 3731 1289 3806 Romanorum
1304 3732 1394 3805 Pon·

169 3842 320 3930 filicum,
336 3867 453 3941 neque
469 3841 559 3916 liber
576 3865 690 3940 neque
708 3866 837 3916 servus
853 3842 899 3917 ad
916 3841 982 3919 hoc
995 3843 1120 3919 venire
1133 3852 1335 3943 prasumat,
1352 3854 1394 3919 ut

168 3956 229 4030 ille
246 3956 415 4031 Romanis
432 3978 520 4053 quos
537 3954 580 4028 ad
597 3953 690 4031 hano
707 3953 918 4030 electionem
938 3980 1000 4055 per
1016 3955 1288 4032 constitutiones
1312 3979 1394 4028 san·

168 4078 306 4143 ctorum
325 4080 468 4165 patrum
486 4067 635 4165 antiqua
653 4069 799 4144 admisit
815 4069 1033 4145 consuetudo
1049 4068 1192 4166 aliquod
1206 4069 1316 4143 saciat
1328 4069 1393 4143 im·

167 4182 421 4279 pedimentum.
434 4182 535 4268 Quod
548 4181 579 4254 si
592 4181 673 4280 quis
686 4193 810 4257 contra
819 4181 914 4258 hanc
928 4192 1085 4256 nostram
1099 4181 1393 4257 constitutionem

170 4296 435 4394 praesumpserit
451 4295 556 4371 exilio
572 4295 744 4369 tradatur.
761 4298 912 4394 Insuper
929 4297 1049 4383 etiarn,
1067 4305 1109 4369 ut
1133 4295 1257 4370 nullus
1274 4295 1396 4396 misso·

169 4434 249 4481 rum
267 4418 467 4483 nostrorum
490 4409 748 4507 cuiuscumque
767 4408 1008 4508 impeditionis
1034 4418 1272 4505 augmentum
1300 4432 1392 4483 com·

169 4545 297 4622 ponere
316 4523 353 4596 in
379 4524 561 4623 praephata
577 4522 749 4599 electione
766 4523 906 4613 audeat,
927 4522 1138 4597 omnimodis
1154 4521 1391 4622 prohibemus.

1177 4635 1214 4691 aa
