3608 5498
669 427 708 444 -
733 392 799 459 asa
824 426 865 442 -

728 545 799 630 tv.

344 725 393 776 Ex
412 725 551 777 concillo
569 725 630 776 vn
648 724 712 778 1³1³.
733 722 879 788 Gregorii
896 722 921 774 1.
939 720 1183 790 Episcopum.

251 861 290 933 Si
308 859 389 958 quis
405 858 537 959 pradia
553 859 737 935 beatorum
757 857 1004 958 Apostolorum
1021 856 1119 933 Petri
1132 866 1169 933 et
1180 856 1286 931 Pauli
1298 857 1376 932 ubi-

154 998 308 1072 cumque
325 973 457 1072 possita
474 974 512 1046 in
530 973 779 1074 proprietatem
797 997 900 1046 suam
917 972 1158 1071 usurpaverit,
1173 971 1233 1047 vel
1258 971 1375 1048 sciens

153 1087 333 1165 occultata
351 1110 419 1160 uon
439 1086 687 1187 propalaverit,
704 1087 762 1163 vel
778 1086 937 1162 debitum
955 1086 1145 1161 servitium
1163 1087 1290 1163 exinde
1310 1087 1377 1162 eis·
1401 1170 1403 1174 Α

153 1204 231 1278 dem
250 1225 321 1276 non
339 1200 540 1277 exhibuerit
556 1211 750 1298 cognoscat
765 1201 856 1275 iram
874 1201 939 1276 Dei
952 1210 988 1277 et
1005 1211 1212 1277 sanctorum
1230 1207 1382 1300 Aposto·

153 1316 269 1392 lorum
286 1316 388 1392 velut
404 1314 605 1411 sacrilegus
622 1341 659 1390 se
676 1315 870 1392 incurrere.
888 1315 1114 1414 Quicumque
1133 1337 1219 1391 vero
1244 1315 1283 1388 iu
1308 1314 1381 1391 hoo'

155 1429 306 1506 crimine
325 1428 565 1529 deprehensus
582 1429 702 1519 fuerit,
718 1429 840 1505 eadem
857 1428 1092 1505 hereditatem
1105 1428 1219 1505 beatis
1232 1434 1377 1529 Aposto-

154 1544 200 1619 lis
217 1543 379 1641 legitime
397 1542 574 1631 restituat,
593 1553 629 1620 et
644 1568 772 1641 penam
789 1542 1014 1643 quadruplici
1031 1543 1075 1619 de
1099 1544 1250 1645 propriis
1274 1543 1376 1620 bonis

153 1657 340 1757 persolvat.

721 1783 810 1869 LVI.

594 1961 644 2013 Ex
662 1959 778 2013 eodem
796 1971 869 2026 cap.
889 1962 928 2013 V.

247 2115 412 2192 Decimus
429 2115 573 2214 quasin
590 2141 697 2189 usum
721 2114 864 2213 pietatis
889 2140 1076 2192 concessas
1100 2141 1178 2192 esse
1203 2119 1376 2192 canonica

153 2241 305 2307 testatur
317 2232 524 2319 auctoritas,
537 2257 558 2303 a
571 2229 674 2305 laicis
686 2229 855 2330 possideri
869 2230 1061 2328 apostolica
1074 2231 1287 2306 auctoritate
1299 2254 1376 2328 pre

154 2345 328 2421 bibemus.
346 2347 430 2420 Sive
448 2343 544 2418 euim
558 2342 603 2417 ab
617 2343 811 2443 Episcopis,
828 2343 886 2418 vel
905 2343 1064 2440 regibus,
1081 2344 1139 2421 vel
1157 2343 1376 2443 quibuslibet

153 2461 311 2558 personis
327 2485 387 2535 eas
403 2459 619 2557 acceperint,
631 2457 703 2532 nisi
716 2456 886 2533 aecclesiae
904 2456 1130 2547 reddiderint,
1143 2458 1260 2533 Sciant
1273 2483 1310 2533 se
1322 2483 1378 2532 sa·

154 2574 299 2671 crilegii
311 2574 449 2650 crimen
459 2563 695 2662 committere,
703 2580 739 2648 et
747 2583 889 2649 aeternae
902 2574 1162 2675 dampnationis
1173 2572 1375 2672 periculum

156 2690 349 2764 incurrere.
366 2688 463 2763 Idem
482 2687 520 2761 iu
539 2690 627 2762 VIII
644 2686 734 2762 libro
753 2688 898 2785 registri
916 2688 984 2763 sui.
1009 2687 1112 2763 Nulli
1136 2688 1238 2764 dehet
1262 2712 1376 2785 grave

153 2802 267 2878 videri
286 2825 351 2898 pro
369 2801 507 2877 meliori
525 2811 625 2901 parte
642 2801 734 2878 idest
750 2801 871 2876 anima
889 2828 1028 2902 semper
1042 2804 1184 2879 victura
1198 2826 1375 2901 quemque

152 2915 310 2991 decimas
327 2919 399 2991 Deo
416 2915 541 2992 offerre
558 2942 641 2992 cum
660 2941 721 3016 pro
735 2916 907 2992 morituro
920 2939 1063 3015 corpore
1077 2917 1229 3015 plurime
1247 2925 1375 3013 gentes

153 3030 369 3127 coniugibus
386 3031 462 3105 suis
478 3029 776 3128 tertiampartem
795 3055 915 3106 rerum
940 3056 1089 3106 suarum
1115 3028 1375 3129 compellantur

154 3143 327 3220 exolvere.

709 3266 817 3353 LVII.

469 3446 506 3496 In
526 3445 643 3498 eodem
661 3446 796 3499 coneilio
815 3445 963 3511 Gregorii
981 3447 1052 3500 VII.

112 3632 116 3640 ·
249 3602 299 3675 Ut
315 3599 438 3675 nullus
456 3600 574 3675 Abbas
590 3599 747 3676 decimas
765 3609 801 3677 et
818 3600 995 3701 primitias
1012 3611 1048 3678 et
1066 3600 1203 3700 reliqua
1219 3625 1299 3700 quae
1323 3626 1376 3677 se·

155 3715 313 3789 eundum
327 3724 461 3790 statuta
475 3716 661 3791 Cauonum
674 3715 719 3790 ad
734 3716 923 3817 Episcopus
936 3717 1117 3816 pertinent
1129 3716 1288 3793 detineat
1298 3717 1377 3792 sine

157 3829 368 3905 auctoritate
386 3830 537 3904 Romani
554 3829 749 3919 Pontifieis,
766 3855 830 3906 seu
853 3830 1017 3928 Episcopi
1039 3830 1076 3904 iu
1102 3830 1207 3906 cuius
1231 3830 1377 3928 dyocesi

156 3943 305 4033 habitat,
321 3942 513 4042 apostolica
530 3943 713 4019 sanctione
731 3943 926 4020 firmamus.
943 3948 992 4019 Et
1007 3954 1049 4020 ut
1065 3940 1181 4019 omnis
1205 3943 1377 4019 Christia-

156 4084 226 4133 nus
243 4067 408 4156 procuret
425 4057 469 4131 ad
487 4057 680 4132 Missarum
699 4057 908 4157 sollempnia
924 4057 1060 4156 aliquid
1085 4058 1158 4133 Deo
1181 4055 1316 4146 offerre,
1340 4066 1377 4134 ct

155 4172 238 4247 duci
255 4173 301 4246 ad
318 4173 523 4249 memorium
541 4173 633 4271 quod
651 4175 747 4249 Deus
762 4195 825 4269 per
842 4175 992 4270 Moysen
1010 4169 1109 4246 dixit
1126 4172 1206 4245 Nou
1231 4194 1376 4269 appare-

154 4285 263 4360 bisin
282 4294 473 4384 conspeetu
491 4291 568 4361 m'eo
584 4311 733 4361 vacuus.
751 4285 894 4360 Etenim
920 4285 957 4358 in
983 4283 1144 4360 collectis
1168 4293 1375 4359 sanctorum

156 4409 299 4497 patrum
316 4398 451 4498 liquido
467 4411 614 4500 apparet
629 4399 722 4498 quod
737 4399 854 4474 omnis
871 4397 1068 4475 Christiani
1092 4397 1217 4475 offerre
1237 4397 1376 4498 aliquid

158 4515 230 4597 Deo
246 4539 291 4590 ex
308 4540 376 4590 usu
394 4525 598 4592 sanctorum
618 4515 767 4589 Petrum
784 4513 967 4616 deberent.
