3608 5498
815 380 990 445 -54-

287 517 323 583 et
339 506 452 604 ipsius
469 504 665 579 Salvatoris
681 502 944 577 humanitatem
963 501 1107 601 penitus
1125 511 1365 592 recusantem,
1382 511 1420 578 et
1437 529 1512 578 um·

287 620 427 696 brosam
451 617 643 717 quamdam
668 617 746 693 eius
770 615 816 691 ad
840 638 904 691 nos
929 613 1204 692 similitudinem
1234 614 1512 714 pristigiantem.

289 731 415 827 Leonis
431 730 553 806 tabula
570 739 754 827 tamquam
772 730 898 805 Leonis
915 729 1060 826 rugitus
1078 729 1233 804 viriliter
1250 753 1294 805 ex
1318 733 1429 805 Roma
1453 752 1513 805 vo·

288 846 445 921 ciferans
462 842 792 919 Archimandritam
817 843 969 922 bestiam
993 844 1200 943 perterruit,
1223 852 1331 943 atque
1357 867 1515 920 amona·

290 959 371 1036 chio
389 958 513 1033 Grecae
530 955 689 1055 proiecit,
705 956 854 1053 eiusque
871 956 1044 1032 fantasias
1069 981 1281 1033 evanescere
1298 956 1394 1032 lecit.
1411 960 1516 1034 Hanc

292 1072 447 1171 profecto
463 1096 485 1143 a
502 1061 653 1145 Domino
670 1069 936 1167 infrascriptam
960 1068 1119 1144 tabulam
1137 1068 1346 1144 Marcianus
1363 1073 1518 1168 Impera·

293 1197 347 1261 tur
363 1195 399 1262 et
412 1183 627 1260 Anatholius
640 1183 1055 1282 Constantinopolitanae
1069 1183 1519 1261 AntistescumomniCal·

294 1299 482 1376 cedonensi
495 1297 646 1375 concilio
659 1298 813 1397 amplexi
826 1308 923 1387 sunt,
939 1306 976 1372 et
993 1322 1076 1373 cum
1093 1297 1160 1372 hec
1178 1308 1428 1374 consonantem
1446 1300 1518 1374 Eu·

295 1412 441 1488 thiestis
457 1422 493 1488 et
509 1412 670 1487 Dioscori
688 1410 968 1507 intelligentiam
986 1421 1267 1486 evacuaverant.

388 1529 433 1600 V.
451 1525 511 1601 Sic
529 1525 741 1622 igitur-post
757 1523 824 1599 hoc
841 1524 1004 1621 Vigilius
1029 1524 1230 1599 Iustiniano
1255 1524 1415 1622 piissimo
1438 1548 1521 1602 con·

296 1639 450 1727 sonavit,
463 1647 500 1714 et
512 1637 679 1737 quintum
693 1636 894 1714 Concilium
909 1637 1145 1713 constitutum
1158 1648 1224 1727 est,
1236 1648 1272 1715 et
1284 1640 1519 1737 quorumdam

298 1753 472 1853 opuscula
488 1752 623 1850 repleta
639 1752 899 1826 abominatione
915 1751 1217 1826 anathematizata
1233 1762 1328 1826 suut.

394 1871 455 1942 Vl.
469 1866 537 1940 llis
549 1865 600 1940 ita
613 1890 650 1940 se
664 1865 878 1940 habentibus
892 1864 1124 1963 inspiratione
1136 1866 1252 1942 sancti
1267 1866 1424 1964 Spiritus
1440 1890 1524 1944 con·

297 1981 457 2079 spirante
485 2002 549 2054 nos
575 1980 679 2055 CLX.
704 1978 861 2054 invicem
887 2001 1123 2054 consonamus
1148 1988 1185 2055 et
1208 1980 1463 2070 consentimus,
1486 1990 1524 2055 ct

298 2093 501 2191 Agathonis
517 2091 715 2167 beatissimi
735 2091 854 2167 Patris
870 2092 983 2167 nostri
1000 2101 1038 2167 et
1055 2092 1194 2166 Summi
1219 2095 1325 2193 Papa
1349 2093 1526 2191 dogmati·

297 2207 351 2287 oie
368 2206 511 2293 litteris,
528 2231 595 2282 nec
612 2228 682 2281 nou
701 2215 737 2281 et
753 2204 984 2303 suggestioni
1000 2216 1134 2281 sanctae
1151 2231 1230 2305 qum
1248 2208 1314 2283 sub
1337 2231 1377 2284 eo
1402 2219 1439 2285 et
1463 2234 1524 2309 sy·

298 2319 380 2395 nodi
398 2320 546 2395 CXXV.
563 2329 707 2417 patrum
724 2320 989 2395 concordamus.

395 2437 442 2508 Et
457 2433 562 2507 infra.
578 2438 626 2509 Et
641 2433 864 2510 anathemati
880 2433 1100 2510 subiecimus
1116 2435 1338 2512 Theodorum
1352 2436 1525 2513 Pharani-

300 2558 437 2623 tannm.
455 2547 625 2642 Sergium
642 2556 679 2622 et
696 2548 849 2621 Paulum
868 2557 904 2623 et
928 2546 1126 2645 Phyrrum,
1150 2558 1187 2623 et
1211 2552 1370 2639 Petrum,
1394 2561 1431 2627 et
1456 2553 1526 2625 Ho-

300 2661 456 2748 nor-ium,
472 2669 508 2735 et
524 2659 763 2750 Macharium,
779 2669 816 2735 et
833 2659 1055 2759 Stephanum
1073 2661 1290 2760 discipulum
1307 2662 1397 2753 eius,
1408 2673 1446 2739 et
1463 2666 1528 2738 Po·

301 2773 531 2864 lichronium,
543 2783 580 2850 et
591 2797 714 2850 omnes
726 2774 789 2872 qui
803 2773 1079 2862 constituerunt,
1088 2782 1124 2848 et
1136 2775 1198 2872 qui
1212 2775 1429 2852 constituere
1441 2799 1528 2875 prm·

301 2897 462 2977 sumunt,
486 2912 595 2962 unam
621 2888 844 2964 voluntatem
870 2898 906 2964 et
934 2913 1042 2961 unam
1060 2889 1299 2985 operationem
1318 2889 1356 2962 in
1375 2889 1526 2965 Domino

303 3011 423 3079 nostro
439 3001 546 3076 lhesu
562 3000 715 3078 Christo.
729 3006 901 3077 Summus
917 3010 1038 3075 autem
1057 3001 1242 3077 nobiscum
1255 3002 1529 3079 concertabatur

304 3114 551 3213 Apostolorum
565 3115 745 3212 Princeps.
757 3113 861 3189 Illius
878 3114 1117 3190 immitatorem
1131 3124 1167 3190 et
1180 3114 1274 3189 sedis
1286 3139 1528 3194 successorem

304 3228 497 3302 habuimus
510 3227 686 3303 fautorem
700 3237 737 3303 et
749 3227 862 3302 divini
878 3228 1094 3304 sacramenti
1105 3229 1278 3328 mysterio
1286 3230 1529 3306 illustrantem

305 3365 368 3439 per
389 3340 528 3416 litteras
553 3340 808 3417 confessionem
838 3341 939 3418 nobis
963 3343 1025 3417 illa
1051 3347 1208 3419 Romana
1227 3345 1375 3445 antiqua
1399 3345 1531 3421 civitas

306 3452 446 3543 obtulit,
462 3462 499 3527 et
514 3452 724 3550 dogmatum
742 3453 834 3530 diem
853 3457 1103 3555 avespertinis
1116 3458 1278 3556 partibus
1289 3459 1432 3535 extulit.
1445 3461 1533 3537 Car·

306 3575 398 3753 pet
412 3576 654 3644 atramentum
671 3567 870 3656 videbatur,
887 3578 923 3643 et
939 3596 1000 3669 per
1019 3571 1247 3668 Agathonem
1266 3576 1396 3649 Petrus
1413 3572 1531 3671 loque·

331 3689 422 3754 atur.

846 3912 986 3997 XXXV.

408 4140 652 4215 Conveniente
669 4149 794 4216 sancta
811 4151 847 4216 et
869 4141 1067 4217 universali
1092 4142 1227 4241 synodo
1252 4167 1332 4241 quse
1355 4169 1419 4242 per
1443 4144 1536 4218 divi·

312 4276 395 4327 nam
412 4253 569 4348 gratiam
586 4264 623 4330 et
639 4254 734 4352 piam
750 4253 970 4329 sanctionem
988 4256 1242 4355 imperatorum
1257 4256 1484 4332 Constantini
1497 4268 1535 4334 et

314 4368 472 4465 Hyrenae
489 4368 615 4443 matris
630 4367 709 4444 eius
725 4380 946 4466 congregata
965 4379 1019 4445 est
1039 4369 1078 4443 in
1095 4368 1207 4445 Nicea
1228 4369 1326 4447 clara
1349 4370 1535 4470 metropoli

313 4480 594 4557 Bithiniensium
607 4483 811 4582 provinciae,
825 4483 919 4559 idem
928 4486 1034 4559 Petm
1047 4482 1335 4559 reverentissimo
1346 4483 1539 4583 Archipre·
