3608 5498
700 396 888 447 „xl...

408 704 641 784 FRAGMENTA
672 705 940 788 EPISTULARUM
969 706 1118 786 9111911
1149 705 1170 784 I.

450 984 488 1034 IN
507 981 759 1035 COLLECTIONE
779 980 887 1034 CARD.
908 981 1132 1035 DEUSDEDI'I'.

294 1379 314 1429 «
335 1352 415 1431 Lib.
436 1354 464 1448 I,
485 1379 514 1431 c.
548 1355 633 1431 139.
656 1355 831 1432 Gerasus
855 1348 1037 1457 Hebridr'o
1065 1355 1250 1458 Epaicopo
1288 1357 1393 1437 Vola·

182 1524 203 1575 »
227 1508 381 1578 terrario,
401 1499 502 1576 a'aler
526 1509 651 1578 cetera.
675 1501 752 1593 Quo
779 1523 889 1594 uara,
917 1524 993 1600 qua
1023 1501 1219 1578 terraem'tata
1247 1511 1308 1579 etc.
1338 1500 1394 1579 nti

51 1708 57 1719 .
183 1668 204 1719 »
226 1642 325 1748 apud
345 1642 568 1723 Gratianum
589 1671 706 1722 carras.
721 1645 868 1740 XXIII,
887 1670 921 1746 q.
941 1645 978 1740 8,
997 1671 1027 1722 c.
1049 1647 1115 1740 26,
1133 1644 1198 1724 ubi
1218 1655 1396 1725 correcto-

180 1819 201 1867 »
224 1818 281 1869 res
307 1791 467 1871 Romani
497 1791 536 1867 in
565 1791 662 1870 notis
690 1819 736 1868 ex
765 1789 977 1868 collectione
996 1791 1192 1898 Polycarpi
1219 1792 1342 1872 Iocum
1374 1825 1395 1874 a

180 1966 202 2014 »
226 1939 426 2017 Deusdedit
455 1938 631 2017 omissum
662 1936 938 2043 suppleverunt.
960 1941 1042 2014 Hor
1069 1936 1325 2042 fragmentum
1355 1941 1394 2020 in

181 2116 202 2162 ›>
224 2086 402 2167 Conoiliis
421 2087 602 2165 omissum
621 2112 707 2164 cum
727 2084 856 2162 ceteris
876 2082 1129 2188 reponendum
1147 2099 1213 2163 est.

288 2232 412 2312 »Lib
438 2234 470 2328 I,
490 2259 520 2311 c.
544 2232 631 2311 140.
656 2231 831 2312 Gelarr'ar
851 2230 1035 2334 Masbrr'co
1063 2243 1097 2311 et
1123 2235 1276 2314 Joaaai
1291 2236 1390 2339 Epi·-

182 2407 203 2454 »
225 2380 358 2482 acopis.
379 2381 440 2456 Ita
468 2404 534 2457 nor
554 2379 880 2482 Sqaa'llaciaoram
910 2379 1033 2458 caeder
1047 2380 1243 2481 ,oemr'aata
1261 2381 1392 2460 Ponti-‘-

184 2553 203 2601 a
223 2529 335 2616 ficri-m
367 2536 428 2605 etc.
450 2524 506 2602 uti
536 2524 634 2630 apud
663 2523 835 2600 mundam
866 2523 1091 2604 Gratianum
1121 2554 1238 2604 causa.
1259 2531 1401 2626 XXV,-

181 2702 201 2750 »
225 2700 258 2776 q.
279 2675 316 2770 2,
336 2700 366 2752 c.
388 2674 451 2753 25.

289 2848 310 2897 >>
332 2819 413 2900 Lib.
434 2823 471 2917 3,
491 2846 521 2897 c.
543 2822 607 2901 92.
630 2820 806 2900 Gelcuias
832 2821 1206 2916 &reserata-haam
1231 2833 1265 2902 et
1291 2824 1390 2903 Mea·-

180 2991 202 3043 »
222 2966 324 3046 salae
341 2967 553 3071 Episcopir.
574 2967 814 3045 Danaorum
839 2975 984 3045 statuta
1010 2976 1072 3045 etc.
1092 2965 1150 3045 uti
1178 2968 1276 3075 apud
1298 2972 1392 3051 Gra-

182 3141 203 3189 »
225 3112 372 3191 bianum
393 3111 481 3190 ibid.
501 3138 531 3190 r.
557 3115 617 3210 19,
638 3111 703 3191 nbi
723 3111 818 3191 male
838 3113 1040 3193 Messalina
1057 3117 1272 3220 Eprtcopir.

290 3286 310 3336 a
333 3259 413 3339 Lib.
435 3262 471 3355 3,
491 3248 522 3338 a.
552 3263 615 3340 93.
638 3261 815 3340 Gerasus
842 3261 995 3339 Joaaar‘
1017 3261 1204 3365 Episcopo
1233 3264 1390 3341 Sorano.

179 3443 193 3475 »
223 3407 369 3486 Certum
388 3407 605 3510 estquidam
625 3416 688 3485 etr.
708 3404 766 3483 uti
794 3404 892 3509 apud
913 3403 1137 3485 Gratianum
1167 3404 1212 3482 de
1230 3432 1388 3485 consecr.

178 3580 199 3628 »
222 3551 305 3629 dist.
324 3555 356 3649 I,
371 3579 401 3630 c.
418 3555 454 3629 7.
470 3554 605 3629 Noster
624 3558 749 3628 autam
769 3550 883 3627 codex
904 3548 1007 3626 addit
1027 3547 1066 3625 in
1085 3549 1172 3627 finr:
1190 3553 1293 3629 Data
1308 3554 1391 3630 Idi·

181 3725 201 3773 »
224 3699 291 3777 bar
310 3699 470 3802 Aprilis.

288 3875 309 3922 »
332 3846 412 3925 Lib.
433 3849 469 3941 3,
489 3873 518 3924 o.
549 3847 613 3924 94.
643 3845 819 3926 Galatica·
848 3847 1050 3924 Senecioni
1073 3847 1268 3948 Episcopo.
1300 3847 1390 3926 Piae

180 4022 201 4068 a
223 3996 359 4073 narratis
386 3993 634 4099 atriplecteada
654 3993 794 4071 (levatio
822 4002 888 4087 est,
915 4018 991 4094 qua
1018 4016 1056 4068 re
1087 3991 1224 4068 Julius
1268 3993 1303 4067 V.
1336 3973 1396 4068 H.

181 4174 201 4213 »
225 4140 298 4247 (vir
317 4136 556 4243 honorabilis)
577 4149 638 4217 etc.
659 4136 716 4214 uti
737 4137 775 4214 in
792 4137 970 4217 Gratiano
990 4164 1106 4215 causa.
1125 4138 1233 4232 XVI,
1255 4164 1287 4242 q.
1305 4140 1342 4234 7,
1358 4165 1388 4217 a.

179 4312 199 4357 »
222 4286 284 4363 26.
306 4282 430 4364 Codex
451 4281 555 4361 addit
574 4282 613 4359 in
634 4281 726 4359 fine:
747 4284 850 4362 Data
869 4283 981 4360 XIII
995 4281 1084 4361 Kal.
1105 4283 1286 4384 Amasti.

290 4461 310 4507 »
332 4431 413 4510 Lib.
430 4433 466 4525 3,
482 4456 511 4507 c.
531 4431 618 4509 100.
637 4429 813 4509 Galatiam
828 4428 1036 4533 Aqilubrlm
1050 4440 1136 4534 post
1153 4440 1279 4507 cetera.
1299 4431 1389 4507 Pru·
