3608 5498
803 405 998 471 -ato-

833 623 969 709 cxxx.

802 828 997 895 Hysidorus

385 990 500 1068 Cardo
516 989 635 1067 dictus
650 1016 672 1065 a
688 989 916 1089 potocardian
929 1012 1058 1087 greco,
1075 988 1168 1065 idest
1184 987 1299 1078 corde,
1311 986 1396 1087 quia
1406 986 1512 1067 'sicut

288 1129 349 1182 cor
365 1115 479 1182 totum
497 1104 676 1181 bominem
697 1104 793 1202 regit
809 1112 845 1179 et
862 1113 992 1194 movet,
1008 1104 1059 1179 ita
1077 1103 1184 1179 cardo
1201 1103 1318 1177 ianuae
1334 1101 1426 1178 idest
1450 1126 1511 1178 cu·

290 1244 380 1295 neus
397 1228 507 1295 totam
525 1219 671 1294 ianuam
690 1217 785 1315 regit
802 1227 837 1293 et
854 1227 981 1294 movet.
999 1217 1101 1294 Unde
1127 1217 1326 1293 derivative
1351 1206 1512 1293 sacerdo·

289 1340 344 1407 tes
360 1342 396 1408 et
413 1332 532 1408 levitae
557 1332 696 1407 Summi
724 1330 908 1406 Pontificis
933 1328 1134 1406 cardinales
1158 1329 1341 1419 dicuntur,
1359 1318 1510 1427 eoquod

289 1444 357 1542 ipsi
371 1445 472 1545 quasi
487 1445 599 1520 forma
613 1445 698 1520 facti
714 1444 821 1542 gregi
834 1445 947 1521 sacris
960 1444 1268 1545 predicationibus
1280 1453 1317 1518 et
1329 1432 1510 1542 praeclaris

289 1558 451 1655 operibus
468 1562 601 1656 Papam
618 1558 780 1656 dirigant
796 1567 903 1659 atque
921 1559 1106 1656 adrogant,
1123 1567 1231 1657 atque
1247 1559 1292 1632 ad
1316 1557 1420 1654 regni
1445 1581 1511 1632 cre-

290 1670 391 1746 lestis
409 1672 571 1746 anditum
590 1681 758 1747 moveant
774 1682 811 1749 et
823 1672 990 1748 invitent,
1007 1673 1111 1749 Sicut
1127 1673 1316 1748 abbasibus
1334 1696 1413 1771 quae
1425 1682 1511 1747 sunt

292 1783 439 1860 fulturae
468 1784 717 1860 columnarum
746 1810 767 1858 a
792 1785 1024 1862 fundamento
1048 1795 1251 1883 surgentes,
1270 1785 1395 1860 basilei
1420 1785 1511 1860 idest

291 1924 395 1997 reges
416 1899 588 1976 dicuntur
605 1900 689 1999 quia
707 1903 840 1998 Papam
860 1908 1003 1996 regunt,
1020 1900 1070 1975 ita
1087 1909 1124 1976 et
1148 1899 1356 1976 cardinales
1380 1898 1511 1973 diriva-

290 2012 365 2087 tive
385 2012 557 2089 dicuutur
574 2039 595 2087 a
612 2012 819 2089 cardinibus
835 2012 963 2104 ianuae,
980 2013 1041 2112 qui
1059 2023 1131 2088 tam
1146 2022 1279 2109 regunt
1295 2021 1331 2089 et
1352 2021 1510 2101 movent,

289 2126 382 2226 quod
396 2126 533 2225 plebem
547 2127 612 2203 Dei
627 2136 668 2202 ut
681 2128 845 2228 superius
857 2126 1019 2203 diximus
1031 2126 1202 2202 doctrinis
1215 2126 1349 2201 sanctis
1361 2125 1405 2200 ad
1417 2149 1512 2201 amo·

290 2264 364 2316 rem
382 2239 447 2316 Dei
465 2249 642 2316 moveant.
659 2243 750 2317 Item
768 2240 969 2317 cardinales
986 2241 1109 2316 mundi
1127 2242 1197 2316 duo
1213 2240 1348 2315 suntin
1362 2249 1511 2340 septem·

287 2353 402 2429 trione
418 2362 455 2428 et
473 2354 631 2444 meridie,
648 2363 684 2430 et
700 2353 779 2430 ideo
795 2354 965 2430 dicuntur
983 2353 1146 2430 cardines
1163 2353 1247 2452 quia
1265 2351 1303 2427 in
1329 2351 1416 2451 ipsis
1436 2351 1511 2427 vol-

288 2465 389 2540 vitur
405 2464 547 2541 oaelum.

823 2659 976 2744 oxxxl.

452 2862 500 2913 Ex
519 2861 624 2914 sinodi
642 2860 776 2915 secundi
794 2862 951 2928 Stephani
968 2864 1070 2928 Papae
1089 2863 1121 2914 in
1139 2863 1265 2915 actione
1284 2863 1340 2915 111.
1438 2822 1447 2836 ⁰

382 3035 533 3107 Esterno
545 3031 602 3107 die
615 3031 750 3128 prolata
764 3041 818 3109 est
830 3032 1008 3109 sententia
1021 3033 1317 3132 quomadmodum
1336 3036 1509 3112 Constan-

288 3146 387 3220 tinus
402 3145 611 3244 Apostolioae
624 3145 717 3220 sedis
730 3145 874 3222 invasor
891 3147 1176 3247 suppoenitontiae
1191 3149 1411 3248 correptione
1429 3149 1510 3224 sub

288 3259 413 3336 sistere
430 3260 564 3336 debeat.
581 3264 669 3335 Item
685 3259 789 3333 infra.
801 3260 993 3357 Oportebat
1008 3270 1049 3336 ut
1061 3260 1138 3338 haec
1151 3254 1379 3338 sacrosancta
1391 3261 1511 3338 Domi·

287 3373 369 3449 nica
387 3383 508 3448 nostra
524 3376 684 3448 Romana
701 3372 862 3449 Ecclesia
880 3374 981 3449 iuxta
998 3373 1090 3473 quod
1107 3399 1128 3446 a
1145 3373 1246 3450 beato
1260 3367 1365 3451 Petro
1377 3387 1413 3452 et
1431 3376 1509 3452 eius

288 3485 553 3562 successoribus
571 3485 776 3560 institutum
795 3495 850 3560 est
862 3484 930 3561 rite
943 3486 1178 3577 ordinaretur,
1190 3497 1227 3562 et
1240 3487 1277 3560 in
1291 3487 1508 3586 apostolatus

288 3597 447 3673 culmine
461 3623 557 3671 unus
569 3597 612 3673 de
621 3598 862 3673 cardinalibus
871 3596 1162 3696 presbyterisaut
1173 3598 1379 3684 diaconibus
1391 3622 1511 3676 couse-

287 3720 459 3786 craretur.
473 3713 572 3785 ltcm.
586 3711 656 3786 Scd
668 3720 704 3786 et
716 3710 781 3786 hoc
794 3709 861 3784 sub
874 3709 1114 3784 anathematis
1127 3710 1439 3787 interdictionibus
1451 3711 1508 3786 de-

287 3823 480 3913 cernimus,
495 3833 534 3898 ut
547 3822 640 3898 nulli
654 3849 812 3923 unquam
830 3823 1003 3899 laicorum
1016 3821 1093 3897 sivo
1109 3849 1153 3897 ex
1165 3848 1273 3897 mann
1287 3834 1437 3913 armata,
1451 3821 1510 3899 vel

287 3960 332 4010 cx
355 3936 439 4011 aliis
463 3935 647 4012 ordinibus
667 3945 886 4034 presumant
902 3935 1059 4026 inveniri
1077 3935 1115 4008 in
1134 3933 1305 4020 electione
1318 3935 1509 4012 Pontificis.

288 4050 357 4125 Sed
370 4075 390 4123 a
405 4051 547 4127 cunctis
557 4049 818 4140 Sacerdotibus,
828 4060 936 4149 atque
944 4048 1149 4147 proceribus
1162 4048 1369 4125 ecclesiast
1381 4059 1511 4126 cuncto

287 4161 383 4238 clero
399 4163 475 4260 ipsa
492 4162 708 4262 pontificalis
724 4162 850 4241 electio
866 4162 1062 4262 proveniat.
1078 4164 1125 4235 Et
1142 4170 1327 4260 postquam
1342 4162 1510 4237 Pontifex

287 4274 423 4350 electus
436 4274 555 4365 fuerit,
568 4276 654 4351 etin
669 4275 930 4373 patriarchium
943 4273 1129 4362 deductus,
1141 4283 1230 4350 tnnc
1242 4274 1431 4373 optimates
1444 4274 1510 4348 mi·

289 4386 387 4475 litia,
400 4396 437 4463 et
450 4396 605 4465 cunctus
619 4389 811 4480 exercitus
823 4399 859 4466 et
870 4390 969 4466 cives
983 4387 1134 4478 honesti,
1145 4397 1253 4486 atque
1267 4388 1436 4464 universa
1449 4412 1511 4484 ge·

287 4501 459 4574 neralitas
473 4500 591 4599 populi
605 4499 714 4576 huius
727 4498 894 4578 Romana
907 4501 1006 4576 urbis
1017 4500 1063 4593 ad
1076 4500 1397 4600 salutandumeum
1410 4501 1509 4575 sicut
