3608 5498
706 438 744 453 -
772 406 836 468 329
861 436 901 452 ·-

196 525 337 600 Gisnllo
355 524 514 623 Principi
532 526 768 614 Salernitana,
786 525 918 621 legatis
935 535 1062 599 nostrae
1085 525 1186 598 Sedis
1204 525 1415 624 Apostolicae

197 638 234 712 in
254 638 390 713 Gallias
407 638 501 713 inter
518 649 645 714 cetera.
662 638 860 714 Dicendum
888 649 941 714 est
966 637 1130 713 omnibns
1156 637 1282 726 Gallis,
1299 648 1334 712 et
1352 663 1413 736 per

199 778 319 828 reram
339 752 574 828 obedientiam
594 754 893 853 praeeipuendum,
907 762 1182 849 utunaquaeque
1199 749 1325 824 domus
1345 750 1414 825 sal·

194 876 265 940 tarn
285 892 397 940 unum
415 866 600 940 denarium
619 867 754 940 viritim
773 867 959 941 annuatim
973 866 1113 941 solvant
1129 865 1230 941 beato
1248 868 1363 954 Petro,
1378 864 1411 939 si

193 1004 276 1053 eum
296 989 557 1075 recognoscunt
582 988 719 1077 patrem
744 990 780 1054 et
804 990 979 1079 pastorem
1005 1006 1111 1054 suum
1137 1003 1233 1054 more
1254 978 1411 1077 antiquo.

197 1098 290 1167 Nam
309 1094 459 1170 Carolus
476 1097 671 1193 Imperator
689 1095 785 1170 siout
801 1092 937 1190 legitur
954 1091 990 1165 in
1010 1102 1103 1166 tomo
1119 1091 1198 1166 eius
1215 1091 1277 1189 qni
1296 1091 1333 1165 in
1358 1117 1414 1165 ar·

194 1206 300 1282 chiro
313 1207 473 1283 ecclesiae
486 1207 580 1283 beati
594 1209 691 1283 Petri
705 1207 867 1295 habetur,
880 1206 918 1279 in
932 1205 1047 1280 tribus
1060 1204 1413 1294 loeis,annuntiatim

196 1321 391 1417 colligebat
408 1320 506 1397 mille
523 1332 560 1397 et
585 1322 644 1398 CC
662 1321 772 1395 libras
797 1321 840 1395 ad
866 1317 1053 1394 servitium
1079 1318 1289 1416 Apostolieae
1311 1318 1413 1393 Sedis

193 1434 285 1510 idest
300 1435 532 1532 Aquisgrani,
545 1436 637 1535 apud
653 1435 794 1535 podium
809 1436 928 1508 Beatae
941 1432 1075 1520 Mariae,
1087 1441 1124 1506 et
1135 1431 1228 1528 apud
1238 1435 1412 1507 Sanctum

194 1548 380 1645 Egidium,
395 1558 541 1648 excepto
557 1548 624 1623 hoc
641 1549 732 1646 quod
750 1546 997 1645 unusquisque
1010 1545 1150 1643 propria
1164 1545 1348 1621 devotione
1364 1544 1414 1619 ol·

193 1661 338 1736 ferebat.
356 1661 453 1736 Idem
471 1686 556 1736 vero
576 1686 728 1758 magnus
745 1665 940 1761 Imperator
958 1659 1147 1733 Saroniam
1164 1658 1295 1759 optulit
1311 1658 1413 1734 beato

195 1779 310 1864 Petro,
327 1775 432 1850 cuius
445 1776 566 1850 eadem
581 1776 660 1850 vica
674 1775 861 1862 adiutorio,
873 1785 910 1849 et
922 1772 1039 1870 posuit
1056 1772 1202 1868 signum
1216 1771 1413 1864 devotionis

193 1899 230 1964 et
247 1888 422 1964 libertatis
440 1890 534 1964 sieut
552 1889 619 1987 ipsi
637 1892 804 1963 Xaxones
821 1885 953 1960 habent
970 1885 1156 1983 seriptum,
1167 1896 1209 1960 ‘et
1222 1885 1414 1984 prudentes

194 2002 338 2076 illorum
358 2003 445 2076 satis
463 2002 593 2077 sciunt.
610 2005 699 2077 Item
718 2027 762 2076 ex
779 2010 919 2097 regesto
936 1999 1056 2073 eodem
1075 1996 1134 2071 lib.
1151 1999 1184 2070 Il
1202 2023 1276 2097 cap.
1297 1999 1413 2072 XIIII.

197 2116 396 2213 Gregorius
413 2117 611 2216 Episcopus
629 2115 806 2190 Salomoni
827 2113 904 2209 regi
923 2114 1151 2207 Unger-orum
1171 2110 1265 2186 inter
1286 2119 1414 2185 cetera.

199 2229 301 2304 Sicut
319 2253 340 2301 a
359 2228 552 2303 maioribus
570 2229 693 2326 patriae
709 2240 781 2303 ture
798 2250 1011 2323 cognoscere
1029 2234 1153 2321 potest,
1170 2248 1323 2319 regnum
1342 2225 1415 2298 Un-

193 2341 306 2436 gariaa
323 2352 457 2416 sanotae
474 2345 641 2416 Romanae
654 2341 813 2417 ecclesiae
826 2339 1007 2438 proprium
1021 2349 1119 2426 est,a
1135 2361 1219 2433 rege
1234 2337 1413 2434 Stephano

197 2453 281 2528 olim
299 2453 402 2529 beato
420 2459 524 2529 Petro
542 2481 625 2530 cum
643 2455 739 2528 omni
758 2455 836 2529 iure
854 2463 889 2527 et
907 2462 1076 2550 potestate
1102 2479 1168 2527 sua
1192 2451 1350 2526 oblatum
1376 2461 1412 2526 et

195 2565 1417 2666 devotatraditum.PretereaHeinricuspiemcmoriaeimperator,ad·

192 2679 357 2756 honorem
373 2680 487 2755 saneti
503 2681 599 2756 Petri
616 2707 767 2778 regnum
779 2682 868 2757 illud
878 2706 1102 2782 expugnans,
1111 2681 1264 2756 victoria
1273 2681 1412 2778 adepta,

191 2793 235 2866 ad
253 2818 381 2891 corpus
398 2793 491 2869 beati
511 2794 605 2869 Petri
624 2795 784 2871 lanceam
803 2809 839 2874 et
856 2821 1023 2873 coronam
1041 2796 1119 2870 eius
1140 2795 1351 2882 transmisit,
1375 2804 1412 2870 et

194 2931 255 3004 pro
272 2907 385 3003 gloria
404 2908 578 3007 triumphi
597 2909 653 2984 sui
672 2909 761 2985 illuc
780 2911 883 3007 regui
901 2909 1030 2984 direxit
1047 2909 1217 3005 insignia,
1229 2932 1298 3006 quo
1315 2908 1413 3005 prin·

195 3021 353 3118 cipatum
372 3022 449 3096 eins
470 3024 661 3119 dignitatis
681 3024 834 3099 attinere
855 3023 1034 3120 cognorit.
1056 3026 1132 3109 Que
1154 3047 1235 3097 cum
1258 3023 1308 3096 ita
1328 3023 1413 3112 sint,

193 3143 233 3207 nt
252 3148 371 3210 tamen
389 3135 447 3209 ius
464 3152 499 3211 et
516 3138 683 3213 bonorem
709 3138 826 3212 sancti
845 3137 942 3211 Patri
968 3144 1142 3234 quantum
1168 3135 1211 3208 ad
1236 3145 1271 3209 te
1296 3134 1414 3208 immi-

191 3247 315 3338 nuisti,
337 3249 420 3323 dum
440 3250 517 3324 eius
535 3275 688 3347 regnum
706 3276 727 3322 a
746 3273 831 3344 rege
850 3248 1124 3322 Teutonicorum
1144 3245 1181 3319 in
1198 3246 1411 3321 beneficium

191 3361 286 3437 sicut
309 3362 516 3437 audivimus
540 3362 719 3463 accepisti.
744 3360 844 3449 Quod
868 3359 898 3434 si
918 3385 1043 3434 verum
1062 3368 1128 3447 est,
1152 3357 1306 3456 qualiter
1330 3382 1413 3455 gra·

192 3473 279 3548 tiam
303 3475 395 3550 beati
424 3475 520 3550 Petri
546 3486 610 3550 aut
635 3488 792 3550 nostram
814 3472 1093 3548 benivolentiam
1114 3496 1256 3569 sperare
1275 3471 1413 3563 debeas,

192 3598 229 3661 tu
250 3587 325 3686 ipse
342 3588 370 3660 si
390 3587 565 3662 iustitiam
582 3588 755 3675 adtendis,
768 3610 837 3661 non
852 3588 1009 3682 ignoras,
1022 3584 1190 3660 videlieet
1203 3594 1237 3661 te
1250 3610 1320 3660 non
1333 3611 1412 3661 eam

191 3700 384 3787 abiturum,
410 3726 476 3775 neo
501 3701 577 3775 sine
603 3702 795 3800 apostoliea
820 3699 933 3772 animi
959 3697 1167 3774 adversione
1196 3698 1258 3774 diu
1284 3724 1415 3796 regna-

193 3824 328 3902 turum,
353 3813 423 3888 nisi
449 3826 628 3913 sceptrum
649 3815 751 3911 regni
770 3814 863 3912 quod
888 3823 987 3889 tenes
1012 3824 1171 3889 correcto
1195 3836 1313 3888 errore
1339 3824 1411 3905 tuo,

192 3928 403 4027 apostolicae,
425 3952 494 4002 non
513 3940 634 4004 autem
652 3927 761 4024 regiae
784 3926 981 4001 maiestatis
1005 3925 1218 4001 beneficium
1244 3950 1413 4024 recogno-

191 4068 280 4116 scas.
288 4045 412 4140 Neque
427 4066 489 4116 nos
502 4044 628 4118 timore
642 4043 700 4118 vel
718 4065 838 4117 amore
852 4039 908 4115 vel
922 4039 1043 4137 aliqua
1054 4039 1229 4137 personali
1239 4040 1412 4140 acceptio·

192 4180 247 4244 na,
264 4167 437 4254 quantum
458 4161 529 4232 Deo
545 4159 740 4233 adiuvante
757 4155 962 4255 poterimus,
980 4153 1138 4229 debitum
1152 4155 1319 4230 honorem
1333 4156 1412 4231 eius

192 4268 298 4343 ouius
314 4268 429 4342 servis
446 4295 573 4345 sumus
591 4270 844 4367 inrequisitam
864 4267 1118 4366 relinquemus.
1136 4272 1272 4344 Verum
1292 4269 1322 4343 si
1344 4269 1411 4346 hoo

192 4379 390 4468 emendare,
403 4392 440 4454 et
453 4382 564 4455 vitam
580 4393 690 4472 tuam,
704 4393 744 4457 ut
759 4407 881 4479 regem
900 4383 1001 4458 decet
1018 4382 1205 4461 instituere
1223 4386 1296 4459 Deo
1309 4384 1412 4460 mise·

193 4502 295 4568 rante
313 4491 480 4584 volueris,
496 4495 618 4596 procul
636 4495 742 4575 dubio
758 4497 985 4580 dilectionem
1004 4510 1139 4580 sancta
1155 4502 1323 4579 Romane
1347 4524 1414 4578 ae·
