3608 5498
817 435 857 452 -
875 399 947 465 Ι450
973 429 1014 452 *-

295 521 517 596 Polluuntur
532 516 630 597 enim
648 517 770 597 omnes
787 544 858 596 uno
875 534 1056 622 peccante.
1073 523 1197 596 Helias
1214 519 1368 622 namque
1391 525 1533 601 multos

298 635 418 710 affecit
436 646 547 711 morte
566 637 705 737 propria
724 661 845 711 manu.
867 639 909 710 ln
936 660 1026 711 novo
1042 637 1150 713 etiam
1168 647 1380 713 testamento
1397 641 1536 715 Petrus

300 749 479 825 Ananiam
497 761 533 825 et
550 750 740 849 Saphiram
757 750 914 825 terrifice
933 749 1113 843 multavit.
1246 763 1248 767 ’
1517 776 1521 781 ·

825 951 996 1036 cxxvii.

593 1157 795 1220 Augustinus
814 1155 856 1208 de
873 1155 956 1208 libro
976 1153 1019 1208 de
1037 1155 1225 1220 penitentia.

266 1343 272 1354 ·
292 1366 295 1372 Α
394 1318 501 1393 Multi
519 1319 766 1415 corriguntur,
784 1328 825 1392 ut
844 1321 984 1404 Petrus,
1003 1315 1109 1390 multi
1129 1316 1327 1392 tolerantur
1347 1329 1389 1393 ut
1406 1319 1529 1393 ludes.

299 1430 406 1503 Multi
423 1433 635 1507 nesciuntur
652 1433 762 1508 donec
775 1431 898 1506 veniat
911 1428 1095 1518 Dominus,
1103 1430 1169 1528 qui
1182 1429 1364 1506 illuminet
1377 1430 1529 1507 abscon·

295 1543 374 1618 dita>
383 1546 624 1636 tenebrarum,
634 1557 670 1622 et
684 1556 811 1622 cetera.
822 1544 988 1642 Plerique
1002 1554 1123 1619 autem
1137 1546 1218 1620 beni
1234 1546 1431 1622 Christiani
1439 1569 1529 1644 ,pro-

295 1667 415 1754 pterea
434 1669 554 1735 tacent
571 1669 612 1735 ut
629 1659 803 1734 sufferant
814 1658 969 1732 aliorum
988 1672 1112 1756 pecata
1129 1683 1208 1758 quae
1224 1671 1412 1748 noverunt,
1433 1661 1524 1758 quia

296 1769 519 1847 documentis
536 1798 617 1871 sepe
634 1773 858 1860 deseruntur,
876 1783 912 1848 et
928 1798 969 1848 ea
995 1798 1074 1872 quae
1100 1775 1166 1875 ipsi
1185 1776 1316 1865 sciunt,
1338 1775 1524 1850 iudicibus

294 1885 547 1962 ecclesiasticis
565 1886 711 1984 probare
733 1910 803 1960 nou
830 1897 986 1984 possunt.
1012 1887 1185 1974 Quamvis
1209 1887 1305 1963 enim
1332 1913 1417 1963 vera
1444 1887 1524 1963 sint

294 2001 466 2095 quaedam,
484 1989 553 2076 non
568 2011 686 2076 temen
700 2001 810 2076 iudici
824 2001 928 2075 facile
941 2000 1116 2074 credenda
1128 2011 1214 2075 sunt
1227 2001 1296 2075 nisi
1314 2026 1394 2100 quar
1407 2001 1521 2076 oertis'

294 2113 439 2188 iudiciis
456 2115 753 2190 demonstrentur.
775 2118 848 2189 Nos
873 2135 957 2187 vero
982 2138 1002 2185 a
1027 2115 1276 2189 communione
1301 2139 1521 2212 quemquem

293 2227 476 2322 prohibere
493 2254 564 2301 nou
584 2253 782 2327 possumus,
800 2226 965 2324 quumvis
982 2226 1059 2302 haee
1077 2227 1264 2324 prohibitio
1286 2228 1442 2303 nondum
1470 2228 1524 2303 sit

293 2342 464 2430 mortalis
477 2343 538 2417 sed
556 2342 789 2429 medicinalis,
803 2339 871 2414 nisi
886 2340 950 2413 aut
967 2350 1090 2439 sponte
1108 2342 1308 2416 confessum
1323 2341 1437 2416 autin
1452 2341 1523 2416 ali·

293 2476 361 2550 quo
378 2455 454 2530 sive
471 2456 634 2530 saeoulari
652 2456 728 2529 sive
744 2452 987 2530 ecclesiastico
1004 2453 1136 2529 iudicio
1158 2455 1382 2530 nominatum
1407 2465 1520 2553 atque

292 2568 508 2664 convictum.
526 2569 615 2656 Quis
632 2569 726 2644 enim
744 2568 811 2643 sibi
830 2578 1023 2664 utrumque
1039 2569 1147 2643 audet
1162 2594 1358 2658 assumere,
1375 2580 1416 2644 ut
1441 2570 1521 2645 cui-

291 2703 399 2776 quam
417 2682 492 2781 ipse
509 2682 558 2757 sit
573 2693 760 2759 aecusator
777 2692 813 2755 et
837 2681 953 2755 iudex.
978 2681 1187 2757 Cuiusmodi
1215 2682 1377 2779 rugulam
1402 2682 1517 2758 etiam

291 2794 426 2868 Paulus
445 2797 633 2894 Apostolus
651 2797 689 2870 in
706 2797 827 2870 eadem
846 2794 890 2868 ad
908 2794 1111 2869 Corinthios
1127 2796 1275 2892 epistola
1287 2796 1447 2871 breviter
1463 2797 1521 2870 in·

291 2905 454 2982 sinuasse
470 2909 700 3005 intelligitur,
717 2935 799 2984 oum
819 2906 1030 3006 quibusdam
1049 2907 1334 2982 commemoratis
1357 2907 1522 2983 crimini·

289 3019 356 3095 bus
372 3022 615 3098 aecclesiastici
634 3023 757 3097 iudicii
775 3024 922 3098 formam
941 3019 1121 3092 adomnia
1143 3019 1276 3094 similia
1301 3044 1345 3093 ex
1368 3019 1519 3118 quibus·

289 3136 367 3209 dam
388 3136 497 3211 daret.
516 3136 578 3209 Ait
594 3137 700 3211 enim.
719 3136 853 3233 Scripsi
872 3130 971 3207 vobis
988 3131 1026 3204 in
1043 3131 1212 3229 espistola,
1225 3157 1269 3207 ne
1283 3133 1516 3209 commiscea-

290 3249 378 3322 mini
397 3248 609 3324 lornicariis.
626 3251 705 3322 Non
720 3247 844 3345 utique
858 3246 1059 3321 fornicariis
1071 3246 1287 3336 huiusmodi,
1299 3257 1363 3321 aut
1382 3247 1518 3336 avaris,

289 3370 352 3434 aut
364 3361 574 3458 raptoribus,
587 3370 651 3434 aut
661 3360 850 3459 ydolorum
866 3359 1117 3435 servientibus.
1129 3360 1298 3458 Alioquin
1311 3360 1518 3436 debueratis

288 3464 330 3547 de
349 3473 414 3548 hoo
433 3474 563 3547 mundo
580 3473 686 3549 exire.
702 3478 782 3548 Non
800 3473 895 3548 enim
914 3482 1062 3568 possunt
1075 3471 1236 3547 homines
1250 3472 1287 3545 in
1300 3473 1366 3547 hoc
1380 3472 1517 3547 mundo

288 3587 453 3662 viventes
471 3587 539 3661 nisi
558 3612 641 3661 curn
659 3587 793 3661 talibus
809 3586 944 3674 vivere,
962 3611 1029 3660 nec
1045 3610 1104 3661 eos
1130 3597 1279 3684 possunt
1298 3586 1517 3663 lucrifacere

290 3699 444 3787 Christo,
462 3699 631 3775 sicerum
650 3699 866 3797 colloquium
885 3694 1161 3796 convictumque
1179 3699 1384 3773 vitaverint.
1409 3699 1517 3775 Unde

288 3813 505 3886 etDominus
514 3824 596 3887 cum
608 3810 809 3909 publicanis
818 3822 854 3887 et
864 3810 1518 3909 peecatoribuscomedensnonestin·

288 3927 373 4022 quid
382 3950 469 4023 opus
483 3926 581 4000 sanis
595 3925 754 4001 medicus
767 3925 827 4000 sed
843 3925 935 4000 male
949 3924 1173 4001 habentibus.
1182 3929 1261 4001 Non
1274 3926 1369 4001 enirn
1383 3948 1516 4001 vocare

287 4037 411 4128 iustos,
428 4039 489 4114 sed
507 4048 720 4139 peccatores.
738 4041 783 4112 Et
801 4038 878 4113 ideo
895 4038 1058 4135 sequitur
1077 4039 1267 4136 Apostolus
1283 4049 1320 4113 et
1331 4037 1520 4134 adiungit·

287 4153 396 4224 Nunc
408 4163 528 4226 autem
542 4151 670 4248 scripsi
685 4151 785 4225 vobis
799 4175 867 4225 nou
881 4151 1115 4226 commisceri.
1129 4151 1167 4224 si
1182 4151 1264 4249 quis
1276 4151 1389 4226 frater
1401 4151 1517 4225 nomi·

287 4271 399 4336 netur
411 4277 474 4337 aut
492 4264 693 4352 fornicator,
711 4275 774 4337 aut
789 4264 909 4362 ydolis
926 4263 1099 4351 serviens,
1115 4275 1180 4337 aut
1197 4288 1341 4353 avarus,
1358 4272 1422 4338 aut
1440 4289 1517 4337 ma·

286 4374 434 4462 lodicus,
451 4388 514 4450 aut
531 4377 701 4464 ebriosus,
718 4388 782 4450 aut
801 4402 919 4474 rapax,
936 4401 1019 4451 cum
1033 4377 1204 4451 eiusmodi
1219 4402 1286 4452 neo
1300 4377 1418 4451 cibum
1434 4378 1516 4474 qui·

286 4476 365 4560 dem
383 4481 491 4562 simul
506 4504 657 4564 sumere.
674 4492 752 4576 Quo
769 4489 863 4562 enim
885 4488 1054 4564 mielri'de
1071 4487 1407 4587 bisquiforissuut
1420 4489 1519 4566 iudi·-
