3608 5498
818 417 859 435 -
883 383 950 450 452
973 416 1018 434 -·

304 496 569 582 aecclesiasticis
587 494 853 604 prepositorum
872 514 909 581 et
926 506 1170 581 ministrorum
1188 528 1258 581 non
1283 515 1538 603 congruenter

305 621 429 695 iuuere
450 620 674 695 sermonibus
691 630 727 694 et
752 621 985 695 sacramentis
1003 647 1082 720 quae
1101 645 1162 718 per
1178 644 1237 695 eos
1258 621 1398 718 populis
1422 621 1536 696 mini·

305 738 492 810 strantur‘?
506 737 535 809 0
549 734 697 811 miseros
713 735 873 810 homiues
890 733 951 832 qui
969 733 1033 808 hos
1050 732 1221 810 intuendo
1238 733 1424 809 Christum
1440 733 1536 809 obli·

302 849 505 938 viscuntur,
518 847 580 947 qui
593 858 629 924 et
641 858 724 924 ante
736 857 838 924 tanto
849 846 1014 946 praedixit
1031 856 1073 921 ut
1089 845 1164 943 legi
1183 846 1248 922 Dei
1262 847 1380 946 potius
1391 846 1532 923 obtem·

302 973 447 1059 peretur
471 986 577 1061 quam
604 960 768 1035 imitandi
793 953 986 1034 videantur
1002 958 1056 1032 illi
1071 959 1133 1057 qui
1151 983 1190 1036 ea
1210 984 1290 1058 qua
1306 959 1433 1035 dicunt
1448 985 1530 1035 non

301 1075 451 1164 faciunt,
464 1086 500 1150 et
516 1074 723 1150 traditorem
741 1101 848 1149 suum
866 1073 1024 1149 tolerans
1042 1096 1154 1171 usque
1171 1073 1209 1146 iu
1223 1064 1343 1163 finem,
1356 1073 1463 1148 etiam
1477 1074 1529 1150 ad

302 1177 626 1284 evangelizandum
653 1213 735 1263 curu
760 1186 892 1263 ceteris
915 1186 1024 1261 misit.
1050 1187 1119 1262 Sed
1143 1196 1265 1260 tamen
1285 1185 1528 1262 concedamus

302 1325 401 1376 nunc
418 1289 490 1377 non
506 1326 674 1399 apparere
699 1300 860 1375 homiues
879 1299 1007 1396 dignos
1032 1298 1241 1374 imitatione.
1258 1298 1430 1397 Quisquis
1454 1298 1527 1377 hoc

301 1423 416 1510 putas,
442 1405 559 1490 mente
576 1418 689 1489 Deum
716 1414 857 1488 intuere
874 1423 910 1487 et
928 1413 1111 1487 recordare
1128 1411 1218 1487 illud
1236 1412 1329 1509 quod
1345 1411 1526 1487 Iohannes

299 1526 360 1602 ait.
378 1529 447 1616 Qui
464 1554 503 1604 se
516 1528 603 1604 dicit
616 1528 654 1601 in
668 1527 812 1604 Christo
830 1550 985 1608 manere,
1002 1525 1105 1600 debet
1122 1525 1218 1600 sicut
1235 1524 1296 1599 ille
1309 1524 1525 1616 ambulavit,

298 1649 334 1714 et
350 1640 424 1738 ipse
438 1640 631 1716 ambulare.
646 1641 799 1715 Attende
812 1641 932 1714 animo
949 1648 1001 1714 tot
1020 1643 1224 1737 Martyrum
1238 1638 1441 1712 animarum
1456 1639 1526 1712 mi·

300 1750 358 1826 lia.
372 1753 464 1829 Cum
479 1753 574 1827 enim
588 1751 758 1828 natalicia
772 1775 894 1827 eorum
910 1751 1087 1827 conviviis
1100 1750 1356 1848 temporalibus
1368 1749 1529 1826 celebra-

301 1889 339 1940 re
351 1865 505 1943 delectat
516 1877 553 1942 et
565 1889 687 1942 eorum
700 1865 813 1940 vitam
827 1866 927 1963 sequi
941 1865 1100 1941 honestis
1112 1865 1269 1941 moribus
1278 1889 1348 1939 uon
1356 1863 1528 1942 delectat.

815 2066 1005 2152 CXXVIII.

582 2271 674 2324 1dem
693 2272 725 2323 ln
741 2271 824 2326 libro
844 2271 958 2324 contra
975 2271 1236 2324 Parmentanum.

394 2434 431 2506 Si
446 2434 526 2532 quis
541 2434 651 2509 frater
664 2432 871 2507 nominatur
884 2440 921 2505 et
934 2431 1136 2520 fornicator,
1148 2441 1213 2507 aut
1226 2432 1443 2521 immundus,
1455 2441 1527 2508 aut

296 2569 440 2633 avarus,
453 2540 517 2620 aut
536 2546 742 2636 maledicae,
759 2557 824 2620 aut
840 2544 1010 2632 obri0sus,
1027 2554 1091 2619 aut
1108 2570 1228 2645 rapax,
1242 2570 1325 2620 cum
1343 2546 1523 2622 eiusmodi

297 2682 363 2735 nec
390 2659 508 2734 cibum
536 2683 686 2735 sumere.
713 2659 812 2748 Quod
837 2658 881 2733 de
905 2657 967 2732 illo
988 2658 1087 2746 dicit,
1108 2658 1215 2734 cuius
1239 2659 1310 2732 iam
1336 2658 1526 2735 fedissima

297 2772 393 2845 fama
417 2772 629 2872 percrebuit.
650 2771 743 2849 Nam
770 2774 837 2848 boc
861 2772 979 2869 ipsum
1005 2771 1111 2846 multi
1136 2771 1219 2847 boni
1245 2772 1443 2848 Christiani
1468 2773 1526 2847 fa·

296 2886 409 2975 ciunt,
422 2887 464 2962 de
478 2887 535 2962 his
547 2898 682 2986 oportet
699 2887 915 2963 familiarius
927 2891 1015 2960 cura
1028 2907 1165 2980 gerere,
1177 2893 1214 2958 et
1226 2908 1247 2956 a
1260 2908 1330 2982 quo
1341 2885 1523 2960 consortio

294 2997 474 3097 potuerint
490 3001 661 3099 separari,
674 3025 762 3100 quos
775 3000 838 3076 tali
852 2998 1070 3075 correctione
1084 2997 1218 3094 corrigi
1231 3020 1331 3095 posse
1344 2998 1523 3088 sentiunt,

293 3112 351 3188 vel
376 3137 463 3212 quos
488 3103 643 3188 omnino
657 3114 792 3210 corrigi
818 3135 919 3211 posse
943 3110 1144 3208 desperant,
1168 3135 1235 3185 nec
1260 3109 1522 3209 colloquiorum

293 3226 467 3312 malorum
485 3228 652 3323 contagio
669 3236 911 3324 corrumpant
929 3222 997 3296 His
1012 3221 1109 3297 enim
1127 3221 1348 3297 adhibendus
1369 3231 1425 3297 est
1447 3237 1524 3297 mo·

291 3339 376 3414 dum
394 3351 429 3416 et
446 3333 606 3438 tempora
622 3340 808 3428 servanda,
835 3364 881 3415 ne
906 3361 976 3434 pax
998 3335 1153 3411 vloletur
1177 3337 1358 3425 aeeolesioe,
1383 3337 1421 3409 iu
1445 3360 1523 3434 qua

293 3453 445 3527 maxime
463 3453 582 3528 tritico
599 3447 818 3549 parcendum
836 3465 901 3541 est,
918 3476 963 3526 ue
981 3452 1091 3526 simul
1116 3476 1200 3527 cum
1229 3452 1378 3527 zizaniis
1404 3451 1523 3526 eradi·

291 3575 405 3654 cetur,
421 3566 506 3642 hinc
523 3576 578 3641 est
594 3559 691 3665 quod
704 3566 789 3641 alibi
807 3565 904 3641 dicit.
921 3568 1002 3640 Non
1019 3570 1062 3639 ut
1077 3559 1160 3640 euru
1183 3565 1370 3640 inimicum
1395 3564 1523 3640 existi-

291 3675 406 3766 metis,
423 3679 483 3753 sed
500 3674 666 3778 corripite
685 3689 726 3753 ut
744 3679 901 3754 fratrem.
919 3680 995 3752 Hoc
1013 3677 1108 3753 enirn
1126 3678 1168 3753 de
1186 3701 1226 3753 co
1244 3677 1344 3766 dicit,
1357 3677 1417 3777 qui
1433 3702 1523 3753 uxo-

291 3815 364 3864 rem
384 3794 494 3888 patris
512 3791 648 3882 habuit,
666 3786 951 3891 quemsathauae
967 3791 1059 3864 tradi
1085 3779 1250 3866 iusserat
1270 3791 1370 3880 Quod
1392 3800 1521 3866 autem

289 3927 373 3977 cum
393 3901 596 3979 infidelibus
613 3905 853 3978 manducandi
870 3927 1083 3978 consensum
1102 3901 1264 4000 proebuit,
1281 3902 1349 3978 hoc
1373 3904 1451 3979 ideo
1466 3903 1524 3980 Ie·

290 4016 383 4091 cisse
400 4016 629 4113 intelligitur,
642 4010 727 4115 quia
739 4017 810 4091 iam
824 4010 972 4092 dixerat.
987 4019 1038 4092 Do
1051 4016 1107 4091 his
1118 4027 1240 4092 autem
1254 4018 1315 4116 qui
1330 4017 1416 4092 foris
1428 4029 1523 4095 sunt

289 4128 461 4204 Dominus
475 4125 656 4205 iudicabit.
667 4126 717 4205 Da
729 4129 786 4204 his
801 4154 885 4207 vero
898 4130 959 4228 qui
973 4129 1073 4204 intus
1085 4141 1183 4219 suut,
1193 4153 1258 4205 vos
1271 4130 1437 4206 iudicate.
1451 4132 1525 4206 Re·

288 4264 375 4313 vera
391 4240 487 4316 enim
505 4241 542 4314 hi
560 4242 621 4339 qui
638 4268 660 4314 a
676 4241 856 4315 societatis
873 4242 1049 4317 consortio
1067 4240 1191 4316 remoti
1214 4240 1348 4337 corrigi
1375 4240 1520 4335 uolunt,

287 4377 353 4426 sua
370 4364 492 4450 sponte
509 4354 555 4427 ab
571 4354 732 4430 aecclesia
749 4364 891 4430 exeunt.
908 4359 955 4430 Et
970 4354 1055 4430 alibi
1080 4355 1175 4430 idem
1203 4355 1403 4454 Apostolus.
1431 4359 1524 4434 Pec-

287 4462 667 4565 cautesi'nquitcorum
680 4468 847 4542 omuibus
859 4492 984 4563 argue,
997 4478 1038 4543 ut
1046 4468 1158 4544 ceteri
1168 4469 1333 4548 timorem
1348 4467 1522 4565 habeant,
