3608 5498
935 386 1066 452 -286
1096 420 1132 432 -

980 561 1084 646 XCV.

517 737 684 815 Gelasius
701 739 839 814 Victori
857 737 1027 836 episcopo.
1045 734 1188 809 Dudum
1206 733 1248 809 de
1265 741 1399 809 sanctae
1422 731 1565 830 Agathe
1588 733 1649 808 ba·

421 852 524 930 silica
537 879 616 952 quae
628 855 666 928 iu
681 854 835 930 Caclano
848 852 957 927 fundo
970 850 1055 925 olim
1066 849 1226 924 noscitur
1239 849 1445 937 constituta,
1461 848 1649 946 processio·

422 992 504 1042 nem
521 968 587 1043 sub
604 977 725 1042 nostra
743 966 1002 1043 consultatione
1024 964 1269 1065 suspenderas
1286 987 1450 1038 asserens
1462 961 1649 1063 possessio

422 1083 479 1155 nis
493 1082 673 1156 dominum
688 1081 805 1156 omnia
816 1079 958 1178 quaeilli
972 1077 1246 1154 conferebantur
1258 1076 1430 1174 accipere,
1438 1087 1474 1151 et
1488 1075 1563 1150 suis
1576 1076 1649 1149 usi-

422 1196 490 1271 bus
507 1196 694 1295 applicare.
712 1199 788 1271 Nec
805 1194 879 1270 illic
896 1217 996 1293 posse
1016 1190 1259 1266 ministrorum
1278 1191 1344 1264 Dei
1363 1189 1501 1288 aliquos
1513 1189 1557 1263 ad
1571 1212 1649 1287 pro·

423 1310 618 1386 cessionem
632 1309 768 1399 venire,
780 1335 862 1384 oum
876 1308 977 1382 nulla
988 1307 1063 1381 illic
1073 1307 1245 1381 alimenta
1259 1305 1491 1404 susciperent.
1501 1305 1570 1380 Sed
1583 1332 1649 1379 nu·

296 1468 301 1479 ·
384 1435 386 1441 ’
423 1449 485 1523 per
497 1424 554 1496 vir
567 1422 773 1521 spectabilis
785 1425 914 1499 Petrus
932 1431 1052 1496 noster
1069 1421 1170 1495 nobis
1184 1420 1441 1497 rationabiliter
1454 1420 1648 1508 intimavit,

422 1537 487 1613 hoc
504 1537 595 1635 quod
612 1538 649 1610 in
667 1537 810 1634 culpam
828 1546 986 1624 venerat,
1003 1561 1040 1610 se
1057 1536 1178 1610 taliter
1199 1536 1392 1624 ordinasse,
1409 1546 1450 1610 ut
1476 1534 1646 1609 universa

344 1649 361 1662 ’
424 1675 503 1748 quaa
511 1651 549 1723 in
564 1649 716 1727 ecclesia
730 1649 933 1748 supradicta
946 1648 1166 1724 diversorum
1177 1648 1495 1724 fuerintoblationc
1508 1647 1648 1736 collata,

423 1765 467 1839 ad
479 1764 776 1862 Episcopum‚aut
785 1763 828 1837 ad
838 1787 919 1838 cum
934 1762 994 1837 cui
1007 1762 1193 1837 basilicam
1208 1761 1647 1860 deputaverint,universa

424 1876 697 1977 pcrtineautita
710 1885 751 1950 ut
768 1900 813 1950 ex
825 1875 891 1949 hoo
904 1874 1109 1972 compendio
1122 1885 1218 1950 sarta
1232 1885 1327 1951 tecta
1340 1875 1510 1952 aecclesias
1524 1899 1648 1975 procu-

424 2000 560 2065 rentur.
577 1994 623 2064 Et
641 1989 718 2065 ideo
734 1990 846 2064 frater
863 1988 1096 2065 saluberrime
1109 1990 1346 2089 dispositionis
1358 1990 1572 2089 professione
1589 2017 1648 2065 su-

425 2115 561 2204 scepta,
571 2104 830 2204 processionem
844 2103 1047 2202 supradicte
1060 2103 1230 2180 aecclesiae
1242 2113 1277 2179 tc
1290 2105 1458 2180 convenit
1473 2106 1647 2182 ordinare.

976 2270 1098 2355 xovl.

518 2444 685 2521 Gelasius
702 2448 874 2542 Respecto
891 2453 926 2518 et
944 2443 1097 2518 leonino
1113 2444 1307 2543 Episcopis.
1332 2445 1507 2521 Iohannes
1531 2445 1648 2523 archi·

422 2556 593 2633 diaconus
612 2556 873 2634 Falerioucnsis
899 2556 997 2631 urbis
1018 2557 1237 2632 eversionem
1259 2557 1430 2634 aecclesiae
1449 2559 1494 2634 ab
1519 2583 1560 2635 eo
1584 2558 1647 2658 qui

422 2672 586 2769 praesulis
611 2672 753 2747 nomine
783 2680 950 2747 censetur
979 2670 1153 2759 effectam,
1183 2673 1313 2769 grandi
1343 2673 1444 2748 uobis
1471 2675 1649 2773 supplica·

422 2784 518 2860 tione
543 2796 759 2884 conquestus
783 2795 848 2874 ast,
873 2785 923 2859 ita
944 2793 986 2860 ut
1010 2810 1048 2860 se
1074 2785 1242 2861 videlicet
1259 2786 1300 2862 de
1319 2787 1405 2863 locis
1422 2789 1479 2862 sui
1497 2789 1649 2863 admini-

424 2898 595 2974 stratione
609 2900 755 2990 deiecto,
772 2900 840 2974 iter
858 2898 924 2973 sibi
942 2899 1095 2974 liberum
1113 2900 1158 2973 ad
1175 2899 1436 2999 depopulandas
1455 2901 1647 2978 facultates

386 3069 388 3073 .
423 3012 577 3110 aperiret
590 3012 770 3089 aecclesiae.
782 3016 875 3088 Nam
890 3013 1100 3089 ministeriis
1117 3022 1152 3088 et
1168 3024 1296 3088 ornatu
1309 3038 1371 3112 pro
1384 3041 1448 3090 sua
1462 3015 1646 3093 voluntate

422 3124 603 3214 distracto,
623 3126 794 3224 praedium
813 3128 921 3201 etiam
939 3135 1128 3224 paternum
1146 3128 1237 3225 quod
1255 3128 1292 3201 iu
1314 3128 1518 3203 alimoniam
1545 3130 1648 3206 cleri·

421 3262 545 3313 corum
564 3241 726 3316 decessor
742 3239 820 3314 eius
838 3239 1041 3338 reliquerat,
1057 3237 1159 3313 velut
1183 3239 1364 3338 proprium
1389 3240 1465 3314 suis
1483 3241 1647 3317 utilitati·

422 3352 489 3427 bus
501 3354 712 3429 vindicavit.
724 3354 1010 3452 Obviantomque
1023 3352 1269 3449 supradictum
1285 3354 1598 3446 Archidiacouum‚
1611 3381 1648 3429 a·

421 3464 559 3565 liosque
575 3465 787 3564 complures
805 3466 865 3565 qui
884 3467 1018 3564 pariter
1036 3465 1291 3556 reclamabant,
1309 3467 1353 3542 ab
1370 3468 1553 3543 ordinibus
1569 3471 1646 3544 suis

422 3578 574 3654 credidit
590 3578 835 3654 excludendos.
853 3581 900 3654 Et
916 3579 993 3654 ideo
1010 3579 1139 3657 fratres
1160 3581 1343 3656 karissimi
1368 3582 1570 3661 divinitatis
1593 3584 1647 3658 in·

422 3692 519 3766 tuitu
533 3691 704 3768 aecclesiae
717 3717 861 3769 causam
878 3718 1019 3767 summa
1032 3693 1228 3769 attentione
1241 3695 1470 3784 trutinantes,
1478 3696 1573 3770 omui
1589 3721 1648 3772 ve·

423 3804 528 3880 ritate
546 3804 719 3896 discussa,
737 3805 779 3880 de
797 3807 988 3906 compertis
1006 3807 1078 3882 cita
1095 3807 1227 3882 nostris
1243 3808 1392 3882 auribus
1413 3809 1582 3885 relatione
1599 3810 1647 3884 si·

422 3930 543 4014 gnate.
560 3922 610 3995 Ut
627 3927 811 4018 perspecta
828 3918 1067 3998 instructione
1084 3921 1283 4018 diligentiae
1303 3934 1442 4016 vestrae,
1458 3924 1550 4023 quod
1567 3924 1644 4000 fieri

421 4031 545 4109 debeat
561 4056 782 4109 censeamus.

966 4176 1106 4262 aevu.

517 4369 684 4447 Gelasius
701 4373 800 4447 Iusto
815 4383 852 4448 ct
869 4373 1048 4475 Stephano
1064 4375 1258 4474 Episcopis.
1276 4379 1401 4453 Frater
1418 4389 1454 4454 et
1471 4380 1646 4478 coepisco-

422 4507 489 4580 pus
505 4493 624 4560 noster
642 4484 809 4582 proficuis
825 4486 979 4584 Salpiuae
996 4488 1160 4564 sacerdos
1177 4489 1348 4567 aecclesia
1369 4492 1526 4592 petitorii
1544 4493 1668 4569 nobis‘
