<?xml version="1.0" encoding="UTF-8"?>
<!DOCTYPE html PUBLIC "-//W3C//DTD XHTML 1.0 Transitional//EN"
    "http://www.w3.org/TR/xhtml1/DTD/xhtml1-transitional.dtd">
<html xmlns="http://www.w3.org/1999/xhtml" xml:lang="en" lang="en">
 <head>
  <title>
</title>
<meta http-equiv="Content-Type" content="text/html;charset=utf-8" />
  <meta name='ocr-system' content='tesseract 3.04.00' />
  <meta name='ocr-capabilities' content='ocr_page ocr_carea ocr_par ocr_line ocrx_word'/>
</head>
<body>
  <div class='ocr_page' id='page_1' title='image "./collectiocanonu00deusgoog_0075.png"; bbox 0 0 3608 5498; ppageno 0'>
   <div class='ocr_carea' id='block_1_1' title="bbox 751 398 985 461">
    <p class='ocr_par' dir='ltr' id='par_1_1' title="bbox 751 398 985 461">
     <span class='ocr_line' id='line_1_1' title="bbox 751 398 985 461; baseline 0.013 -3"><span class='ocrx_word' id='word_1_1' title='bbox 751 398 985 461; x_wconf 77' lang='lat'><strong>‘-44-</strong></span> 
     </span>
    </p>
   </div>
   <div class='ocr_carea' id='block_1_2' title="bbox 289 514 1511 840">
    <p class='ocr_par' dir='ltr' id='par_1_2' title="bbox 289 514 1511 840">
     <span class='ocr_line' id='line_1_2' title="bbox 291 514 1509 611; baseline 0.003 -23"><span class='ocrx_word' id='word_1_2' title='bbox 291 515 376 589; x_wconf 88' lang='lat' dir='ltr'>bent</span> <span class='ocrx_word' id='word_1_3' title='bbox 392 514 614 601; x_wconf 85' lang='lat' dir='ltr'>contradant,</span> <span class='ocrx_word' id='word_1_4' title='bbox 632 522 673 588; x_wconf 88' lang='lat' dir='ltr'>ut</span> <span class='ocrx_word' id='word_1_5' title='bbox 689 514 765 611; x_wconf 91' lang='lat' dir='ltr'>ipse</span> <span class='ocrx_word' id='word_1_6' title='bbox 786 515 887 611; x_wconf 90' lang='lat' dir='ltr'>prins</span> <span class='ocrx_word' id='word_1_7' title='bbox 911 515 1101 604; x_wconf 80' lang='lat' dir='ltr'>examinet,</span> <span class='ocrx_word' id='word_1_8' title='bbox 1119 515 1149 589; x_wconf 91' lang='lat' dir='ltr'>si</span> <span class='ocrx_word' id='word_1_9' title='bbox 1171 515 1328 602; x_wconf 82' lang='lat' dir='ltr'>honeste,</span> <span class='ocrx_word' id='word_1_10' title='bbox 1352 525 1389 590; x_wconf 89' lang='lat' dir='ltr'>et</span> <span class='ocrx_word' id='word_1_11' title='bbox 1415 514 1509 592; x_wconf 78' lang='lat' dir='ltr'>iusto</span> 
     </span>
     <span class='ocr_line' id='line_1_3' title="bbox 289 625 1511 725; baseline 0.002 -26"><span class='ocrx_word' id='word_1_12' title='bbox 289 627 364 701; x_wconf 88' lang='lat' dir='ltr'>sint</span> <span class='ocrx_word' id='word_1_13' title='bbox 387 637 423 702; x_wconf 89' lang='lat' dir='ltr'>et</span> <span class='ocrx_word' id='word_1_14' title='bbox 439 635 566 724; x_wconf 87' lang='lat' dir='ltr'>praeter</span> <span class='ocrx_word' id='word_1_15' title='bbox 582 625 810 722; x_wconf 84' lang='lat' dir='ltr'>diligentiam</span> <span class='ocrx_word' id='word_1_16' title='bbox 828 637 934 725; x_wconf 88' lang='lat' dir='ltr'>atque</span> <span class='ocrx_word' id='word_1_17' title='bbox 952 627 1231 703; x_wconf 88' lang='lat' dir='ltr'>sollicitudinem</span> <span class='ocrx_word' id='word_1_18' title='bbox 1251 637 1292 702; x_wconf 90' lang='lat' dir='ltr'>ut</span> <span class='ocrx_word' id='word_1_19' title='bbox 1304 628 1348 702; x_wconf 88' lang='lat' dir='ltr'>ad</span> <span class='ocrx_word' id='word_1_20' title='bbox 1365 630 1511 704; x_wconf 91' lang='lat' dir='ltr'>commi·</span> 
     </span>
     <span class='ocr_line' id='line_1_4' title="bbox 289 740 1392 840; baseline 0.002 -25"><span class='ocrx_word' id='word_1_21' title='bbox 289 751 404 815; x_wconf 88' lang='lat' dir='ltr'>tatum</span> <span class='ocrx_word' id='word_1_22' title='bbox 430 740 675 838; x_wconf 73' lang='lat' dir='ltr'>preferantur.</span> <span class='ocrx_word' id='word_1_23' title='bbox 694 741 863 817; x_wconf 83' lang='lat' dir='ltr'>Universi</span> <span class='ocrx_word' id='word_1_24' title='bbox 883 743 1141 840; x_wconf 88' lang='lat' dir='ltr'>responderunt</span> <span class='ocrx_word' id='word_1_25' title='bbox 1158 742 1298 840; x_wconf 87' lang='lat' dir='ltr'>placere</span> <span class='ocrx_word' id='word_1_26' title='bbox 1314 741 1392 817; x_wconf 90' lang='lat' dir='ltr'>sibi.</span> 
     </span>
    </p>
   </div>
   <div class='ocr_carea' id='block_1_3' title="bbox 824 960 971 1044">
    <p class='ocr_par' dir='ltr' id='par_1_3' title="bbox 824 960 971 1044">
     <span class='ocr_line' id='line_1_5' title="bbox 824 960 971 1044; baseline 0 -1"><span class='ocrx_word' id='word_1_27' title='bbox 824 960 971 1044; x_wconf 88' lang='lat' dir='ltr'><strong>XXIIII.</strong></span> 
     </span>
    </p>
   </div>
   <div class='ocr_carea' id='block_1_4' title="bbox 287 1195 1512 2519">
    <p class='ocr_par' dir='ltr' id='par_1_4' title="bbox 287 1195 1512 2519">
     <span class='ocr_line' id='line_1_6' title="bbox 384 1195 1510 1297; baseline 0 -25"><span class='ocrx_word' id='word_1_28' title='bbox 384 1198 491 1272; x_wconf 89' lang='lat' dir='ltr'>Osius</span> <span class='ocrx_word' id='word_1_29' title='bbox 507 1196 703 1294; x_wconf 85' lang='lat' dir='ltr'>Episcopus</span> <span class='ocrx_word' id='word_1_30' title='bbox 720 1195 819 1269; x_wconf 87' lang='lat' dir='ltr'>dixit.</span> <span class='ocrx_word' id='word_1_31' title='bbox 837 1195 984 1272; x_wconf 90' lang='lat' dir='ltr'>Memini</span> <span class='ocrx_word' id='word_1_32' title='bbox 1003 1197 1176 1297; x_wconf 87' lang='lat' dir='ltr'>superiori</span> <span class='ocrx_word' id='word_1_33' title='bbox 1202 1197 1356 1274; x_wconf 89' lang='lat' dir='ltr'>concilio</span> <span class='ocrx_word' id='word_1_34' title='bbox 1379 1198 1510 1273; x_wconf 86' lang='lat' dir='ltr'>fratres</span> 
     </span>
     <span class='ocr_line' id='line_1_7' title="bbox 289 1308 1512 1409; baseline 0 -24"><span class='ocrx_word' id='word_1_35' title='bbox 289 1322 427 1386; x_wconf 88' lang='lat' dir='ltr'>nostros</span> <span class='ocrx_word' id='word_1_36' title='bbox 443 1310 682 1398; x_wconf 86' lang='lat' dir='ltr'>constituisse,</span> <span class='ocrx_word' id='word_1_37' title='bbox 698 1320 740 1383; x_wconf 91' lang='lat' dir='ltr'>ut</span> <span class='ocrx_word' id='word_1_38' title='bbox 756 1309 787 1383; x_wconf 89' lang='lat' dir='ltr'>si</span> <span class='ocrx_word' id='word_1_39' title='bbox 805 1309 887 1406; x_wconf 88' lang='lat' dir='ltr'>quis</span> <span class='ocrx_word' id='word_1_40' title='bbox 902 1308 1019 1386; x_wconf 89' lang='lat' dir='ltr'>laicus</span> <span class='ocrx_word' id='word_1_41' title='bbox 1036 1309 1075 1383; x_wconf 92' lang='lat' dir='ltr'>in</span> <span class='ocrx_word' id='word_1_42' title='bbox 1091 1335 1133 1385; x_wconf 88' lang='lat' dir='ltr'>ea</span> <span class='ocrx_word' id='word_1_43' title='bbox 1150 1311 1272 1409; x_wconf 92' lang='lat' dir='ltr'>inqua</span> <span class='ocrx_word' id='word_1_44' title='bbox 1290 1322 1450 1388; x_wconf 86' lang='lat' dir='ltr'>moratur</span> <span class='ocrx_word' id='word_1_45' title='bbox 1461 1313 1512 1388; x_wconf 91' lang='lat' dir='ltr'>ci·</span> 
     </span>
     <span class='ocr_line' id='line_1_8' title="bbox 289 1423 1512 1522; baseline 0.002 -23"><span class='ocrx_word' id='word_1_46' title='bbox 289 1427 412 1514; x_wconf 83' lang='lat' dir='ltr'>vitate,</span> <span class='ocrx_word' id='word_1_47' title='bbox 429 1435 503 1500; x_wconf 87' lang='lat' dir='ltr'>tres</span> <span class='ocrx_word' id='word_1_48' title='bbox 519 1424 713 1498; x_wconf 88' lang='lat' dir='ltr'>dominicos</span> <span class='ocrx_word' id='word_1_49' title='bbox 730 1423 805 1498; x_wconf 84' lang='lat' dir='ltr'>dics</span> <span class='ocrx_word' id='word_1_50' title='bbox 822 1424 912 1498; x_wconf 87' lang='lat' dir='ltr'>idest</span> <span class='ocrx_word' id='word_1_51' title='bbox 924 1448 992 1521; x_wconf 10' lang='lat' dir='ltr'>*per</span> <span class='ocrx_word' id='word_1_52' title='bbox 1009 1427 1070 1497; x_wconf 92' lang='lat' dir='ltr'><strong>III.</strong></span> <span class='ocrx_word' id='word_1_53' title='bbox 1090 1424 1308 1522; x_wconf 86' lang='lat' dir='ltr'>septimanas</span> <span class='ocrx_word' id='word_1_54' title='bbox 1325 1448 1396 1499; x_wconf 89' lang='lat' dir='ltr'>non</span> <span class='ocrx_word' id='word_1_55' title='bbox 1420 1425 1512 1502; x_wconf 88' lang='lat' dir='ltr'>cele-</span> 
     </span>
     <span class='ocr_line' id='line_1_9' title="bbox 289 1536 1511 1634; baseline -0.001 -22"><span class='ocrx_word' id='word_1_56' title='bbox 289 1540 409 1615; x_wconf 86' lang='lat' dir='ltr'>brasse</span> <span class='ocrx_word' id='word_1_57' title='bbox 426 1547 656 1624; x_wconf 87' lang='lat' dir='ltr'>conventum,</span> <span class='ocrx_word' id='word_1_58' title='bbox 673 1536 922 1612; x_wconf 84' lang='lat' dir='ltr'>commumone</span> <span class='ocrx_word' id='word_1_59' title='bbox 940 1536 1155 1634; x_wconf 84' lang='lat' dir='ltr'>privaretur.</span> <span class='ocrx_word' id='word_1_60' title='bbox 1173 1538 1211 1610; x_wconf 87' lang='lat' dir='ltr'>Si</span> <span class='ocrx_word' id='word_1_61' title='bbox 1228 1538 1305 1614; x_wconf 75' lang='lat' dir='ltr'>haec</span> <span class='ocrx_word' id='word_1_62' title='bbox 1326 1538 1424 1613; x_wconf 89' lang='lat' dir='ltr'>circa</span> <span class='ocrx_word' id='word_1_63' title='bbox 1447 1537 1511 1612; x_wconf 87' lang='lat' dir='ltr'>lai-</span> 
     </span>
     <span class='ocr_line' id='line_1_10' title="bbox 289 1650 1512 1749; baseline -0.001 -21"><span class='ocrx_word' id='word_1_64' title='bbox 289 1677 348 1728; x_wconf 90' lang='lat' dir='ltr'>cos</span> <span class='ocrx_word' id='word_1_65' title='bbox 365 1652 561 1728; x_wconf 82' lang='lat' dir='ltr'>constituta</span> <span class='ocrx_word' id='word_1_66' title='bbox 577 1661 673 1739; x_wconf 91' lang='lat' dir='ltr'>sunt,</span> <span class='ocrx_word' id='word_1_67' title='bbox 691 1651 803 1725; x_wconf 88' lang='lat' dir='ltr'>multo</span> <span class='ocrx_word' id='word_1_68' title='bbox 821 1650 937 1747; x_wconf 78' lang='lat' dir='ltr'>magis</span> <span class='ocrx_word' id='word_1_69' title='bbox 954 1650 1167 1749; x_wconf 84' lang='lat' dir='ltr'>Episcopum</span> <span class='ocrx_word' id='word_1_70' title='bbox 1185 1674 1256 1724; x_wconf 92' lang='lat' dir='ltr'>non</span> <span class='ocrx_word' id='word_1_71' title='bbox 1272 1651 1358 1726; x_wconf 88' lang='lat' dir='ltr'>licet</span> <span class='ocrx_word' id='word_1_72' title='bbox 1370 1676 1437 1726; x_wconf 88' lang='lat' dir='ltr'>neo</span> <span class='ocrx_word' id='word_1_73' title='bbox 1453 1651 1512 1728; x_wconf 90' lang='lat' dir='ltr'>de·</span> 
     </span>
     <span class='ocr_line' id='line_1_11' title="bbox 288 1763 1511 1861; baseline -0.002 -21"><span class='ocrx_word' id='word_1_74' title='bbox 288 1775 357 1855; x_wconf 89' lang='lat' dir='ltr'>cet,</span> <span class='ocrx_word' id='word_1_75' title='bbox 374 1765 404 1837; x_wconf 91' lang='lat' dir='ltr'>si</span> <span class='ocrx_word' id='word_1_76' title='bbox 422 1764 522 1838; x_wconf 89' lang='lat' dir='ltr'>nulla</span> <span class='ocrx_word' id='word_1_77' title='bbox 543 1764 592 1838; x_wconf 90' lang='lat' dir='ltr'>sit</span> <span class='ocrx_word' id='word_1_78' title='bbox 616 1774 690 1838; x_wconf 87' lang='lat' dir='ltr'>tam</span> <span class='ocrx_word' id='word_1_79' title='bbox 715 1763 842 1859; x_wconf 84' lang='lat' dir='ltr'>gravis</span> <span class='ocrx_word' id='word_1_80' title='bbox 866 1764 1062 1838; x_wconf 84' lang='lat' dir='ltr'>necessitas</span> <span class='ocrx_word' id='word_1_81' title='bbox 1087 1789 1166 1861; x_wconf 77' lang='lat' dir='ltr'>qua</span> <span class='ocrx_word' id='word_1_82' title='bbox 1190 1763 1359 1853; x_wconf 87' lang='lat' dir='ltr'>detineat,</span> <span class='ocrx_word' id='word_1_83' title='bbox 1376 1773 1418 1838; x_wconf 91' lang='lat' dir='ltr'>ut</span> <span class='ocrx_word' id='word_1_84' title='bbox 1437 1789 1511 1838; x_wconf 90' lang='lat' dir='ltr'>am·</span> 
     </span>
     <span class='ocr_line' id='line_1_12' title="bbox 287 1875 1511 1975; baseline 0 -25"><span class='ocrx_word' id='word_1_85' title='bbox 287 1877 384 1975; x_wconf 89' lang='lat' dir='ltr'>plius</span> <span class='ocrx_word' id='word_1_86' title='bbox 400 1901 421 1950; x_wconf 87' lang='lat' dir='ltr'>a</span> <span class='ocrx_word' id='word_1_87' title='bbox 438 1876 681 1975; x_wconf 85' lang='lat' dir='ltr'>suprascripto</span> <span class='ocrx_word' id='word_1_88' title='bbox 693 1888 850 1973; x_wconf 87' lang='lat' dir='ltr'>tempore</span> <span class='ocrx_word' id='word_1_89' title='bbox 863 1875 991 1950; x_wconf 85' lang='lat' dir='ltr'>absens</span> <span class='ocrx_word' id='word_1_90' title='bbox 1004 1876 1052 1949; x_wconf 89' lang='lat' dir='ltr'>sit</span> <span class='ocrx_word' id='word_1_91' title='bbox 1065 1901 1085 1947; x_wconf 90' lang='lat' dir='ltr'>a</span> <span class='ocrx_word' id='word_1_92' title='bbox 1099 1900 1164 1949; x_wconf 86' lang='lat' dir='ltr'>sua</span> <span class='ocrx_word' id='word_1_93' title='bbox 1177 1875 1339 1951; x_wconf 88' lang='lat' dir='ltr'>ecclesia.</span> <span class='ocrx_word' id='word_1_94' title='bbox 1357 1876 1511 1952; x_wconf 83' lang='lat' dir='ltr'>Univer-</span> 
     </span>
     <span class='ocr_line' id='line_1_13' title="bbox 287 1988 1511 2088; baseline 0 -24"><span class='ocrx_word' id='word_1_95' title='bbox 287 1992 319 2064; x_wconf 91' lang='lat' dir='ltr'>si</span> <span class='ocrx_word' id='word_1_96' title='bbox 336 1991 505 2066; x_wconf 87' lang='lat' dir='ltr'>dixerunt</span> <span class='ocrx_word' id='word_1_97' title='bbox 521 1991 660 2088; x_wconf 89' lang='lat' dir='ltr'>placere</span> <span class='ocrx_word' id='word_1_98' title='bbox 678 1989 756 2063; x_wconf 88' lang='lat' dir='ltr'>sibi.</span> <span class='ocrx_word' id='word_1_99' title='bbox 772 1993 863 2064; x_wconf 88' lang='lat' dir='ltr'>Item</span> <span class='ocrx_word' id='word_1_100' title='bbox 880 1989 918 2061; x_wconf 92' lang='lat' dir='ltr'>in</span> <span class='ocrx_word' id='word_1_101' title='bbox 936 1988 1067 2063; x_wconf 87' lang='lat' dir='ltr'>eodem.</span> <span class='ocrx_word' id='word_1_102' title='bbox 1084 1992 1139 2062; x_wconf 85' lang='lat' dir='ltr'>lta</span> <span class='ocrx_word' id='word_1_103' title='bbox 1157 1990 1353 2087; x_wconf 84' lang='lat' dir='ltr'>Episcopus</span> <span class='ocrx_word' id='word_1_104' title='bbox 1374 1991 1418 2064; x_wconf 90' lang='lat' dir='ltr'>ad</span> <span class='ocrx_word' id='word_1_105' title='bbox 1435 2014 1511 2088; x_wconf 77' lang='lat' dir='ltr'>pos</span> 
     </span>
     <span class='ocr_line' id='line_1_14' title="bbox 288 2101 1511 2200; baseline -0.002 -22"><span class='ocrx_word' id='word_1_106' title='bbox 288 2105 478 2180; x_wconf 91' lang='lat' dir='ltr'>sessionem</span> <span class='ocrx_word' id='word_1_107' title='bbox 501 2129 604 2177; x_wconf 91' lang='lat' dir='ltr'>suam</span> <span class='ocrx_word' id='word_1_108' title='bbox 621 2105 777 2190; x_wconf 88' lang='lat' dir='ltr'>accedat,</span> <span class='ocrx_word' id='word_1_109' title='bbox 796 2111 837 2176; x_wconf 89' lang='lat' dir='ltr'>ut</span> <span class='ocrx_word' id='word_1_110' title='bbox 853 2127 969 2200; x_wconf 91' lang='lat' dir='ltr'>neque</span> <span class='ocrx_word' id='word_1_111' title='bbox 995 2126 1050 2176; x_wconf 87' lang='lat' dir='ltr'>res</span> <span class='ocrx_word' id='word_1_112' title='bbox 1074 2101 1275 2177; x_wconf 86' lang='lat' dir='ltr'>domesticae</span> <span class='ocrx_word' id='word_1_113' title='bbox 1299 2126 1362 2199; x_wconf 90' lang='lat' dir='ltr'>per</span> <span class='ocrx_word' id='word_1_114' title='bbox 1386 2102 1511 2178; x_wconf 85' lang='lat' dir='ltr'>absen-</span> 
     </span>
     <span class='ocr_line' id='line_1_15' title="bbox 288 2214 1511 2311; baseline -0.002 -19"><span class='ocrx_word' id='word_1_115' title='bbox 288 2218 375 2292; x_wconf 88' lang='lat' dir='ltr'>tiam</span> <span class='ocrx_word' id='word_1_116' title='bbox 393 2218 472 2292; x_wconf 85' lang='lat' dir='ltr'>eius</span> <span class='ocrx_word' id='word_1_117' title='bbox 488 2218 742 2293; x_wconf 87' lang='lat' dir='ltr'>detrimentum</span> <span class='ocrx_word' id='word_1_118' title='bbox 760 2214 974 2302; x_wconf 82' lang='lat' dir='ltr'>sustineant,</span> <span class='ocrx_word' id='word_1_119' title='bbox 991 2223 1027 2288; x_wconf 89' lang='lat' dir='ltr'>et</span> <span class='ocrx_word' id='word_1_120' title='bbox 1043 2238 1089 2288; x_wconf 92' lang='lat' dir='ltr'>ne</span> <span class='ocrx_word' id='word_1_121' title='bbox 1106 2214 1312 2311; x_wconf 84' lang='lat' dir='ltr'>frequenter</span> <span class='ocrx_word' id='word_1_122' title='bbox 1336 2215 1511 2289; x_wconf 87' lang='lat' dir='ltr'>veniendo</span> 
     </span>
     <span class='ocr_line' id='line_1_16' title="bbox 287 2325 1511 2427; baseline -0.002 -24"><span class='ocrx_word' id='word_1_123' title='bbox 287 2331 331 2404; x_wconf 91' lang='lat' dir='ltr'>ad</span> <span class='ocrx_word' id='word_1_124' title='bbox 348 2331 533 2406; x_wconf 89' lang='lat' dir='ltr'>civitatem</span> <span class='ocrx_word' id='word_1_125' title='bbox 551 2332 701 2406; x_wconf 87' lang='lat' dir='ltr'>alterius</span> <span class='ocrx_word' id='word_1_126' title='bbox 717 2328 956 2427; x_wconf 89' lang='lat' dir='ltr'>suspicionem</span> <span class='ocrx_word' id='word_1_127' title='bbox 973 2325 1155 2400; x_wconf 69' lang='lat' dir='ltr'>iactantia</span> <span class='ocrx_word' id='word_1_128' title='bbox 1168 2325 1227 2400; x_wconf 89' lang='lat' dir='ltr'>vel</span> <span class='ocrx_word' id='word_1_129' title='bbox 1243 2326 1446 2401; x_wconf 88' lang='lat' dir='ltr'>ambitionis</span> <span class='ocrx_word' id='word_1_130' title='bbox 1457 2326 1511 2401; x_wconf 91' lang='lat' dir='ltr'>in·</span> 
     </span>
     <span class='ocr_line' id='line_1_17' title="bbox 288 2454 421 2519; baseline -0.008 0"><span class='ocrx_word' id='word_1_131' title='bbox 288 2454 421 2519; x_wconf 87' lang='lat' dir='ltr'>currat.</span> 
     </span>
    </p>
   </div>
   <div class='ocr_carea' id='block_1_5' title="bbox 848 2584 956 2670">
    <p class='ocr_par' dir='ltr' id='par_1_5' title="bbox 848 2584 956 2670">
     <span class='ocr_line' id='line_1_18' title="bbox 848 2584 956 2670; baseline 0 -1"><span class='ocrx_word' id='word_1_132' title='bbox 848 2584 956 2670; x_wconf 86' lang='lat' dir='ltr'><strong>XXV.</strong></span> 
     </span>
    </p>
   </div>
   <div class='ocr_carea' id='block_1_6' title="bbox 287 2782 1510 4014">
    <p class='ocr_par' dir='ltr' id='par_1_6' title="bbox 287 2782 1510 4014">
     <span class='ocr_line' id='line_1_19' title="bbox 383 2782 1508 2860; baseline 0 -2"><span class='ocrx_word' id='word_1_133' title='bbox 383 2788 520 2859; x_wconf 91' lang='lat' dir='ltr'>Domno</span> <span class='ocrx_word' id='word_1_134' title='bbox 537 2807 614 2859; x_wconf 89' lang='lat' dir='ltr'>meo</span> <span class='ocrx_word' id='word_1_135' title='bbox 629 2784 861 2859; x_wconf 88' lang='lat' dir='ltr'>dilectissimo</span> <span class='ocrx_word' id='word_1_136' title='bbox 885 2784 991 2858; x_wconf 86' lang='lat' dir='ltr'>fratri</span> <span class='ocrx_word' id='word_1_137' title='bbox 1015 2791 1052 2858; x_wconf 88' lang='lat' dir='ltr'>et</span> <span class='ocrx_word' id='word_1_138' title='bbox 1078 2782 1334 2860; x_wconf 66' lang='lat' dir='ltr'>comministro</span> <span class='ocrx_word' id='word_1_139' title='bbox 1358 2782 1508 2858; x_wconf 91' lang='lat' dir='ltr'>Iohanni</span> 
     </span>
     <span class='ocr_line' id='line_1_20' title="bbox 288 2895 1507 2996; baseline 0.001 -26"><span class='ocrx_word' id='word_1_140' title='bbox 288 2898 485 2973; x_wconf 86' lang='lat' dir='ltr'>Antioceno</span> <span class='ocrx_word' id='word_1_141' title='bbox 499 2896 850 2996; x_wconf 84' lang='lat' dir='ltr'>Episcop0,Cyrillns</span> <span class='ocrx_word' id='word_1_142' title='bbox 860 2896 1169 2972; x_wconf 85' lang='lat' dir='ltr'>Alexandrinusin</span> <span class='ocrx_word' id='word_1_143' title='bbox 1179 2895 1331 2970; x_wconf 92' lang='lat' dir='ltr'>Domino</span> <span class='ocrx_word' id='word_1_144' title='bbox 1343 2895 1507 2972; x_wconf 84' lang='lat' dir='ltr'>salutem.</span> 
     </span>
     <span class='ocr_line' id='line_1_21' title="bbox 288 3009 1509 3108; baseline 0.002 -24"><span class='ocrx_word' id='word_1_145' title='bbox 288 3014 335 3085; x_wconf 89' lang='lat' dir='ltr'>Et</span> <span class='ocrx_word' id='word_1_146' title='bbox 350 3010 455 3084; x_wconf 86' lang='lat' dir='ltr'>inlra.</span> <span class='ocrx_word' id='word_1_147' title='bbox 472 3012 630 3097; x_wconf 87' lang='lat' dir='ltr'>Quedam</span> <span class='ocrx_word' id='word_1_148' title='bbox 656 3010 820 3085; x_wconf 81' lang='lat' dir='ltr'>definivit</span> <span class='ocrx_word' id='word_1_149' title='bbox 844 3020 968 3086; x_wconf 87' lang='lat' dir='ltr'>sancta</span> <span class='ocrx_word' id='word_1_150' title='bbox 995 3014 1234 3085; x_wconf 89' lang='lat' dir='ltr'>Romanorum</span> <span class='ocrx_word' id='word_1_151' title='bbox 1260 3009 1405 3084; x_wconf 92' lang='lat' dir='ltr'>sinodus</span> <span class='ocrx_word' id='word_1_152' title='bbox 1429 3033 1509 3108; x_wconf 75' lang='lat' dir='ltr'>quaa</span> 
     </span>
     <span class='ocr_line' id='line_1_22' title="bbox 288 3122 1509 3224; baseline 0.002 -26"><span class='ocrx_word' id='word_1_153' title='bbox 288 3124 432 3221; x_wconf 91' lang='lat' dir='ltr'>scripsit</span> <span class='ocrx_word' id='word_1_154' title='bbox 447 3125 492 3198; x_wconf 86' lang='lat' dir='ltr'>ad</span> <span class='ocrx_word' id='word_1_155' title='bbox 509 3135 610 3198; x_wconf 89' lang='lat' dir='ltr'>tuam</span> <span class='ocrx_word' id='word_1_156' title='bbox 628 3125 877 3212; x_wconf 86' lang='lat' dir='ltr'>reverentiam,</span> <span class='ocrx_word' id='word_1_157' title='bbox 890 3124 1021 3224; x_wconf 89' lang='lat' dir='ltr'>quibus</span> <span class='ocrx_word' id='word_1_158' title='bbox 1034 3133 1090 3198; x_wconf 92' lang='lat' dir='ltr'>est</span> <span class='ocrx_word' id='word_1_159' title='bbox 1101 3122 1343 3198; x_wconf 87' lang='lat' dir='ltr'>necessarium</span> <span class='ocrx_word' id='word_1_160' title='bbox 1356 3123 1509 3214; x_wconf 85' lang='lat' dir='ltr'>obedire,</span> 
     </span>
     <span class='ocr_line' id='line_1_23' title="bbox 292 3236 1510 3335; baseline 0.002 -26"><span class='ocrx_word' id='word_1_161' title='bbox 292 3238 486 3313; x_wconf 88' lang='lat' dir='ltr'>retinentes</span> <span class='ocrx_word' id='word_1_162' title='bbox 504 3239 614 3313; x_wconf 87' lang='lat' dir='ltr'>totins</span> <span class='ocrx_word' id='word_1_163' title='bbox 631 3238 835 3314; x_wconf 85' lang='lat' dir='ltr'>Occidentis</span> <span class='ocrx_word' id='word_1_164' title='bbox 852 3237 1147 3313; x_wconf 88' lang='lat' dir='ltr'>communionem.</span> <span class='ocrx_word' id='word_1_165' title='bbox 1169 3240 1399 3335; x_wconf 77' lang='lat' dir='ltr'>scripserunt</span> <span class='ocrx_word' id='word_1_166' title='bbox 1414 3236 1510 3313; x_wconf 90' lang='lat' dir='ltr'>enim</span> 
     </span>
     <span class='ocr_line' id='line_1_24' title="bbox 288 3351 1508 3448; baseline 0.004 -26"><span class='ocrx_word' id='word_1_167' title='bbox 288 3352 333 3424; x_wconf 88' lang='lat' dir='ltr'>ad</span> <span class='ocrx_word' id='word_1_168' title='bbox 350 3361 468 3448; x_wconf 85' lang='lat' dir='ltr'>patres</span> <span class='ocrx_word' id='word_1_169' title='bbox 484 3361 521 3426; x_wconf 87' lang='lat' dir='ltr'>ct</span> <span class='ocrx_word' id='word_1_170' title='bbox 536 3352 581 3426; x_wconf 89' lang='lat' dir='ltr'>ad</span> <span class='ocrx_word' id='word_1_171' title='bbox 602 3353 666 3426; x_wconf 92' lang='lat' dir='ltr'>Dei</span> <span class='ocrx_word' id='word_1_172' title='bbox 691 3353 845 3427; x_wconf 89' lang='lat' dir='ltr'>cultores</span> <span class='ocrx_word' id='word_1_173' title='bbox 869 3351 1202 3427; x_wconf 85' lang='lat' dir='ltr'>Thessalonicenses</span> <span class='ocrx_word' id='word_1_174' title='bbox 1224 3351 1392 3448; x_wconf 88' lang='lat' dir='ltr'>Ruphnm</span> <span class='ocrx_word' id='word_1_175' title='bbox 1410 3360 1447 3427; x_wconf 90' lang='lat' dir='ltr'>et</span> <span class='ocrx_word' id='word_1_176' title='bbox 1462 3352 1508 3427; x_wconf 91' lang='lat' dir='ltr'>ad</span> 
     </span>
     <span class='ocr_line' id='line_1_25' title="bbox 287 3464 1509 3564; baseline 0.003 -26"><span class='ocrx_word' id='word_1_177' title='bbox 287 3465 375 3538; x_wconf 88' lang='lat' dir='ltr'>alios</span> <span class='ocrx_word' id='word_1_178' title='bbox 391 3464 560 3562; x_wconf 90' lang='lat' dir='ltr'>quosdam</span> <span class='ocrx_word' id='word_1_179' title='bbox 578 3488 640 3561; x_wconf 84' lang='lat' dir='ltr'>per</span> <span class='ocrx_word' id='word_1_180' title='bbox 658 3465 901 3540; x_wconf 88' lang='lat' dir='ltr'>Macedoniam</span> <span class='ocrx_word' id='word_1_181' title='bbox 923 3466 990 3541; x_wconf 93' lang='lat' dir='ltr'>Dei</span> <span class='ocrx_word' id='word_1_182' title='bbox 1011 3466 1162 3564; x_wconf 89' lang='lat' dir='ltr'>optimos</span> <span class='ocrx_word' id='word_1_183' title='bbox 1186 3464 1342 3540; x_wconf 89' lang='lat' dir='ltr'>cultores</span> <span class='ocrx_word' id='word_1_184' title='bbox 1367 3465 1509 3562; x_wconf 81' lang='lat' dir='ltr'>Episoo</span> 
     </span>
     <span class='ocr_line' id='line_1_26' title="bbox 287 3573 1508 3675; baseline 0.004 -27"><span class='ocrx_word' id='word_1_185' title='bbox 287 3598 359 3671; x_wconf 90' lang='lat' dir='ltr'>pos,</span> <span class='ocrx_word' id='word_1_186' title='bbox 375 3574 437 3672; x_wconf 89' lang='lat' dir='ltr'>qui</span> <span class='ocrx_word' id='word_1_187' title='bbox 454 3573 563 3649; x_wconf 91' lang='lat' dir='ltr'>etiam</span> <span class='ocrx_word' id='word_1_188' title='bbox 581 3600 719 3672; x_wconf 87' lang='lat' dir='ltr'>semper</span> <span class='ocrx_word' id='word_1_189' title='bbox 741 3588 963 3651; x_wconf 86' lang='lat' dir='ltr'>concurrunt</span> <span class='ocrx_word' id='word_1_190' title='bbox 986 3577 1139 3653; x_wconf 86' lang='lat' dir='ltr'>decretis</span> <span class='ocrx_word' id='word_1_191' title='bbox 1163 3576 1252 3652; x_wconf 89' lang='lat' dir='ltr'>eius.</span> <span class='ocrx_word' id='word_1_192' title='bbox 1278 3577 1508 3675; x_wconf 78' lang='lat' dir='ltr'>scripserunt</span> 
     </span>
     <span class='ocr_line' id='line_1_27' title="bbox 287 3688 1508 3789; baseline 0.004 -29"><span class='ocrx_word' id='word_1_193' title='bbox 287 3688 521 3762; x_wconf 89' lang='lat' dir='ltr'>nihilominus</span> <span class='ocrx_word' id='word_1_194' title='bbox 537 3689 634 3762; x_wconf 87' lang='lat' dir='ltr'>etad</span> <span class='ocrx_word' id='word_1_195' title='bbox 659 3690 973 3764; x_wconf 88' lang='lat' dir='ltr'>Hierosolimorum</span> <span class='ocrx_word' id='word_1_196' title='bbox 999 3691 1064 3779; x_wconf 84' lang='lat' dir='ltr'>Dei</span> <span class='ocrx_word' id='word_1_197' title='bbox 1089 3690 1268 3765; x_wconf 86' lang='lat' dir='ltr'>cultorem</span> <span class='ocrx_word' id='word_1_198' title='bbox 1294 3690 1508 3789; x_wconf 88' lang='lat' dir='ltr'>Episcopum</span> 
     </span>
     <span class='ocr_line' id='line_1_28' title="bbox 288 3801 1508 3900; baseline 0.003 -26"><span class='ocrx_word' id='word_1_199' title='bbox 288 3801 505 3875; x_wconf 85' lang='lat' dir='ltr'>Iuvenalem.</span> <span class='ocrx_word' id='word_1_200' title='bbox 536 3804 621 3875; x_wconf 85' lang='lat' dir='ltr'>Tuae</span> <span class='ocrx_word' id='word_1_201' title='bbox 649 3803 765 3898; x_wconf 82' lang='lat' dir='ltr'>igitur</span> <span class='ocrx_word' id='word_1_202' title='bbox 796 3813 852 3877; x_wconf 90' lang='lat' dir='ltr'>est</span> <span class='ocrx_word' id='word_1_203' title='bbox 886 3802 1133 3898; x_wconf 83' lang='lat' dir='ltr'>religiositatis</span> <span class='ocrx_word' id='word_1_204' title='bbox 1162 3801 1387 3877; x_wconf 87' lang='lat' dir='ltr'>considerare</span> <span class='ocrx_word' id='word_1_205' title='bbox 1416 3804 1508 3900; x_wconf 91' lang='lat' dir='ltr'>qnod</span> 
     </span>
     <span class='ocr_line' id='line_1_29' title="bbox 288 3914 1255 4014; baseline -0.001 -25"><span class='ocrx_word' id='word_1_206' title='bbox 288 3916 375 3989; x_wconf 90' lang='lat' dir='ltr'>utilo</span> <span class='ocrx_word' id='word_1_207' title='bbox 392 3925 456 3991; x_wconf 87' lang='lat' dir='ltr'>est.</span> <span class='ocrx_word' id='word_1_208' title='bbox 473 3919 546 3990; x_wconf 90' lang='lat' dir='ltr'>Nos</span> <span class='ocrx_word' id='word_1_209' title='bbox 562 3940 753 4014; x_wconf 89' lang='lat' dir='ltr'>sequemur</span> <span class='ocrx_word' id='word_1_210' title='bbox 770 3939 849 4013; x_wconf 84' lang='lat' dir='ltr'>quae</span> <span class='ocrx_word' id='word_1_211' title='bbox 866 3915 910 3989; x_wconf 91' lang='lat' dir='ltr'>ab</span> <span class='ocrx_word' id='word_1_212' title='bbox 927 3940 968 3990; x_wconf 89' lang='lat' dir='ltr'>ea</span> <span class='ocrx_word' id='word_1_213' title='bbox 986 3924 1072 3989; x_wconf 87' lang='lat' dir='ltr'>sunt</span> <span class='ocrx_word' id='word_1_214' title='bbox 1087 3914 1255 3989; x_wconf 86' lang='lat' dir='ltr'>iudicata.</span> 
     </span>
    </p>
   </div>
   <div class='ocr_carea' id='block_1_7' title="bbox 852 4145 978 4230">
    <p class='ocr_par' dir='ltr' id='par_1_7' title="bbox 852 4145 978 4230">
     <span class='ocr_line' id='line_1_30' title="bbox 852 4145 978 4230; baseline -0.008 -2"><span class='ocrx_word' id='word_1_215' title='bbox 852 4145 978 4230; x_wconf 82' lang='lat' dir='ltr'><strong>XXVI.</strong></span> 
     </span>
    </p>
   </div>
   <div class='ocr_carea' id='block_1_8' title="bbox 290 4371 1512 4586">
    <p class='ocr_par' dir='ltr' id='par_1_8' title="bbox 290 4371 1512 4586">
     <span class='ocr_line' id='line_1_31' title="bbox 361 4371 1511 4461; baseline 0 -15"><span class='ocrx_word' id='word_1_216' title='bbox 361 4372 538 4447; x_wconf 89' lang='lat' dir='ltr'>Piissimis</span> <span class='ocrx_word' id='word_1_217' title='bbox 555 4382 591 4448; x_wconf 91' lang='lat' dir='ltr'>et</span> <span class='ocrx_word' id='word_1_218' title='bbox 608 4376 680 4447; x_wconf 91' lang='lat' dir='ltr'>Deo</span> <span class='ocrx_word' id='word_1_219' title='bbox 696 4373 964 4461; x_wconf 89' lang='lat' dir='ltr'>amantissimis,</span> <span class='ocrx_word' id='word_1_220' title='bbox 983 4373 1178 4448; x_wconf 75' lang='lat' dir='ltr'>l&#39;heodoxio</span> <span class='ocrx_word' id='word_1_221' title='bbox 1195 4382 1232 4448; x_wconf 90' lang='lat' dir='ltr'>et</span> <span class='ocrx_word' id='word_1_222' title='bbox 1257 4371 1511 4447; x_wconf 89' lang='lat' dir='ltr'>Valentiniano</span> 
     </span>
     <span class='ocr_line' id='line_1_32' title="bbox 290 4486 1512 4586; baseline 0 -26"><span class='ocrx_word' id='word_1_223' title='bbox 290 4506 428 4585; x_wconf 89' lang='lat' dir='ltr'>semper</span> <span class='ocrx_word' id='word_1_224' title='bbox 445 4486 636 4584; x_wconf 81' lang='lat' dir='ltr'>Augustis,</span> <span class='ocrx_word' id='word_1_225' title='bbox 652 4497 777 4563; x_wconf 87' lang='lat' dir='ltr'>sancta</span> <span class='ocrx_word' id='word_1_226' title='bbox 795 4488 963 4585; x_wconf 82' lang='lat' dir='ltr'>Synodus</span> <span class='ocrx_word' id='word_1_227' title='bbox 979 4497 1202 4584; x_wconf 81' lang='lat' dir='ltr'>congregata</span> <span class='ocrx_word' id='word_1_228' title='bbox 1226 4487 1265 4559; x_wconf 93' lang='lat' dir='ltr'>in</span> <span class='ocrx_word' id='word_1_229' title='bbox 1291 4486 1439 4586; x_wconf 87' lang='lat' dir='ltr'>Epheso.</span> <span class='ocrx_word' id='word_1_230' title='bbox 1464 4489 1512 4560; x_wconf 89' lang='lat' dir='ltr'>Et</span> 
     </span>
    </p>
   </div>
   <div class='ocr_carea' id='block_1_9' title="bbox 0 0 1808 5498">
    <p class='ocr_par' dir='ltr' id='par_1_9' title="bbox 0 0 1808 5498">
     <span class='ocr_line' id='line_1_33' title="bbox 0 0 1808 5498; baseline 0 0"><span class='ocrx_word' id='word_1_231' title='bbox 0 0 1808 5498; x_wconf 95' lang='lat' dir='ltr'> </span> 
     </span>
    </p>
   </div>
  </div>
 </body>
</html>
