3608 5498
815 404 857 416 -
882 369 925 432 82
950 404 990 418 -

296 489 541 589 praeberemus,
560 490 660 576 Quod
678 490 820 587 quidem
839 489 1033 564 necessitas
1052 488 1230 584 temporis,
1244 512 1309 562 nec
1328 487 1402 561 ullu
1421 497 1515 585 pote

295 614 350 677 rat
366 603 584 679 consuetudo
601 602 816 700 permittere.
834 605 968 676 Tamen
986 600 1024 673 in
1042 599 1099 673 his
1116 599 1288 673 fratribus
1304 600 1370 675 hoc
1382 608 1437 674 est
1450 602 1516 672 Pa-

294 719 433 795 soasino
449 729 485 794 et
503 718 673 794 Lucontio
690 717 873 817 Episcopis
889 714 1067 793 Bonifatio
1083 724 1119 788 et
1132 713 1266 790 Basilio
1288 713 1515 812 Presbyteris

294 833 355 931 qui
381 833 425 906 ab
447 832 648 930 Apostolica
673 832 754 906 sedc
779 830 905 906 directi
927 839 1023 914 sunt,
1041 854 1096 904 me
1114 829 1235 904 sinodo
1252 841 1371 903 vestra
1390 829 1516 902 frater·

293 946 389 1020 nitas
406 947 548 1022 estimet
565 945 761 1044 praesidere.
774 945 871 1020 Idem
886 943 1102 1019 Pulcherrim
1118 949 1303 1038 Augustas.
1317 942 1417 1029 Quod
1430 963 1515 1017 vero

294 1060 409 1157 pietas
426 1059 622 1157 imperialis
646 1085 701 1135 me
719 1059 832 1135 credit
845 1058 970 1134 daborc
987 1057 1117 1133 iterum
1136 1081 1214 1132 esse
1230 1055 1392 1145 concili0,
1404 1054 1513 1130 etiam

292 1173 324 1248 si
353 1174 551 1250 secundum
580 1172 715 1271 aliquid
744 1172 945 1270 praecedens
970 1172 1176 1267 exigeretur
1199 1169 1421 1269 exemplum,
1445 1193 1514 1246 nec

293 1296 413 1362 tamen
437 1310 662 1384 nequaquam
687 1295 804 1384 posset
831 1285 983 1383 impleri.
1012 1285 1104 1372 Quia
1134 1309 1253 1359 rerum
1284 1283 1513 1383 praesentium

293 1400 401 1475 nimis
417 1402 554 1477 incerta
572 1399 741 1489 condicio,
757 1410 895 1487 arante
918 1399 1025 1474 Urbis
1049 1398 1189 1496 populis
1215 1422 1270 1473 me
1295 1397 1417 1474 abesse
1441 1421 1513 1472 non

291 1514 435 1602 sineret,
460 1526 496 1590 et
520 1514 558 1587 in
579 1514 860 1612 desperationem
878 1514 993 1588 animi
1009 1513 1312 1588 tumultuantium
1330 1513 1514 1589 mitteren-

291 1636 362 1719 tur,
379 1629 409 1704 si
427 1653 489 1729 per
505 1629 726 1705 occasionem
743 1654 861 1705 caussa
878 1627 1130 1704 ecclesiastica
1148 1627 1290 1702 viderer
1306 1628 1458 1725 patriam
1475 1637 1514 1703 et

291 1743 409 1818 sedem
427 1743 654 1842 apostolicam
673 1742 765 1818 velle
783 1743 953 1817 deserere.
971 1741 1156 1816 Tamaniu
1170 1741 1410 1816 hisfratribus
1425 1742 1514 1818 meis

293 1879 381 1954 quos
398 1856 478 1931 vice
493 1880 572 1931 mea
588 1856 695 1945 misit,
710 1880 766 1931 me
780 1881 919 1955 quoque
936 1856 1058 1946 adesse
1072 1882 1154 1932 cum
1173 1857 1313 1932 castoris
1329 1857 1391 1955 qui
1407 1857 1517 1933 affue-

292 1971 365 2044 rint
381 1971 555 2045 estimate.

842 2158 962 2282 rou.

386 2424 656 2521 Metropolitano
672 2425 839 2500 defuncto
856 2451 938 2500 cum
957 2427 995 2500 in
1013 2429 1087 2502 loco
1103 2429 1182 2503 eius
1199 2428 1294 2503 alius
1311 2430 1419 2504 fuerit
1431 2429 1513 2503 sub

291 2537 483 2632 rogandus,
505 2537 742 2635 provinciales
755 2537 918 2637 Episcopi
937 2541 981 2614 ad
998 2541 1182 2616 civitatem
1194 2541 1414 2639 metropolim
1432 2565 1512 2616 con·

291 2652 414 2725 venire
432 2649 611 2725 debebunt
628 2660 668 2725 ut
680 2651 841 2725 omnium
854 2652 1066 2729 clericorum
1080 2665 1187 2753 atque
1200 2655 1359 2731 omnium
1374 2654 1512 2729 civium

289 2762 474 2838 voluntate
491 2764 652 2840 discussa
665 2791 708 2840 ex
726 2764 945 2864 presbyteris
962 2767 1119 2844 eiusdem
1134 2767 1294 2844 ecclesiae
1307 2767 1366 2842 vel
1383 2792 1426 2842 ex
1439 2767 1513 2840 dia·

289 2877 439 2953 conibus
454 2877 610 2976 optimus
627 2878 794 2975 eligatur.
813 2882 859 2953 Et
876 2893 953 2976 post
971 2907 1094 2980 pauca.
1113 2883 1205 2958 Cum
1223 2906 1310 2977 ergo
1321 2881 1365 2956 dc
1379 2876 1512 2955 summi

289 2992 480 3067 sacerdotis
493 2992 664 3068 electione
677 2992 902 3079 tractabitur,
916 2993 977 3068 ille
990 2994 1153 3069 omnibus
1167 3004 1393 3093 praeponatur
1405 3017 1511 3091 quem

289 3105 376 3179 cleri
395 3104 577 3203 plebisque
595 3129 789 3181 consensus
806 3107 1027 3183 concorditer
1050 3108 1247 3205 postularit.
1271 3111 1326 3182 Ita
1352 3117 1393 3180 ut
1416 3107 1447 3180 si
1472 3106 1510 3180 in

287 3217 395 3290 aliam
414 3218 504 3294 forte
521 3242 706 3316 personam
725 3218 882 3315 partium
908 3244 946 3295 se
959 3231 1041 3294 vota
1060 3220 1261 3309 diviserint,
1274 3217 1513 3316 metropolita·

287 3331 326 3404 ni
344 3331 476 3406 iudicio
493 3331 523 3405 is
540 3332 646 3406 alteri
665 3341 900 3430 praeponatur,
917 3333 979 3431 qui
998 3333 1191 3408 maioribus
1208 3333 1337 3408 studiis
1363 3333 1511 3407 iuvatur

288 3455 324 3520 et
338 3445 639 3523 meritistantum.
653 3447 702 3521 Ut
716 3444 826 3519 nullis
838 3445 966 3522 invitis
975 3458 1011 3522 et
1024 3472 1093 3523 non
1104 3447 1308 3546 petentibus
1317 3447 1511 3536 ordinetur,

286 3581 331 3631 ne
348 3557 483 3632 civitas
499 3559 714 3656 Episcopum
731 3582 801 3632 non
819 3568 979 3656 optatum
997 3570 1061 3634 aut
1077 3544 1307 3658 contempnat
1321 3570 1386 3634 aut
1398 3560 1511 3636 oderit

289 3679 326 3745 et
343 3671 406 3744 fiat
423 3671 543 3744 minus
562 3672 729 3767 religiosa
745 3697 853 3770 quam
871 3673 1040 3748 convenit
1057 3673 1115 3748 oui
1135 3696 1204 3747 non
1223 3672 1366 3748 licuerit
1382 3671 1511 3747 babere

288 3807 394 3881 quem
410 3784 534 3859 voluit.
544 3785 641 3859 Idem
656 3786 838 3884 Episcopis
853 3811 915 3883 per
928 3785 1130 3883 provincias
1144 3787 1389 3882 Sequanorum
1401 3795 1437 3859 et
1450 3785 1513 3858 Vi-

288 3898 444 3973 tensium
462 3899 556 3974 inter
573 3909 701 3975 cetera.
715 3904 807 3974 Vota
825 3900 974 3988 civium,
992 3898 1196 3974 testimonia
1215 3897 1434 3996 populorum,
1451 3898 1511 3972 bo·

289 4021 496 4086 noratorum
511 4013 712 4102 arbitrium,
721 4013 848 4089 electio
860 4012 1072 4088 clericorum
1087 4012 1125 4086 in
1138 4012 1361 4088 sacerdotum
1375 4011 1513 4086 ordina-

286 4124 443 4199 tionibus
460 4126 719 4201 custodiantur.
736 4129 783 4201 Et
799 4126 904 4199 infra.
922 4129 991 4201 Per
1008 4150 1131 4224 pacem
1154 4137 1190 4200 ct
1215 4125 1370 4222 quietem
1397 4149 1512 4201 sacer·

285 4238 383 4313 dotes
400 4239 462 4335 qui
480 4239 595 4313 futuri
612 4251 698 4315 sunt
715 4240 950 4337 postulentur.
968 4245 1146 4316 Teneatur
1170 4240 1384 4334 subscriptio
1408 4241 1509 4315 cleri·

286 4372 421 4442 corum,
437 4351 689 4428 honoratorum
705 4351 965 4442 testimonium,
981 4352 1115 4427 ordinis
1131 4377 1326 4430 consensus
1339 4363 1375 4428 et
1387 4351 1509 4451 plebis.
