3608 5498
965 376 1075 438 -ss
1101 411 1143 460 -p

328 563 335 596 3
443 502 514 577 lem
540 503 624 576 dum
647 501 702 573 illi
728 499 897 598 quiequid
923 498 1080 573 fidelium
1098 509 1154 573 est
1171 497 1301 595 ubique
1326 497 1563 585 submittitur,
1579 522 1663 572 eum
1776 492 1782 503 ’

443 614 553 690 totius
578 613 734 714 eorporis
759 622 867 710 caput
888 635 966 687 esse
991 611 1214 707 designatur.
1236 611 1287 684 De
1313 633 1383 707 quo
1407 609 1551 685 videtur
1575 609 1664 685 mihi

443 729 580 806 dictum
597 754 660 829 per
684 727 904 826 prophetam.
929 726 968 800 Si
993 725 1053 802 hie
1077 724 1292 800 humiliatur
1316 725 1361 799 ad
1385 723 1490 799 euius
1514 723 1665 839 fugietis

444 842 650 917 auxilium?
667 852 703 917 et
720 840 780 914 ubi
799 839 1023 937 relinquetur
1039 839 1156 935 gloria
1173 850 1302 914 vestra.

983 1070 1124 1155 Gl'llll.

540 1299 729 1375 Simaehus
747 1298 890 1374 Cesario
903 1298 997 1373 inter
1009 1308 1137 1373 cetera.
1150 1300 1206 1374 Ad
1218 1300 1400 1376 decretum
1414 1302 1443 1374 si
1459 1301 1663 1376 laciendum

445 1415 601 1491 Clericos
618 1393 839 1487 subieribere
856 1411 1014 1487 adhibito
1031 1411 1224 1487 cuiuslibet
1239 1414 1384 1509 generis
1408 1414 1536 1488 timore
1560 1438 1666 1488 nemo

399 1589 409 1606 2
444 1527 646 1626 compellat,
663 1526 721 1602 vel
739 1525 844 1624 primi
870 1526 902 1600 is
926 1526 1105 1625 aliquibus
1129 1525 1300 1602 hortetur.
1326 1531 1517 1602 Decretum
1542 1539 1664 1603 autem

444 1641 522 1717 sine
539 1641 736 1716 visitatoris
752 1640 931 1738 presentia
948 1663 1051 1716 nemo
1067 1641 1243 1730 conficiat,
1261 1643 1366 1718 cuius
1379 1642 1583 1718 testimonio
1595 1643 1664 1719 ele·

360 1850 363 1857 Ι
446 1757 600 1833 ricorum
617 1781 660 1832 ac
677 1756 814 1832 civium
833 1757 942 1854 possit
959 1755 1179 1831 unanimitas
1196 1755 1385 1831 declarare.

1019 1987 1087 2070 CX.

541 2215 718 2313 Hylarius
736 2218 841 2313 Papa.
860 2212 1031 2288 Nonnulli
1049 2215 1301 2312 Episcopatum
1316 2215 1377 2312 qui
1392 2217 1514 2290 nonin
1528 2215 1667 2291 meritis

447 2329 727 2430 praecedentibus
742 2329 866 2402 datum
884 2350 956 2401 non
980 2328 1143 2404 divinum
1170 2355 1303 2403 munus
1329 2329 1389 2404 sed
1410 2329 1665 2405 hereditarium

447 2454 615 2544 putantes
627 2469 704 2520 esse
718 2443 979 2542 compendium,
991 2442 1191 2519 concedunt
1204 2440 1299 2517 sieut
1312 2466 1368 2516 res
1381 2442 1535 2517 caducas
1548 2441 1599 2517 ita
1613 2467 1668 2516 sa-

445 2559 641 2636 cerdotium
658 2559 760 2634 velut
778 2558 889 2654 legati
907 2569 971 2632 aut
987 2557 1193 2633 testamenti
1207 2555 1286 2630 iure
1300 2578 1400 2652 posse
1414 2556 1557 2631 dimitti.
1570 2559 1661 2631 Nam

446 2673 605 2773 plerique
622 2672 660 2745 in
677 2672 802 2747 mortis
819 2673 971 2748 confinio
985 2670 1170 2748 constituti
1189 2670 1227 2744 in
1244 2671 1361 2746 locum
1381 2698 1487 2745 suum
1500 2673 1667 2747 feruntur

445 2787 534 2861 alios
550 2784 749 2882 designatis
766 2784 847 2859 aliis
865 2785 1069 2860 nominibus
1087 2784 1291 2880 subrogare,
1308 2795 1349 2859 ut
1375 2785 1514 2861 scilieet
1531 2808 1601 2859 non
1620 2786 1669 2861 le-

445 2899 576 2997 gitima
592 2907 796 2996 expectetur
813 2898 948 2986 electio,
974 2898 1034 2973 sed
1059 2898 1219 2974 defuncti
1244 2899 1461 2994 gratificatio
1482 2899 1664 2997 proprium

445 3012 620 3087 habeatur
631 3035 829 3086 assensum.
842 3012 942 3097 Quod
955 3036 1062 3109 quam
1072 3035 1185 3107 grave
1198 3011 1256 3101 sit,
1265 3012 1448 3087 aestimate.
1459 3017 1577 3110 Atque
1591 3011 1668 3088 ideo

446 3126 477 3200 si
498 3125 627 3225 placet,
644 3125 754 3200 etiam
771 3125 865 3201 hanc
884 3125 1066 3200 licentiam
1083 3126 1301 3224 generaliter
1318 3127 1360 3201 de
1378 3125 1552 3201 aecclesiis
1569 3125 1635 3199 auf
1654 3169 1667 3183 ·

448 3265 569 3314 ramus
586 3265 631 3316 ne
648 3241 740 3338 quod
756 3252 860 3339 turpe
877 3240 1011 3316 dictum
1031 3252 1085 3316 est
1102 3241 1236 3315 homini
1255 3265 1293 3315 se
1311 3251 1412 3338 putet
1428 3239 1553 3315 debere
1575 3239 1668 3336 quod

447 3355 510 3432 Dei
528 3365 591 3429 est.
1564 3393 1568 3399 ·

1017 3587 1102 3669 ull.

544 3818 668 3888 Lscrrs
685 3838 773 3910 ergo
788 3816 826 3888 iu
852 3827 1032 3891 conventu
1050 3815 1203 3890 fratrum
1222 3841 1310 3915 quos
1323 3816 1454 3890 natalis
1480 3815 1549 3890 mei
1572 3813 1669 3889 lesti-

447 3929 542 4005 vitas
559 3940 781 4026 congregata
799 3929 930 4005 litteris
948 3931 1080 4006 vestris
1096 3956 1176 4030 quae
1193 3932 1236 4007 de
1248 3930 1454 4006 ordinandis
1466 3929 1595 4006 litteris
1613 3954 1670 4004 ve·

449 4045 535 4118 stris
551 4045 748 4119 secundum
767 4055 902 4120 statuta
920 4070 1097 4121 canonum
1114 4045 1172 4121 vel
1190 4045 1488 4142 predecessorum
1509 4067 1668 4119 meorum

448 4158 590 4234 decreta
603 4157 716 4233 suerit
728 4158 864 4255 prolata
874 4159 1050 4235 sententia
1059 4170 1314 4257 gestorumque
1324 4159 1457 4258 pariter
1466 4158 1670 4235 direximus.
