3608 5498
800 383 840 398 -·
867 352 998 416 348-

286 499 403 551 causae
422 472 598 549 retineant
615 472 783 571 quoniam
797 497 877 572 qum
889 475 1025 572 prosint
1042 498 1126 551 vere
1142 484 1178 550 et
1194 473 1392 550 orthodoxa
1410 474 1505 566 fidei,

287 597 323 663 ot
340 611 425 686 paee
442 596 479 662 et
495 587 693 685 disciplinae
710 597 919 663 sanctarum
937 597 973 663 et
989 586 1249 664 catholicarum
1263 588 1509 664 aecclesiarum

286 701 452 775 omnibus
467 701 685 776 arbitramur
701 726 779 777 esse
803 701 1067 802 praeponendas.
1090 705 1168 777 Neo
1192 702 1400 778 dubitamus
1425 726 1508 801 quo

288 817 385 890 niam
403 815 510 892 etiam
529 827 659 892 vestrae
677 815 862 892 sanctitati
881 814 947 889 hoc
965 814 1112 912 placeat.

870 982 932 1066 vl.

386 1156 428 1229 In
447 1158 512 1230 vl·
532 1155 670 1232 actione
689 1154 988 1232 Chalcedonensis
1005 1155 1159 1231 concilii.
1176 1154 1384 1230 Marcianus
1399 1156 1509 1254 impe·

290 1280 384 1345 rator
401 1269 491 1345 dixit
507 1271 600 1346 inter
617 1279 744 1347 cetera.
761 1274 834 1347 Nos
852 1269 948 1346 enim
962 1269 1005 1344 ad
1020 1269 1124 1345 fidem
1142 1269 1421 1344 confirmandam
1435 1294 1505 1345 non

288 1383 333 1459 ad
363 1382 557 1482 potentiam
583 1384 847 1476 ostendendam,
872 1383 1032 1481 exemplo
1057 1381 1305 1478 gloriosissimi
1335 1383 1508 1483 principis

288 1495 514 1573 Constantini
528 1497 848 1594 synodo'interesse
863 1497 1043 1587 volumus,
1053 1505 1094 1570 ut
1103 1495 1252 1571 inventa
1265 1496 1428 1585 veritate,
1437 1519 1508 1570 non

287 1610 383 1684 ultra
400 1609 592 1685 multitudo
606 1610 726 1708 pravis
740 1610 910 1686 doctrinis
922 1619 1081 1686 attracta
1094 1609 1279 1686 discordet.
1292 1611 1388 1684 Idem
1404 1610 1440 1683 in
1455 1634 1511 1685 ca-

290 1722 380 1798 dom.
398 1722 566 1810 Quaedam
583 1723 701 1821 capita
718 1733 814 1812 sunt,
831 1724 934 1822 quaed
952 1724 996 1798 ad
1014 1724 1181 1799 honorem
1198 1732 1328 1798 vestrm
1346 1747 1510 1798 reveren·

287 1836 346 1911 tim
359 1837 459 1912 vobis
472 1837 710 1924 servavimus
727 1838 894 1913 decorum
912 1862 988 1913 esse
1006 1837 1218 1926 iudicantes,
1231 1862 1252 1909 a
1266 1835 1366 1911 vobis
1379 1835 1446 1911 hoc
1460 1860 1512 1910 re·

288 1951 466 2048 gulariter
484 1951 601 2050 potius
619 1952 755 2025 firmari
773 1976 836 2054 per
853 1951 1044 2050 synodum,
1062 1975 1168 2049 quam
1187 1959 1307 2024 nostra
1325 1948 1407 2045 lege
1432 1975 1512 2022 san·

286 2065 362 2141 siri.
381 2069 428 2139 Et
443 2064 587 2141 iubente
605 2066 735 2142 eodem.
758 2065 1015 2142 Beronicianus
1041 2064 1266 2142 venerandus
1291 2063 1525 2140 secretarius

289 2178 403 2254 divini
422 2180 622 2256 consistorii
641 2180 788 2278 epistola
808 2179 947 2276 relegit.

862 2347 942 2431 Vll.

382 2521 617 2619 Imperatores
638 2520 916 2596 Valentinianus
933 2528 969 2595 11
982 2513 1203 2594 Theodoxius
1216 2517 1260 2591 ad
1274 2519 1452 2618 synodum
1466 2523 1512 2594 E·

285 2629 483 2729 phesinam‚
501 2632 605 2708 inter.
623 2639 808 2731 Agnoscat
825 2644 945 2710 vestra
965 2632 1183 2730 religiositas
1202 2636 1412 2731 Hyreneum
1439 2661 1513 2708 ma·

286 2745 628 2842 gnificentissimum
647 2749 768 2823 virum
785 2749 955 2824 amicitiae
972 2774 1082 2824 eausa
1098 2747 1307 2848 proiectum,
1325 2774 1408 2823 cum
1431 2774 1511 2823 san·

287 2859 446 2935 ctissimo
463 2861 634 2960 Episcopo
651 2862 760 2937 huius
779 2862 905 2959 magni
924 2860 1080 2936 nominis
1097 2861 1257 2937 civitatis
1270 2863 1444 2952 Nestorio,
1457 2864 1509 2936 ita

288 2983 330 3047 ut
345 2974 561 3051 tractatibus
577 2986 706 3052 vestrm
729 2976 965 3052 sanctissima
990 2975 1104 3051 sinodi
1130 2975 1230 3049 nulla
1256 2976 1392 3052 ratione
1417 2999 1512 3051 com·

290 3088 460 3164 munieet.

851 3225 949 3311 VIII.

345 3419 394 3471 Ex
414 3422 426 3471 1
446 3420 589 3486 epistola
606 3422 666 3472 VII
686 3419 802 3487 synodi
819 3422 912 3488 Papa
930 3423 1018 3474 Dono
1037 3421 1139 3473 missa
1158 3419 1203 3473 ad
1220 3419 1451 3486 imperatorem

771 3510 1026 3564 Constantinum.

383 3667 532 3741 Omnem
550 3688 634 3741 vcro
650 3691 865 3742 concursum
880 3664 1107 3741 venientibus
1121 3665 1253 3762 legatis
1266 3665 1399 3740 vestris
1411 3665 1515 3741 iussi·

287 3805 369 3854 mus
387 3780 542 3877 praebere
568 3779 790 3855 Theodorum
816 3779 1013 3876 gloriosum
1040 3779 1233 3877 patricium
1259 3790 1296 3855 11
1320 3779 1516 3855 exarchum

288 3892 430 3968 Christo
446 3893 636 3969 amabilem
655 3902 784 3967 nostrae
797 3893 911 3968 ltaliae
924 3893 1128 3991 provincia,
1141 3903 1214 3967 tam
1228 3893 1265 3967 in
1280 3893 1378 3982 navi,
1391 3917 1514 3992 quam·

288 4032 357 4107 que
380 4007 419 4081 in
437 4007 602 4107 expensis
620 4016 655 4082 et
672 4005 768 4082 omni
787 4006 943 4083 utilitate
962 4032 1096 4098 eorum,
1112 4018 1149 4084 11
1165 4007 1195 4082 si
1220 4007 1415 4084 necessitas
1440 4032 1519 4083 exe·

290 4122 398 4219 gerit,
416 4122 523 4198 etiam
542 4121 745 4197 castellatos
762 4123 946 4198 dromones
959 4122 1115 4221 praebere
1128 4122 1171 4196 ad
1185 4144 1306 4197 eorum
1322 4121 1519 4210 munimen,

289 4246 330 4309 ut
347 4261 391 4311 111
407 4236 573 4310 omnibus
590 4235 682 4310 illesi
701 4246 737 4311 et
753 4237 831 4311 sine
851 4236 1009 4333 periculo
1027 4239 1099 4311 Deo
1119 4245 1329 4333 cooperante
1353 4235 1446 4309 idem
1472 4235 1519 4310 ad

289 4372 353 4422 uos
370 4350 595 4446 perducatur.
613 4352 703 4424 Item
722 4375 766 4424 11
782 4349 898 4447 prima
915 4349 1063 4446 epistola
1087 4352 1157 4423 Vll
1182 4348 1310 4447 synodi
1338 4348 1446 4421 missa
1471 4354 1519 4421 A·

287 4462 412 4539 driano
421 4465 526 4563 Papa
538 4462 583 4539 ab
595 4464 872 4564 imperatoribus
886 4463 1120 4542 Constantino
1133 4472 1169 4539 11
1183 4466 1342 4562 Hyrene.
1356 4460 1518 4559 Stratigo
