3608 5498
808 393 1004 457 -379-

291 536 371 584 rum
389 510 518 584 Missas
530 508 708 600 audimus,
722 510 780 586 vol
793 535 876 586 cum
890 512 943 589 eis
955 536 1109 603 oramus,
1122 539 1206 590 cum
1219 513 1294 589 illis
1310 539 1513 592 excommu-

291 621 505 699 nicationem
524 622 696 697 subimus,
714 626 809 710 Quos
822 625 963 722 quidem
982 627 1182 701 sacerdotes
1198 651 1286 717 esse,
1298 627 1425 703 saltem
1439 653 1513 705 cre·

289 736 383 826 dere,
401 736 545 811 omuino
556 760 675 812 errare
693 747 757 828 cst,
773 761 856 813 cum
870 741 975 815 Petro
991 741 1140 838 Symoni
1158 740 1262 818 dicat.
1279 741 1437 817 Pecunia
1449 751 1514 818 tua

288 860 409 926 tecum
427 849 475 923 sit
494 847 532 921 in
551 848 779 946 perdictione,
799 850 884 948 quia
904 850 1117 927 existimasti
1130 853 1261 929 donum
1278 854 1344 930 Dei
1361 855 1514 955 pecunia

288 963 467 1064 possideri.
479 965 559 1038 Non
571 973 626 1038 est
639 963 702 1037 tibi
715 987 797 1060 pars
810 987 925 1062 neque
937 964 1064 1039 sorsin
1076 988 1237 1041 sermone
1250 965 1328 1041 isto.
1341 966 1412 1042 Ubi
1424 992 1509 1044 cum

288 1076 514 1164 existimasti,
525 1075 658 1151 dicitur
671 1099 740 1150 non
754 1099 816 1174 pro
828 1100 868 1151 eo
881 1076 1116 1175 quodfeoerit,
1129 1077 1283 1177 sedquia
1296 1104 1334 1154 se
1347 1080 1478 1177 posses
1497 1123 1512 1136 ·

289 1216 370 1267 core
386 1189 538 1266 credidit
557 1189 848 1287 condempnatur,
861 1215 944 1266 cum
966 1190 1086 1264 minus
1102 1190 1150 1264 sit
1171 1191 1384 1266 existimasti
1405 1216 1512 1290 quam

289 1304 440 1380 credere.
453 1306 494 1376 In
513 1301 580 1377 hoc
597 1325 680 1377 vero
697 1304 788 1401 quod
804 1303 1051 1400 subiungitur,
1064 1327 1135 1378 non
1147 1304 1279 1380 esttibi
1292 1329 1375 1401 pars
1395 1330 1510 1402 neque

288 1442 363 1492 sors
380 1417 419 1490 in
434 1438 594 1491 sermone
612 1417 689 1506 isto,
705 1427 867 1516 patenter
883 1415 1092 1505 ostenditur,
1109 1415 1195 1515 quia
1208 1416 1321 1492 nichil
1341 1442 1443 1492 sacre
1460 1440 1513 1491 or-

289 1532 322 1605 di
328 1531 482 1605 nationis
494 1529 532 1603 in
545 1528 613 1605 hac
626 1530 841 1629 promotione
855 1529 1058 1629 percipitur.
1068 1533 1154 1606 Haec
1167 1530 1287 1628 itaque
1299 1529 1507 1606 detestanda

288 1645 434 1733 heresis,
449 1651 491 1717 ut
506 1643 632 1717 beatus
645 1641 843 1739 Gregorius
854 1643 916 1732 ait,
929 1653 1012 1718 ante
1025 1667 1148 1718 omnes
1160 1642 1198 1717 in
1210 1653 1373 1718 sanctam
1389 1643 1513 1719 recole·

288 1757 378 1830 siam
391 1755 563 1831 diabolica
572 1754 695 1830 fraude
704 1756 870 1852 surrepit,
879 1755 981 1854 quasi
993 1755 1105 1855 prima
1114 1765 1150 1831 et
1160 1755 1328 1846 maxima,
1342 1755 1513 1833 aecclesiae

289 1871 491 1946 castitatem
509 1870 625 1945 fedam
642 1869 795 1943 nimium
813 1869 1006 1970 pollutione
1022 1869 1318 1945 contaminatura.
1336 1872 1414 1956 Qua
1436 1893 1512 1967 pro

288 1994 367 2084 pter
383 1983 602 2058 obtestamur
615 1980 876 2057 fraternitatem
889 1993 1058 2072 vestram,
1071 1991 1112 2057 ut
1124 1983 1200 2058 haec
1213 1991 1287 2056 tam
1300 2007 1384 2057 seva
1402 1983 1512 2080 pestis

288 2099 332 2172 ab
345 2095 505 2172 aecclesia
522 2104 643 2171 vestra
666 2095 810 2192 penitus
822 2096 1018 2185 auferatur,
1030 2121 1076 2172 ne
1088 2094 1243 2170 ulterius
1259 2094 1351 2193 quod
1363 2095 1456 2170 absit
1472 2095 1512 2170 in

291 2208 466 2308 Spiritum
485 2212 659 2283 Sanctum
676 2218 876 2306 peccantes,
893 2234 1008 2308 neque
1025 2208 1097 2296 hic,
1113 2231 1229 2305 neque
1245 2206 1285 2280 iu
1308 2206 1431 2281 futuro
1447 2233 1510 2282 sm

291 2321 372 2398 culo
393 2321 495 2396 vobis
519 2321 733 2397 remittatur.
749 2324 841 2396 Item
860 2321 897 2394 in
912 2323 1064 2420 registro
1075 2325 1109 2398 II
1125 2320 1315 2397 Alexandri
1334 2323 1439 2418 Papae
1456 2321 1510 2395 in·

291 2450 344 2511 ter
358 2445 485 2512 cetera.
494 2435 532 2508 Si
546 2435 846 2532 quisbeneficium
861 2435 1042 2523 aecclesioe,
1051 2435 1296 2536 quodquidam
1309 2435 1512 2523 canonicas,

292 2548 351 2625 vel
361 2547 575 2648 praebeudas,
588 2547 646 2623 vel
654 2548 795 2623 ordines
808 2561 949 2638 vocant,
961 2549 1085 2648 iniqua
1097 2549 1291 2647 cupiditate
1303 2549 1443 2637 ductus,
1453 2548 1511 2625 vel

291 2661 483 2751 emere,vel
494 2661 646 2737 vendere
656 2663 1042 2761 praesumpserit,iuxta
1050 2662 1241 2739 concilium
1251 2660 1512 2738 Chalcedonen-

290 2799 329 2849 se
345 2775 481 2871 gradus
493 2774 549 2850 sui
562 2775 720 2873 periculo
736 2776 929 2867 subiaceat,
942 2801 1008 2853 nec
1027 2775 1206 2851 ministret
1217 2772 1386 2850 ecclesia
1402 2799 1511 2872 quam

291 2891 443 2989 pecunia
460 2891 688 2988 comparavit.

850 2986 959 3072 IIIII.
1043 2980 1046 2982 ’

398 3136 447 3186 Ex
466 3134 607 3187 concillo
627 3134 776 3199 Gregorii
794 3135 853 3186 v11
872 3135 974 3199 Papae
992 3133 1018 3184 1.
1036 3133 1270 3198 episcoporum
1288 3141 1361 3196 cap.
1381 3130 1405 3180 1.

390 3241 428 3313 Si
445 3239 526 3337 quis
543 3238 709 3337 deinceps
726 3238 978 3336 Episcopatum
996 3233 1053 3310 vel
1068 3234 1256 3310 Abbatiaru
1269 3232 1312 3307 de
1327 3257 1436 3305 manu
1450 3230 1513 3304 lai·

292 3379 343 3427 cae
362 3375 507 3450 persone
529 3347 736 3450 susceperit,
756 3349 964 3426 nullatenus
976 3350 1070 3425 inter
1083 3350 1272 3447 Episcopos
1285 3347 1343 3423 vel
1357 3348 1512 3423 Abbates

292 3466 454 3553 habetur,
471 3489 537 3540 nec
554 3463 629 3538 ulla
645 3465 680 3540 ei
696 3475 738 3538 ut
754 3464 925 3562 Episcopo
942 3489 1007 3540 seu
1033 3463 1161 3540 Abbati
1183 3461 1365 3537 audientia
1389 3484 1513 3537 conce·

291 3581 406 3655 datur.
423 3581 572 3675 Insuper
589 3579 622 3654 ei
639 3578 759 3673 gratia
776 3578 872 3653 Petri
890 3588 927 3653 et
943 3577 1129 3653 introitum
1154 3575 1316 3651 ecclesiae
1332 3573 1513 3650 interdici·

294 3718 386 3779 mus,
399 3715 581 3790 quousque
594 3691 711 3766 locum
724 3715 830 3790 quem
848 3691 916 3765 sub
928 3691 1079 3766 crimine
1091 3700 1165 3764 tam
1177 3687 1392 3778 ambitionis,
1403 3712 1512 3785 quam

291 3805 546 3894 inobedientis,
562 3804 654 3903 quod
671 3813 726 3880 est
736 3805 853 3882 scelus
867 3804 1049 3894 idolatria,
1062 3803 1177 3902 caepit,
1191 3800 1429 3899 resipiscendo
1441 3823 1513 3876 non

291 3919 430 4023 deserit.
447 3917 623 3993 Similiter
640 3917 748 3994 etiam
770 3919 813 3994 de
831 3917 1060 3994 inferioribus
1084 3915 1339 3993 ecelesiasticis
1356 3915 1511 4011 dignita·

291 4033 387 4107 tibus
403 4031 666 4106 constituimus.
683 4033 775 4106 Item
792 4032 823 4107 si
840 4031 921 4129 quis
934 4033 1200 4130 imperatorum,
1213 4053 1353 4126 regum,
1367 4029 1513 4118 ducum,

292 4143 550 4233 marchionum,
574 4144 757 4232 comitum,
781 4142 839 4218 vel
868 4145 1019 4241 quilibet
1043 4143 1271 4220 saecularium
1296 4151 1510 4240 potestatum

292 4269 356 4330 aut
368 4280 597 4354 personarum
611 4258 864 4333 investituram
874 4258 1142 4356 episcopatuum
1154 4255 1213 4331 vol
1225 4255 1380 4331 alicuius
1392 4254 1514 4330 aeccle·

291 4370 445 4444 siasticae
461 4369 649 4466 dignitatis
669 4371 752 4447 dare
776 4370 1054 4471 presumpserit,
1080 4369 1238 4446 eiusdem
1263 4369 1451 4445 sententie
1474 4392 1513 4444 se

291 4482 501 4560 obstrictum
519 4507 596 4563 esso
612 4483 712 4564 sciat
