3608 5498
800 392 931 457 -427
959 426 997 440 -

289 514 574 603 num‚adversus
593 513 824 610 Aistulphum
845 537 965 609 regem
991 514 1304 611 Langobardorum
1331 516 1508 590 auxilium

288 627 481 733 postulans.
501 628 659 703 Audiens
675 638 795 704 antam
815 629 906 703 idem
926 651 989 701 rex
1005 627 1163 702 eiusdem
1177 627 1373 702 beatissimi
1389 629 1506 704 Ponti-

289 744 367 818 ficis
383 741 589 830 adveutum,
605 740 714 815 nimis
736 741 947 816 festinanter
972 741 1009 815 in
1033 741 1112 818 eius
1135 742 1283 816 advenit
1307 766 1509 831 occursum,

288 878 461 930 unacum
479 854 682 949 coniugeet
701 851 785 927 filiis
806 868 843 928 et
864 854 1087 953 primatibus,
1111 865 1147 931 et
1171 854 1245 931 fera
1268 856 1313 930 ad
1338 857 1367 932 C
1393 856 1508 929 milia·

289 969 384 1044 rium
402 966 515 1042 filium
535 993 641 1041 suum
659 966 832 1042 Karolum
850 968 882 1043 ei
900 969 1041 1043 obviam
1059 968 1158 1043 misit
1170 994 1253 1075 oum
1266 970 1448 1070 aliquibus
1465 995 1510 1046 cx

288 1083 363 1158 suis
375 1082 613 1180 optimatibus.
630 1085 709 1179 Ipse
734 1104 872 1180 quoque
896 1081 934 1154 in
959 1082 1090 1179 palatio
1114 1081 1207 1180 quod
1231 1083 1364 1159 dicitur
1390 1084 1508 1158 Ponti-

289 1220 375 1272 cone
400 1195 475 1271 iero
500 1195 544 1269 ad
568 1195 679 1270 trium
701 1194 935 1269 miliariorum
953 1197 1108 1295 spatium
1125 1196 1342 1272 descendens
1359 1198 1401 1273 de
1418 1221 1509 1295 equo

288 1332 364 1399 suc,
380 1335 463 1386 cum
482 1333 615 1406 magna
632 1309 837 1384 humilitate
854 1319 959 1387 terrae
975 1319 1182 1409 prostratus,
1200 1335 1368 1386 unacum
1387 1311 1507 1387 coniu-

251 1512 254 1519 ,
290 1448 338 1520 ge
351 1434 387 1499 et
400 1421 484 1498 filiis
496 1433 533 1499 et
544 1422 774 1521 optimatibus
787 1448 870 1498 eum
887 1425 1045 1522 suscepit
1059 1423 1276 1501 Pontificem.
1289 1424 1358 1499 Cui
1375 1434 1412 1500 ct
1429 1424 1508 1500 vice

293 1534 456 1610 stratoris
472 1559 586 1633 usque
603 1534 640 1608 in
657 1534 881 1633 aliquantum
901 1535 1017 1612 locum
1035 1536 1137 1611 iuxta
1153 1537 1232 1612 eius
1247 1536 1374 1612 sellam
1392 1560 1511 1635 prope·

288 1649 394 1737 ravit,
410 1660 447 1725 et
463 1674 546 1724 oum
573 1675 707 1747 magna
730 1649 845 1746 gloria
870 1650 914 1724 ad
939 1676 1044 1725 suum
1070 1650 1243 1750 palatium
1271 1651 1449 1748 perduxit,
1474 1660 1511 1726 et

290 1763 410 1838 omnia
427 1787 505 1862 quae
527 1762 597 1837 hab
621 1786 662 1840 eo
680 1762 844 1838 Pontifex
869 1763 996 1861 petivit
1021 1763 1236 1861 impetravit.
1261 1767 1317 1838 Ex
1340 1763 1510 1839 chronica

289 1881 507 1952 Francorum
525 1900 619 1951 anno
637 1876 821 1952 Dominico
837 1876 1098 1952 lnoarnationis
1122 1876 1445 1952 DCOLXXXVII.
1465 1883 1510 1952 A·

288 1989 436 2064 drianos
454 1992 549 2088 Papa
567 1989 604 2062 in
621 1989 677 2064 die
695 1998 818 2064 sancto
837 1989 981 2064 Paschae
1007 1980 1180 2087 praesente
1206 1989 1336 2064 Karolo
1361 1990 1512 2088 impera·

287 2113 362 2179 tore
387 2102 707 2178 anathematizavit
727 2102 978 2177 ‘Thassilonem
996 2106 1122 2178 docem
1141 2102 1422 2193 Baiouariorum
1439 2101 1510 2177 nisi

285 2217 325 2290 in
343 2214 507 2290 omnibus
523 2215 679 2290 obediret
704 2215 818 2290 eidem
845 2215 1060 2316 imperatori,
1078 2229 1114 2291 et
1132 2216 1215 2290 filiis
1232 2214 1320 2306 cius,
1336 2241 1379 2292 ac
1404 2216 1507 2312 genti

288 2335 520 2417 Francorum,
537 2329 633 2403 sicot
650 2329 833 2403 iuraverat
850 2330 949 2403 Patri
966 2352 1031 2403 suo
1049 2329 1175 2428 Pipino
1192 2340 1228 2405 et
1250 2329 1328 2404 sibi.
1354 2330 1454 2418 Quod
1479 2331 1510 2405 si

287 2444 397 2519 nollet
414 2453 450 2518 ot
462 2441 653 2538 sanguinis
669 2443 793 2517 effusio
811 2442 921 2532 fieret,
938 2453 974 2518 et
989 2442 1089 2518 aliud
1106 2443 1242 2542 aliquid
1261 2444 1359 2534 mali,
1371 2444 1437 2520 hoc
1451 2471 1508 2520 su·

287 2584 349 2657 per
366 2559 529 2634 eumdem
556 2561 690 2633 Ducem
717 2568 753 2633 et
777 2557 855 2632 eius
879 2569 1133 2634 consentaneos
1158 2568 1262 2646 esset,
1279 2568 1315 2633 et
1340 2558 1510 2655 praefatus

287 2675 364 2745 Rex
376 2680 412 2746 ct
424 2670 480 2744 sui
490 2669 535 2744 ab
547 2669 668 2745 eadem
678 2669 783 2767 culpa
797 2669 977 2747 immunes
984 2682 1112 2747 essent.
1122 2673 1321 2748 Idemauno
1331 2673 1510 2750 DCOOVI

288 2783 403 2859 tribus
420 2784 504 2858 liliis
522 2784 598 2858 suis
622 2807 776 2879 regnum
803 2783 937 2873 divisit,
962 2795 1219 2861 testamentum
1244 2785 1391 2875 faciens,
1416 2786 1510 2885 quod

288 2899 396 2974 Leoni
414 2899 481 2972 111⁰
498 2898 542 2971 ad
559 2897 851 2973 subscribendum
872 2899 978 2974 misit.
995 2902 1072 2986 Quo
1094 2899 1259 2999 perlecto,
1284 2899 1448 2974 Pontifex
1471 2908 1509 2974 et

288 3013 441 3088 assensit
457 3023 492 3087 ct
509 3013 729 3111 subscripsit.
746 3012 842 3086 Idem
861 3036 956 3086 anuo
969 3013 1211 3088 Dccuvurl
1223 3012 1453 3110 quaestionem
1468 3013 1511 3088 da

288 3126 508 3225 processione
522 3125 678 3225 Spiritus
692 3123 816 3200 Sancti
829 3150 852 3197 a
864 3126 1019 3201 Iohanne
1031 3127 1200 3200 monacho
1209 3124 1510 3200 hierosolimitano

288 3239 455 3339 suscepit,
473 3263 580 3337 quam
598 3238 839 3313 diffiniendam
858 3239 926 3311 111⁰
945 3241 1049 3336 Papae
1067 3238 1172 3313 Leoni
1190 3237 1330 3313 direxit.

833 3404 974 3489 (llllHl.

384 3579 565 3655 Adrianus
583 3579 724 3653 natione
742 3581 923 3652 Romanus
937 3579 1148 3654 necessitate
1164 3578 1369 3677 compulsus
1382 3577 1513 3655 direxit

290 3695 427 3770 marino
444 3694 571 3769 itincre
587 3718 671 3767 suas
687 3691 897 3790 apostolicas
913 3690 1053 3766 litteras
1070 3691 1201 3767 Karolo
1213 3691 1512 3770 excellentissimo

291 3810 369 3906 regi
389 3812 619 3896 francorum,
637 3807 832 3904 deprecans
850 3815 890 3880 ut
907 3806 1003 3881 sicut
1019 3832 1108 3881 suus
1124 3815 1224 3905 pater
1236 3814 1370 3881 sanctae
1383 3830 1513 3882 memo·

291 3924 353 3999 riae
367 3923 527 4020 Pipinus‚
539 3931 575 3996 ct
588 3920 662 4018 ipse
675 3929 903 3995 succurreret
916 3931 1049 3996 sancta
1063 3921 1128 3996 Dei
1141 3919 1322 4008 acclesiae,
1338 3919 1512 3996 adversus

291 4036 516 4112 insolentiam
545 4044 582 4110 ct
611 4033 824 4109 tirannidem
857 4033 1028 4110 Desiderii
1061 4034 1158 4130 regis
1189 4033 1512 4130 Langobardorum.

290 4156 392 4226 Tunc
409 4150 484 4248 ipse
500 4175 521 4222 a
539 4151 611 4225 Deo
628 4157 809 4247 protectus
826 4149 981 4224 Karolus
1000 4174 1061 4224 rex
1077 4172 1288 4245 aggregans
1305 4147 1511 4223 universam

292 4264 395 4361 regni
413 4263 470 4337 sui
493 4263 715 4339 exercituum
742 4261 1023 4351 multitudinem,
1048 4285 1111 4359 per
1137 4265 1188 4336 Vl
1214 4286 1352 4337 menses
1377 4261 1513 4338 obsedit

290 4377 453 4453 eumdem
480 4376 703 4452 Desiderium
728 4376 764 4448 in
792 4375 940 4451 civitate
958 4375 1077 4472 Papia.
1095 4375 1320 4452 Adveniente
1336 4399 1422 4451 vero
1447 4380 1512 4450 Pa·

291 4489 402 4566 schali
419 4489 627 4580 festivitate,
644 4512 775 4589 magno
792 4488 964 4566 desiderio
976 4489 1020 4564 ad
1035 4488 1280 4589 Apostolorum
1295 4487 1423 4564 limina
1436 4512 1512 4586 pro
