<?xml version="1.0" encoding="UTF-8"?>
<!DOCTYPE html PUBLIC "-//W3C//DTD XHTML 1.0 Transitional//EN"
    "http://www.w3.org/TR/xhtml1/DTD/xhtml1-transitional.dtd">
<html xmlns="http://www.w3.org/1999/xhtml" xml:lang="en" lang="en">
 <head>
  <title>
</title>
<meta http-equiv="Content-Type" content="text/html;charset=utf-8" />
  <meta name='ocr-system' content='tesseract 3.04.00' />
  <meta name='ocr-capabilities' content='ocr_page ocr_carea ocr_par ocr_line ocrx_word'/>
</head>
<body>
  <div class='ocr_page' id='page_1' title='image "./collectiocanonu00deusgoog_0098.png"; bbox 0 0 3608 5498; ppageno 0'>
   <div class='ocr_carea' id='block_1_1' title="bbox 289 406 1512 2106">
    <p class='ocr_par' dir='ltr' id='par_1_1' title="bbox 290 406 1512 1307">
     <span class='ocr_line' id='line_1_1' title="bbox 817 406 990 468; baseline 0.012 -15"><span class='ocrx_word' id='word_1_1' title='bbox 817 440 857 453; x_wconf 91' lang='lat'>..</span> <span class='ocrx_word' id='word_1_2' title='bbox 883 406 923 468; x_wconf 69' lang='lat'>(57</span> <span class='ocrx_word' id='word_1_3' title='bbox 951 439 990 455; x_wconf 87' lang='lat'><em>-</em></span> 
     </span>
     <span class='ocr_line' id='line_1_2' title="bbox 291 521 1509 619; baseline 0.007 -26"><span class='ocrx_word' id='word_1_4' title='bbox 291 521 382 594; x_wconf 89' lang='lat' dir='ltr'>tium</span> <span class='ocrx_word' id='word_1_5' title='bbox 401 533 575 619; x_wconf 86' lang='lat' dir='ltr'>procuret.</span> <span class='ocrx_word' id='word_1_6' title='bbox 595 527 639 597; x_wconf 82' lang='lat' dir='ltr'>Et</span> <span class='ocrx_word' id='word_1_7' title='bbox 655 524 740 598; x_wconf 86' lang='lat' dir='ltr'>dum</span> <span class='ocrx_word' id='word_1_8' title='bbox 759 524 886 598; x_wconf 88' lang='lat' dir='ltr'>iterato</span> <span class='ocrx_word' id='word_1_9' title='bbox 904 524 1036 599; x_wconf 92' lang='lat' dir='ltr'>iudicio</span> <span class='ocrx_word' id='word_1_10' title='bbox 1055 526 1218 599; x_wconf 82' lang='lat' dir='ltr'>Pontifex</span> <span class='ocrx_word' id='word_1_11' title='bbox 1233 550 1380 600; x_wconf 88' lang='lat' dir='ltr'>causam</span> <span class='ocrx_word' id='word_1_12' title='bbox 1405 552 1509 602; x_wconf 87' lang='lat' dir='ltr'>suam</span> 
     </span>
     <span class='ocr_line' id='line_1_3' title="bbox 290 635 1512 738; baseline 0.009 -32"><span class='ocrx_word' id='word_1_13' title='bbox 290 635 380 730; x_wconf 84' lang='lat' dir='ltr'>agit,</span> <span class='ocrx_word' id='word_1_14' title='bbox 397 636 521 711; x_wconf 89' lang='lat' dir='ltr'>nullus</span> <span class='ocrx_word' id='word_1_15' title='bbox 537 637 632 712; x_wconf 89' lang='lat' dir='ltr'>alius</span> <span class='ocrx_word' id='word_1_16' title='bbox 649 639 686 712; x_wconf 92' lang='lat' dir='ltr'>in</span> <span class='ocrx_word' id='word_1_17' title='bbox 704 639 783 713; x_wconf 92' lang='lat' dir='ltr'>eius</span> <span class='ocrx_word' id='word_1_18' title='bbox 801 639 876 716; x_wconf 90' lang='lat' dir='ltr'>loco</span> <span class='ocrx_word' id='word_1_19' title='bbox 901 648 1051 736; x_wconf 83' lang='lat' dir='ltr'>ponatur·</span> <span class='ocrx_word' id='word_1_20' title='bbox 1078 639 1136 713; x_wconf 91' lang='lat' dir='ltr'>vel</span> <span class='ocrx_word' id='word_1_21' title='bbox 1161 639 1344 715; x_wconf 82' lang='lat' dir='ltr'>ordinetur</span> <span class='ocrx_word' id='word_1_22' title='bbox 1370 641 1512 738; x_wconf 84' lang='lat' dir='ltr'>Episoo</span> 
     </span>
     <span class='ocr_line' id='line_1_4' title="bbox 290 753 1512 853; baseline 0.009 -30"><span class='ocrx_word' id='word_1_23' title='bbox 290 775 367 848; x_wconf 87' lang='lat' dir='ltr'>pus.</span> <span class='ocrx_word' id='word_1_24' title='bbox 385 753 561 839; x_wconf 83' lang='lat' dir='ltr'>Quoniam</span> <span class='ocrx_word' id='word_1_25' title='bbox 579 778 794 853; x_wconf 88' lang='lat' dir='ltr'>quamquam</span> <span class='ocrx_word' id='word_1_26' title='bbox 813 753 1174 853; x_wconf 80' lang='lat' dir='ltr'>comprovincialibus</span> <span class='ocrx_word' id='word_1_27' title='bbox 1199 755 1383 853; x_wconf 88' lang='lat' dir='ltr'>Episcopis</span> <span class='ocrx_word' id='word_1_28' title='bbox 1406 782 1512 834; x_wconf 88' lang='lat' dir='ltr'>accu-</span> 
     </span>
     <span class='ocr_line' id='line_1_5' title="bbox 290 865 1512 964; baseline 0.007 -28"><span class='ocrx_word' id='word_1_29' title='bbox 290 865 359 938; x_wconf 89' lang='lat' dir='ltr'>sati</span> <span class='ocrx_word' id='word_1_30' title='bbox 376 890 523 941; x_wconf 88' lang='lat' dir='ltr'>causam</span> <span class='ocrx_word' id='word_1_31' title='bbox 542 868 718 964; x_wconf 88' lang='lat' dir='ltr'>pontificis</span> <span class='ocrx_word' id='word_1_32' title='bbox 735 869 889 943; x_wconf 90' lang='lat' dir='ltr'>scrutari</span> <span class='ocrx_word' id='word_1_33' title='bbox 913 868 1020 943; x_wconf 89' lang='lat' dir='ltr'>liceat</span> <span class='ocrx_word' id='word_1_34' title='bbox 1044 892 1115 942; x_wconf 90' lang='lat' dir='ltr'>non</span> <span class='ocrx_word' id='word_1_35' title='bbox 1139 878 1261 943; x_wconf 89' lang='lat' dir='ltr'>tamen</span> <span class='ocrx_word' id='word_1_36' title='bbox 1286 870 1433 947; x_wconf 88' lang='lat' dir='ltr'>definire</span> <span class='ocrx_word' id='word_1_37' title='bbox 1458 871 1512 945; x_wconf 93' lang='lat' dir='ltr'>in·</span> 
     </span>
     <span class='ocr_line' id='line_1_6' title="bbox 291 979 1512 1081; baseline 0.007 -29"><span class='ocrx_word' id='word_1_38' title='bbox 291 979 454 1055; x_wconf 88' lang='lat' dir='ltr'>consulto</span> <span class='ocrx_word' id='word_1_39' title='bbox 470 983 627 1056; x_wconf 86' lang='lat' dir='ltr'>Romano</span> <span class='ocrx_word' id='word_1_40' title='bbox 645 983 815 1058; x_wconf 89' lang='lat' dir='ltr'>Pontifice</span> <span class='ocrx_word' id='word_1_41' title='bbox 841 981 1055 1081; x_wconf 90' lang='lat' dir='ltr'>permissum</span> <span class='ocrx_word' id='word_1_42' title='bbox 1080 994 1146 1069; x_wconf 86' lang='lat' dir='ltr'>est,</span> <span class='ocrx_word' id='word_1_43' title='bbox 1172 1007 1255 1058; x_wconf 90' lang='lat' dir='ltr'>cum</span> <span class='ocrx_word' id='word_1_44' title='bbox 1281 984 1382 1059; x_wconf 88' lang='lat' dir='ltr'>beato</span> <span class='ocrx_word' id='word_1_45' title='bbox 1408 989 1512 1061; x_wconf 92' lang='lat' dir='ltr'>Petro</span> 
     </span>
     <span class='ocr_line' id='line_1_7' title="bbox 291 1093 1511 1198; baseline 0.009 -34"><span class='ocrx_word' id='word_1_46' title='bbox 291 1093 456 1190; x_wconf 84' lang='lat' dir='ltr'>Apostolo</span> <span class='ocrx_word' id='word_1_47' title='bbox 473 1117 542 1168; x_wconf 89' lang='lat' dir='ltr'>non</span> <span class='ocrx_word' id='word_1_48' title='bbox 559 1095 604 1169; x_wconf 91' lang='lat' dir='ltr'>ab</span> <span class='ocrx_word' id='word_1_49' title='bbox 620 1095 691 1171; x_wconf 92' lang='lat' dir='ltr'>alio</span> <span class='ocrx_word' id='word_1_50' title='bbox 707 1120 813 1194; x_wconf 90' lang='lat' dir='ltr'>quam</span> <span class='ocrx_word' id='word_1_51' title='bbox 830 1121 852 1169; x_wconf 90' lang='lat' dir='ltr'>a</span> <span class='ocrx_word' id='word_1_52' title='bbox 869 1097 1018 1171; x_wconf 90' lang='lat' dir='ltr'>Domino</span> <span class='ocrx_word' id='word_1_53' title='bbox 1035 1098 1083 1171; x_wconf 92' lang='lat' dir='ltr'>sit</span> <span class='ocrx_word' id='word_1_54' title='bbox 1103 1096 1251 1174; x_wconf 90' lang='lat' dir='ltr'>dictum.</span> <span class='ocrx_word' id='word_1_55' title='bbox 1276 1101 1511 1198; x_wconf 85' lang='lat' dir='ltr'>Quacumque</span> 
     </span>
     <span class='ocr_line' id='line_1_8' title="bbox 291 1205 684 1307; baseline 0.013 -29"><span class='ocrx_word' id='word_1_56' title='bbox 291 1205 465 1301; x_wconf 81' lang='lat' dir='ltr'>ligaveris</span> <span class='ocrx_word' id='word_1_57' title='bbox 482 1218 519 1283; x_wconf 89' lang='lat' dir='ltr'>et</span> <span class='ocrx_word' id='word_1_58' title='bbox 537 1208 684 1307; x_wconf 88' lang='lat' dir='ltr'>reliqua.</span> 
     </span>
    </p>

    <p class='ocr_par' dir='ltr' id='par_1_2' title="bbox 290 1322 1512 1741">
     <span class='ocr_line' id='line_1_9' title="bbox 387 1322 1512 1424; baseline 0.004 -27"><span class='ocrx_word' id='word_1_59' title='bbox 387 1327 433 1397; x_wconf 87' lang='lat' dir='ltr'>Et</span> <span class='ocrx_word' id='word_1_60' title='bbox 449 1323 547 1412; x_wconf 84' lang='lat' dir='ltr'>alibi,</span> <span class='ocrx_word' id='word_1_61' title='bbox 565 1322 741 1398; x_wconf 88' lang='lat' dir='ltr'>institutis</span> <span class='ocrx_word' id='word_1_62' title='bbox 760 1322 896 1419; x_wconf 90' lang='lat' dir='ltr'>legitur</span> <span class='ocrx_word' id='word_1_63' title='bbox 914 1324 1136 1423; x_wconf 84' lang='lat' dir='ltr'>Apostoliois.</span> <span class='ocrx_word' id='word_1_64' title='bbox 1161 1326 1199 1399; x_wconf 88' lang='lat' dir='ltr'>Si</span> <span class='ocrx_word' id='word_1_65' title='bbox 1224 1327 1306 1424; x_wconf 88' lang='lat' dir='ltr'>quis</span> <span class='ocrx_word' id='word_1_66' title='bbox 1330 1329 1512 1424; x_wconf 83' lang='lat' dir='ltr'>putaverit</span> 
     </span>
     <span class='ocr_line' id='line_1_10' title="bbox 290 1436 1512 1536; baseline 0.002 -26"><span class='ocrx_word' id='word_1_67' title='bbox 290 1460 327 1510; x_wconf 85' lang='lat' dir='ltr'>se</span> <span class='ocrx_word' id='word_1_68' title='bbox 343 1461 365 1511; x_wconf 91' lang='lat' dir='ltr'>a</span> <span class='ocrx_word' id='word_1_69' title='bbox 382 1436 521 1534; x_wconf 89' lang='lat' dir='ltr'>proprio</span> <span class='ocrx_word' id='word_1_70' title='bbox 537 1436 808 1534; x_wconf 90' lang='lat' dir='ltr'>metropolitano</span> <span class='ocrx_word' id='word_1_71' title='bbox 824 1439 972 1533; x_wconf 91' lang='lat' dir='ltr'>gravari</span> <span class='ocrx_word' id='word_1_72' title='bbox 990 1440 1085 1536; x_wconf 91' lang='lat' dir='ltr'>apud</span> <span class='ocrx_word' id='word_1_73' title='bbox 1099 1438 1345 1515; x_wconf 88' lang='lat' dir='ltr'>Patriarcham</span> <span class='ocrx_word' id='word_1_74' title='bbox 1360 1440 1418 1516; x_wconf 88' lang='lat' dir='ltr'>vel</span> <span class='ocrx_word' id='word_1_75' title='bbox 1438 1441 1512 1519; x_wconf 82' lang='lat' dir='ltr'>Pri·</span> 
     </span>
     <span class='ocr_line' id='line_1_11' title="bbox 293 1550 1512 1651; baseline 0.005 -28"><span class='ocrx_word' id='word_1_76' title='bbox 293 1560 423 1626; x_wconf 83' lang='lat' dir='ltr'>matem</span> <span class='ocrx_word' id='word_1_77' title='bbox 440 1550 628 1640; x_wconf 85' lang='lat' dir='ltr'>dioceseos,</span> <span class='ocrx_word' id='word_1_78' title='bbox 645 1561 709 1624; x_wconf 91' lang='lat' dir='ltr'>aut</span> <span class='ocrx_word' id='word_1_79' title='bbox 726 1575 832 1648; x_wconf 88' lang='lat' dir='ltr'>penes</span> <span class='ocrx_word' id='word_1_80' title='bbox 851 1550 1094 1628; x_wconf 85' lang='lat' dir='ltr'>universalem</span> <span class='ocrx_word' id='word_1_81' title='bbox 1113 1553 1325 1651; x_wconf 80' lang='lat' dir='ltr'>Apostolicae</span> <span class='ocrx_word' id='word_1_82' title='bbox 1342 1554 1512 1630; x_wconf 77' lang='lat' dir='ltr'>Ecclesiae</span> 
     </span>
     <span class='ocr_line' id='line_1_12' title="bbox 291 1663 617 1741; baseline 0.003 -5"><span class='ocrx_word' id='word_1_83' title='bbox 291 1663 471 1741; x_wconf 88' lang='lat' dir='ltr'>iudicetur</span> <span class='ocrx_word' id='word_1_84' title='bbox 488 1665 617 1740; x_wconf 88' lang='lat' dir='ltr'>sedem.</span> 
     </span>
    </p>

    <p class='ocr_par' dir='ltr' id='par_1_3' title="bbox 289 1779 1511 2106">
     <span class='ocr_line' id='line_1_13' title="bbox 386 1779 1511 1881; baseline 0.004 -28"><span class='ocrx_word' id='word_1_85' title='bbox 386 1783 432 1854; x_wconf 88' lang='lat' dir='ltr'>Et</span> <span class='ocrx_word' id='word_1_86' title='bbox 449 1780 553 1853; x_wconf 87' lang='lat' dir='ltr'>infra.</span> <span class='ocrx_word' id='word_1_87' title='bbox 571 1779 776 1878; x_wconf 84' lang='lat' dir='ltr'>Culpantur</span> <span class='ocrx_word' id='word_1_88' title='bbox 793 1789 835 1854; x_wconf 93' lang='lat' dir='ltr'>ut</span> <span class='ocrx_word' id='word_1_89' title='bbox 847 1780 1021 1878; x_wconf 90' lang='lat' dir='ltr'>scriptum</span> <span class='ocrx_word' id='word_1_90' title='bbox 1035 1791 1090 1856; x_wconf 91' lang='lat' dir='ltr'>est</span> <span class='ocrx_word' id='word_1_91' title='bbox 1104 1781 1233 1857; x_wconf 85' lang='lat' dir='ltr'>fratres</span> <span class='ocrx_word' id='word_1_92' title='bbox 1246 1781 1402 1881; x_wconf 82' lang='lat' dir='ltr'>qualiter</span> <span class='ocrx_word' id='word_1_93' title='bbox 1414 1783 1511 1859; x_wconf 89' lang='lat' dir='ltr'>circa</span> 
     </span>
     <span class='ocr_line' id='line_1_14' title="bbox 290 1894 1509 1994; baseline 0.002 -25"><span class='ocrx_word' id='word_1_94' title='bbox 290 1895 480 1993; x_wconf 83' lang='lat' dir='ltr'>Episcopos</span> <span class='ocrx_word' id='word_1_95' title='bbox 496 1894 657 1970; x_wconf 88' lang='lat' dir='ltr'>iudicare</span> <span class='ocrx_word' id='word_1_96' title='bbox 673 1906 897 1992; x_wconf 73' lang='lat' dir='ltr'>praesumunt</span> <span class='ocrx_word' id='word_1_97' title='bbox 914 1918 1021 1991; x_wconf 89' lang='lat' dir='ltr'>quarn</span> <span class='ocrx_word' id='word_1_98' title='bbox 1039 1894 1350 1993; x_wconf 76' lang='lat' dir='ltr'>apostolicaesedis</span> <span class='ocrx_word' id='word_1_99' title='bbox 1375 1899 1509 1994; x_wconf 89' lang='lat' dir='ltr'>Papam</span> 
     </span>
     <span class='ocr_line' id='line_1_15' title="bbox 289 2009 653 2106; baseline 0 -25"><span class='ocrx_word' id='word_1_100' title='bbox 289 2009 448 2084; x_wconf 86' lang='lat' dir='ltr'>iudicare</span> <span class='ocrx_word' id='word_1_101' title='bbox 465 2009 653 2106; x_wconf 86' lang='lat' dir='ltr'>placuerit.</span> 
     </span>
    </p>
   </div>
   <div class='ocr_carea' id='block_1_2' title="bbox 833 2187 976 2323">
    <p class='ocr_par' dir='ltr' id='par_1_4' title="bbox 833 2187 976 2323">
     <span class='ocr_line' id='line_1_16' title="bbox 833 2187 976 2323; baseline -0.014 0"><span class='ocrx_word' id='word_1_102' title='bbox 833 2187 976 2323; x_wconf 78' lang='lat' dir='ltr'>irrui.</span> 
     </span>
    </p>
   </div>
   <div class='ocr_carea' id='block_1_3' title="bbox 289 2464 1513 4132">
    <p class='ocr_par' dir='ltr' id='par_1_5' title="bbox 289 2464 1513 4132">
     <span class='ocr_line' id='line_1_17' title="bbox 386 2464 1511 2564; baseline 0.002 -24"><span class='ocrx_word' id='word_1_103' title='bbox 386 2465 605 2563; x_wconf 88' lang='lat' dir='ltr'>Zepherinus</span> <span class='ocrx_word' id='word_1_104' title='bbox 633 2469 800 2539; x_wconf 79' lang='lat' dir='ltr'>Romame</span> <span class='ocrx_word' id='word_1_105' title='bbox 826 2464 933 2540; x_wconf 89' lang='lat' dir='ltr'>Urbis</span> <span class='ocrx_word' id='word_1_106' title='bbox 958 2465 1267 2564; x_wconf 80' lang='lat' dir='ltr'>Arclriepiscopus.</span> <span class='ocrx_word' id='word_1_107' title='bbox 1292 2466 1511 2542; x_wconf 81' lang='lat' dir='ltr'>Patriarohae</span> 
     </span>
     <span class='ocr_line' id='line_1_18' title="bbox 291 2578 1512 2677; baseline 0.002 -25"><span class='ocrx_word' id='word_1_108' title='bbox 291 2579 350 2654; x_wconf 88' lang='lat' dir='ltr'>vel</span> <span class='ocrx_word' id='word_1_109' title='bbox 364 2580 540 2655; x_wconf 88' lang='lat' dir='ltr'>Primates</span> <span class='ocrx_word' id='word_1_110' title='bbox 551 2590 761 2655; x_wconf 89' lang='lat' dir='ltr'>accusatum</span> <span class='ocrx_word' id='word_1_111' title='bbox 775 2578 1010 2654; x_wconf 87' lang='lat' dir='ltr'>discutientes</span> <span class='ocrx_word' id='word_1_112' title='bbox 1022 2579 1237 2677; x_wconf 85' lang='lat' dir='ltr'>Episcopum</span> <span class='ocrx_word' id='word_1_113' title='bbox 1251 2603 1320 2654; x_wconf 89' lang='lat' dir='ltr'>non</span> <span class='ocrx_word' id='word_1_114' title='bbox 1334 2590 1417 2655; x_wconf 90' lang='lat' dir='ltr'>ante</span> <span class='ocrx_word' id='word_1_115' title='bbox 1434 2605 1512 2655; x_wconf 90' lang='lat' dir='ltr'>sen·</span> 
     </span>
     <span class='ocr_line' id='line_1_19' title="bbox 290 2690 1511 2790; baseline 0.001 -24"><span class='ocrx_word' id='word_1_116' title='bbox 290 2692 441 2766; x_wconf 89' lang='lat' dir='ltr'>tentiam</span> <span class='ocrx_word' id='word_1_117' title='bbox 459 2692 640 2789; x_wconf 85' lang='lat' dir='ltr'>proferant</span> <span class='ocrx_word' id='word_1_118' title='bbox 653 2692 830 2766; x_wconf 89' lang='lat' dir='ltr'>finitivam</span> <span class='ocrx_word' id='word_1_119' title='bbox 846 2716 952 2790; x_wconf 91' lang='lat' dir='ltr'>quam</span> <span class='ocrx_word' id='word_1_120' title='bbox 969 2690 1171 2788; x_wconf 83' lang='lat' dir='ltr'>Apostolica</span> <span class='ocrx_word' id='word_1_121' title='bbox 1188 2691 1270 2766; x_wconf 85' lang='lat' dir='ltr'>fulti</span> <span class='ocrx_word' id='word_1_122' title='bbox 1288 2693 1511 2769; x_wconf 89' lang='lat' dir='ltr'>auctoritate.</span> 
     </span>
     <span class='ocr_line' id='line_1_20' title="bbox 291 2805 1513 2906; baseline 0 -25"><span class='ocrx_word' id='word_1_123' title='bbox 291 2811 338 2881; x_wconf 90' lang='lat' dir='ltr'>Et</span> <span class='ocrx_word' id='word_1_124' title='bbox 354 2809 460 2905; x_wconf 90' lang='lat' dir='ltr'>paulo</span> <span class='ocrx_word' id='word_1_125' title='bbox 476 2820 566 2906; x_wconf 85' lang='lat' dir='ltr'>post,</span> <span class='ocrx_word' id='word_1_126' title='bbox 583 2807 665 2879; x_wconf 88' lang='lat' dir='ltr'>finis</span> <span class='ocrx_word' id='word_1_127' title='bbox 682 2830 766 2880; x_wconf 84' lang='lat' dir='ltr'>vero</span> <span class='ocrx_word' id='word_1_128' title='bbox 783 2805 861 2880; x_wconf 90' lang='lat' dir='ltr'>cius</span> <span class='ocrx_word' id='word_1_129' title='bbox 878 2830 996 2881; x_wconf 83' lang='lat' dir='ltr'>causae</span> <span class='ocrx_word' id='word_1_130' title='bbox 1012 2805 1189 2881; x_wconf 88' lang='lat' dir='ltr'>adsedem</span> <span class='ocrx_word' id='word_1_131' title='bbox 1203 2807 1513 2903; x_wconf 83' lang='lat' dir='ltr'>Apostolicamde·</span> 
     </span>
     <span class='ocr_line' id='line_1_21' title="bbox 291 2919 1512 3019; baseline -0.001 -25"><span class='ocrx_word' id='word_1_132' title='bbox 291 2923 428 2996; x_wconf 84' lang='lat' dir='ltr'>seratur</span> <span class='ocrx_word' id='word_1_133' title='bbox 446 2932 487 2996; x_wconf 93' lang='lat' dir='ltr'>ut</span> <span class='ocrx_word' id='word_1_134' title='bbox 504 2921 635 2996; x_wconf 92' lang='lat' dir='ltr'>ibidem</span> <span class='ocrx_word' id='word_1_135' title='bbox 653 2921 878 2996; x_wconf 81' lang='lat' dir='ltr'>terminetur.</span> <span class='ocrx_word' id='word_1_136' title='bbox 893 2919 949 2994; x_wconf 84' lang='lat' dir='ltr'>Ad</span> <span class='ocrx_word' id='word_1_137' title='bbox 962 2945 1040 2995; x_wconf 90' lang='lat' dir='ltr'>eam</span> <span class='ocrx_word' id='word_1_138' title='bbox 1054 2944 1192 3019; x_wconf 92' lang='lat' dir='ltr'>quoque</span> <span class='ocrx_word' id='word_1_139' title='bbox 1204 2920 1249 2995; x_wconf 91' lang='lat' dir='ltr'>ab</span> <span class='ocrx_word' id='word_1_140' title='bbox 1261 2920 1427 2995; x_wconf 91' lang='lat' dir='ltr'>omnibus</span> <span class='ocrx_word' id='word_1_141' title='bbox 1441 2945 1512 2994; x_wconf 88' lang='lat' dir='ltr'>ma·</span> 
     </span>
     <span class='ocr_line' id='line_1_22' title="bbox 289 3033 1510 3133; baseline -0.001 -24"><span class='ocrx_word' id='word_1_142' title='bbox 289 3036 384 3110; x_wconf 82' lang='lat' dir='ltr'>xime</span> <span class='ocrx_word' id='word_1_143' title='bbox 401 3047 521 3110; x_wconf 87' lang='lat' dir='ltr'>tamen</span> <span class='ocrx_word' id='word_1_144' title='bbox 542 3035 588 3110; x_wconf 87' lang='lat' dir='ltr'>ab</span> <span class='ocrx_word' id='word_1_145' title='bbox 609 3034 785 3133; x_wconf 89' lang='lat' dir='ltr'>oppressis</span> <span class='ocrx_word' id='word_1_146' title='bbox 810 3033 1061 3132; x_wconf 90' lang='lat' dir='ltr'>appellandum</span> <span class='ocrx_word' id='word_1_147' title='bbox 1086 3046 1141 3110; x_wconf 91' lang='lat' dir='ltr'>est</span> <span class='ocrx_word' id='word_1_148' title='bbox 1165 3045 1201 3112; x_wconf 90' lang='lat' dir='ltr'>et</span> <span class='ocrx_word' id='word_1_149' title='bbox 1225 3035 1510 3111; x_wconf 88' lang='lat' dir='ltr'>concurrendum</span> 
     </span>
     <span class='ocr_line' id='line_1_23' title="bbox 290 3146 1510 3246; baseline 0 -25"><span class='ocrx_word' id='word_1_150' title='bbox 290 3147 393 3246; x_wconf 89' lang='lat' dir='ltr'>quasi</span> <span class='ocrx_word' id='word_1_151' title='bbox 402 3148 446 3222; x_wconf 92' lang='lat' dir='ltr'>ad</span> <span class='ocrx_word' id='word_1_152' title='bbox 455 3158 616 3222; x_wconf 89' lang='lat' dir='ltr'>matrem.</span> <span class='ocrx_word' id='word_1_153' title='bbox 625 3147 799 3233; x_wconf 84' lang='lat' dir='ltr'>Quoniam</span> <span class='ocrx_word' id='word_1_154' title='bbox 815 3146 965 3222; x_wconf 88' lang='lat' dir='ltr'>maiores</span> <span class='ocrx_word' id='word_1_155' title='bbox 978 3173 1096 3223; x_wconf 82' lang='lat' dir='ltr'>causae</span> <span class='ocrx_word' id='word_1_156' title='bbox 1108 3149 1267 3225; x_wconf 87' lang='lat' dir='ltr'>ecolesiae</span> <span class='ocrx_word' id='word_1_157' title='bbox 1278 3148 1324 3223; x_wconf 91' lang='lat' dir='ltr'>ab</span> <span class='ocrx_word' id='word_1_158' title='bbox 1337 3173 1377 3224; x_wconf 84' lang='lat' dir='ltr'>ea</span> <span class='ocrx_word' id='word_1_159' title='bbox 1391 3157 1428 3222; x_wconf 90' lang='lat' dir='ltr'>et</span> <span class='ocrx_word' id='word_1_160' title='bbox 1440 3173 1510 3221; x_wconf 89' lang='lat' dir='ltr'>non</span> 
     </span>
     <span class='ocr_line' id='line_1_24' title="bbox 289 3260 1511 3359; baseline -0.003 -22"><span class='ocrx_word' id='word_1_161' title='bbox 289 3262 334 3337; x_wconf 93' lang='lat' dir='ltr'>ab</span> <span class='ocrx_word' id='word_1_162' title='bbox 350 3262 421 3336; x_wconf 87' lang='lat' dir='ltr'>alia</span> <span class='ocrx_word' id='word_1_163' title='bbox 437 3272 523 3337; x_wconf 91' lang='lat' dir='ltr'>sunt</span> <span class='ocrx_word' id='word_1_164' title='bbox 539 3261 781 3336; x_wconf 79' lang='lat' dir='ltr'>terminanda.</span> <span class='ocrx_word' id='word_1_165' title='bbox 798 3261 891 3350; x_wconf 84' lang='lat' dir='ltr'>Quia</span> <span class='ocrx_word' id='word_1_166' title='bbox 909 3260 992 3336; x_wconf 87' lang='lat' dir='ltr'>licet</span> <span class='ocrx_word' id='word_1_167' title='bbox 1010 3261 1049 3335; x_wconf 89' lang='lat' dir='ltr'>iu</span> <span class='ocrx_word' id='word_1_168' title='bbox 1066 3262 1155 3337; x_wconf 88' lang='lat' dir='ltr'>alios</span> <span class='ocrx_word' id='word_1_169' title='bbox 1172 3262 1412 3337; x_wconf 86' lang='lat' dir='ltr'>transferatur</span> <span class='ocrx_word' id='word_1_170' title='bbox 1428 3261 1511 3359; x_wconf 84' lang='lat' dir='ltr'>Epi·</span> 
     </span>
     <span class='ocr_line' id='line_1_25' title="bbox 290 3374 1511 3475; baseline -0.002 -23"><span class='ocrx_word' id='word_1_171' title='bbox 290 3400 422 3475; x_wconf 90' lang='lat' dir='ltr'>scopos‚</span> <span class='ocrx_word' id='word_1_172' title='bbox 438 3377 540 3452; x_wconf 85' lang='lat' dir='ltr'>beato</span> <span class='ocrx_word' id='word_1_173' title='bbox 555 3387 677 3450; x_wconf 89' lang='lat' dir='ltr'>tamen</span> <span class='ocrx_word' id='word_1_174' title='bbox 696 3376 863 3473; x_wconf 86' lang='lat' dir='ltr'>Apostolo</span> <span class='ocrx_word' id='word_1_175' title='bbox 888 3378 992 3449; x_wconf 90' lang='lat' dir='ltr'>Petro</span> <span class='ocrx_word' id='word_1_176' title='bbox 1016 3374 1153 3450; x_wconf 91' lang='lat' dir='ltr'>dictum</span> <span class='ocrx_word' id='word_1_177' title='bbox 1180 3385 1244 3449; x_wconf 89' lang='lat' dir='ltr'>est.</span> <span class='ocrx_word' id='word_1_178' title='bbox 1268 3378 1511 3472; x_wconf 74' lang='lat' dir='ltr'>Quaecumque</span> 
     </span>
     <span class='ocr_line' id='line_1_26' title="bbox 292 3485 1511 3587; baseline -0.003 -23"><span class='ocrx_word' id='word_1_179' title='bbox 292 3491 478 3587; x_wconf 81' lang='lat' dir='ltr'>ligaveris,</span> <span class='ocrx_word' id='word_1_180' title='bbox 494 3500 531 3565; x_wconf 89' lang='lat' dir='ltr'>et</span> <span class='ocrx_word' id='word_1_181' title='bbox 548 3489 694 3587; x_wconf 88' lang='lat' dir='ltr'>reliqua.</span> <span class='ocrx_word' id='word_1_182' title='bbox 711 3492 759 3562; x_wconf 89' lang='lat' dir='ltr'>Et</span> <span class='ocrx_word' id='word_1_183' title='bbox 771 3488 874 3563; x_wconf 86' lang='lat' dir='ltr'>infra.</span> <span class='ocrx_word' id='word_1_184' title='bbox 889 3487 1088 3582; x_wconf 89' lang='lat' dir='ltr'>Privilegia</span> <span class='ocrx_word' id='word_1_185' title='bbox 1100 3511 1180 3585; x_wconf 86' lang='lat' dir='ltr'>quoe</span> <span class='ocrx_word' id='word_1_186' title='bbox 1192 3485 1265 3562; x_wconf 89' lang='lat' dir='ltr'>sola</span> <span class='ocrx_word' id='word_1_187' title='bbox 1278 3486 1365 3562; x_wconf 91' lang='lat' dir='ltr'>huic</span> <span class='ocrx_word' id='word_1_188' title='bbox 1378 3495 1511 3561; x_wconf 84' lang='lat' dir='ltr'>sauctae</span> 
     </span>
     <span class='ocr_line' id='line_1_27' title="bbox 291 3600 1510 3698; baseline -0.004 -19"><span class='ocrx_word' id='word_1_189' title='bbox 291 3604 373 3679; x_wconf 87' lang='lat' dir='ltr'>Sedi</span> <span class='ocrx_word' id='word_1_190' title='bbox 390 3628 558 3680; x_wconf 89' lang='lat' dir='ltr'>concessa</span> <span class='ocrx_word' id='word_1_191' title='bbox 580 3614 665 3677; x_wconf 91' lang='lat' dir='ltr'>sunt</span> <span class='ocrx_word' id='word_1_192' title='bbox 689 3612 726 3678; x_wconf 90' lang='lat' dir='ltr'>et</span> <span class='ocrx_word' id='word_1_193' title='bbox 751 3602 788 3676; x_wconf 89' lang='lat' dir='ltr'>iu</span> <span class='ocrx_word' id='word_1_194' title='bbox 813 3600 1019 3678; x_wconf 87' lang='lat' dir='ltr'>constitutis</span> <span class='ocrx_word' id='word_1_195' title='bbox 1044 3600 1292 3698; x_wconf 89' lang='lat' dir='ltr'>Apostolorum</span> <span class='ocrx_word' id='word_1_196' title='bbox 1317 3622 1510 3698; x_wconf 87' lang='lat' dir='ltr'>eorumque</span> 
     </span>
     <span class='ocr_line' id='line_1_28' title="bbox 290 3712 1512 3816; baseline -0.005 -24"><span class='ocrx_word' id='word_1_197' title='bbox 290 3742 535 3794; x_wconf 86' lang='lat' dir='ltr'>successorum</span> <span class='ocrx_word' id='word_1_198' title='bbox 558 3717 640 3791; x_wconf 88' lang='lat' dir='ltr'>aliis</span> <span class='ocrx_word' id='word_1_199' title='bbox 665 3715 942 3816; x_wconf 87' lang='lat' dir='ltr'>quamplurimis</span> <span class='ocrx_word' id='word_1_200' title='bbox 966 3737 1050 3788; x_wconf 88' lang='lat' dir='ltr'>curn</span> <span class='ocrx_word' id='word_1_201' title='bbox 1075 3714 1127 3789; x_wconf 88' lang='lat' dir='ltr'>eis</span> <span class='ocrx_word' id='word_1_202' title='bbox 1151 3713 1424 3790; x_wconf 77' lang='lat' dir='ltr'>concinentibus</span> <span class='ocrx_word' id='word_1_203' title='bbox 1451 3712 1512 3787; x_wconf 90' lang='lat' dir='ltr'>ha·</span> 
     </span>
     <span class='ocr_line' id='line_1_29' title="bbox 289 3826 1510 3925; baseline -0.004 -19"><span class='ocrx_word' id='word_1_204' title='bbox 289 3832 420 3906; x_wconf 89' lang='lat' dir='ltr'>bentur</span> <span class='ocrx_word' id='word_1_205' title='bbox 449 3831 592 3905; x_wconf 86' lang='lat' dir='ltr'>inserta.</span> <span class='ocrx_word' id='word_1_206' title='bbox 614 3829 811 3925; x_wconf 83' lang='lat' dir='ltr'>Sexaginta</span> <span class='ocrx_word' id='word_1_207' title='bbox 836 3829 932 3903; x_wconf 88' lang='lat' dir='ltr'>enim</span> <span class='ocrx_word' id='word_1_208' title='bbox 958 3828 1117 3925; x_wconf 89' lang='lat' dir='ltr'>Apostoli</span> <span class='ocrx_word' id='word_1_209' title='bbox 1135 3827 1332 3904; x_wconf 89' lang='lat' dir='ltr'>sententias</span> <span class='ocrx_word' id='word_1_210' title='bbox 1354 3826 1510 3924; x_wconf 75' lang='lat' dir='ltr'>praefixe</span> 
     </span>
     <span class='ocr_line' id='line_1_30' title="bbox 291 3940 1508 4039; baseline -0.004 -23"><span class='ocrx_word' id='word_1_211' title='bbox 291 3955 376 4017; x_wconf 91' lang='lat' dir='ltr'>runt</span> <span class='ocrx_word' id='word_1_212' title='bbox 404 3967 487 4017; x_wconf 92' lang='lat' dir='ltr'>cum</span> <span class='ocrx_word' id='word_1_213' title='bbox 515 3941 597 4015; x_wconf 88' lang='lat' dir='ltr'>aliis</span> <span class='ocrx_word' id='word_1_214' title='bbox 625 3940 902 4039; x_wconf 89' lang='lat' dir='ltr'>quamplurimis</span> <span class='ocrx_word' id='word_1_215' title='bbox 932 3941 1117 4038; x_wconf 87' lang='lat' dir='ltr'>Episcopis</span> <span class='ocrx_word' id='word_1_216' title='bbox 1141 3950 1177 4016; x_wconf 88' lang='lat' dir='ltr'>et</span> <span class='ocrx_word' id='word_1_217' title='bbox 1202 3940 1398 4014; x_wconf 87' lang='lat' dir='ltr'>servandas</span> <span class='ocrx_word' id='word_1_218' title='bbox 1427 3963 1508 4014; x_wconf 86' lang='lat' dir='ltr'>oen·</span> 
     </span>
     <span class='ocr_line' id='line_1_31' title="bbox 291 4066 452 4132; baseline 0 -3"><span class='ocrx_word' id='word_1_219' title='bbox 291 4066 452 4132; x_wconf 89' lang='lat' dir='ltr'>suerunt.</span> 
     </span>
    </p>
   </div>
   <div class='ocr_carea' id='block_1_4' title="bbox 879 4196 947 4280">
    <p class='ocr_par' dir='ltr' id='par_1_6' title="bbox 879 4196 947 4280">
     <span class='ocr_line' id='line_1_32' title="bbox 879 4196 947 4280; baseline -0.015 0"><span class='ocrx_word' id='word_1_220' title='bbox 879 4196 947 4280; x_wconf 86' lang='lat' dir='ltr'>LX.</span> 
     </span>
    </p>
   </div>
   <div class='ocr_carea' id='block_1_5' title="bbox 291 4393 1511 4608">
    <p class='ocr_par' dir='ltr' id='par_1_7' title="bbox 291 4393 1511 4608">
     <span class='ocr_line' id='line_1_33' title="bbox 385 4393 1510 4495; baseline -0.004 -22"><span class='ocrx_word' id='word_1_221' title='bbox 385 4397 544 4473; x_wconf 83' lang='lat' dir='ltr'>Calistus</span> <span class='ocrx_word' id='word_1_222' title='bbox 563 4397 861 4495; x_wconf 83' lang='lat' dir='ltr'>Archiepiscopus</span> <span class='ocrx_word' id='word_1_223' title='bbox 879 4393 1038 4469; x_wconf 83' lang='lat' dir='ltr'>Ecclesia</span> <span class='ocrx_word' id='word_1_224' title='bbox 1057 4395 1241 4471; x_wconf 80' lang='lat' dir='ltr'>catholice</span> <span class='ocrx_word' id='word_1_225' title='bbox 1259 4395 1366 4472; x_wconf 88' lang='lat' dir='ltr'>Urbis</span> <span class='ocrx_word' id='word_1_226' title='bbox 1391 4399 1510 4471; x_wconf 75' lang='lat' dir='ltr'>Roma</span> 
     </span>
     <span class='ocr_line' id='line_1_34' title="bbox 291 4509 1511 4608; baseline -0.004 -23"><span class='ocrx_word' id='word_1_227' title='bbox 291 4513 384 4586; x_wconf 88' lang='lat' dir='ltr'>inter</span> <span class='ocrx_word' id='word_1_228' title='bbox 400 4522 529 4586; x_wconf 89' lang='lat' dir='ltr'>cetera.</span> <span class='ocrx_word' id='word_1_229' title='bbox 546 4511 646 4586; x_wconf 91' lang='lat' dir='ltr'>Nulli</span> <span class='ocrx_word' id='word_1_230' title='bbox 664 4510 813 4585; x_wconf 90' lang='lat' dir='ltr'>dubium</span> <span class='ocrx_word' id='word_1_231' title='bbox 830 4509 987 4608; x_wconf 87' lang='lat' dir='ltr'>estquod</span> <span class='ocrx_word' id='word_1_232' title='bbox 1004 4509 1205 4607; x_wconf 83' lang='lat' dir='ltr'>Apostolicu</span> <span class='ocrx_word' id='word_1_233' title='bbox 1220 4509 1380 4586; x_wconf 81' lang='lat' dir='ltr'>Ecclesia</span> <span class='ocrx_word' id='word_1_234' title='bbox 1395 4512 1511 4584; x_wconf 88' lang='lat' dir='ltr'>lllator</span> 
     </span>
    </p>
   </div>
   <div class='ocr_carea' id='block_1_6' title="bbox 0 0 1808 5498">
    <p class='ocr_par' dir='ltr' id='par_1_8' title="bbox 0 0 1808 5498">
     <span class='ocr_line' id='line_1_35' title="bbox 0 0 1808 5498; baseline 0 0"><span class='ocrx_word' id='word_1_235' title='bbox 0 0 1808 5498; x_wconf 95' lang='lat' dir='ltr'> </span> 
     </span>
    </p>
   </div>
  </div>
 </body>
</html>
