3608 5498
714 419 718 423 ·
801 392 995 457 -296-

288 510 448 589 tudinem
468 510 616 595 nimiam
636 523 805 609 gerentes
818 512 1087 611 prospecutione
1100 513 1201 589 uobis
1213 513 1359 605 credita,
1372 515 1456 614 quia
1469 515 1508 590 in

287 625 414 699 umbra
433 624 556 700 mortis
572 625 712 725 aliquas
728 635 857 723 gentes
874 627 911 701 in
938 627 1130 710 Germanie
1156 627 1317 726 partibus
1342 637 1378 705 et
1399 629 1509 730 plaga

286 738 452 813 orientali
463 736 749 815 Rheoitluminis
761 741 909 840 antiquo
921 740 1022 817 hoste
1035 743 1207 818 suadente
1220 767 1351 833 errare,
1359 754 1396 818 ct
1404 743 1509 842 quasi

288 853 355 930 sub
369 852 542 951 religione
552 854 749 932 christiana
756 854 946 955 ydolorum
960 855 1095 932 servire
1107 855 1250 933 culture
1263 857 1511 953 cognovimus,

286 967 426 1066 aliquos
443 991 527 1043 vero
544 967 607 1066 qui
624 993 691 1045 neo
707 967 933 1067 baptismatis
950 969 1046 1047 unda
1062 978 1149 1046 sunt
1165 968 1240 1061 loti,
1253 969 1314 1047 sed
1330 993 1511 1068 compara-

289 1082 384 1158 tione
396 1081 583 1157 brutorum
606 1081 816 1157 animalium
839 1082 973 1180 pagani
986 1083 1156 1159 factorem
1169 1108 1277 1159 suum
1295 1106 1365 1158 uon
1383 1107 1512 1181 cogno·

289 1204 406 1271 scunt.
414 1198 483 1271 Pro
490 1205 723 1294 utrorumque
740 1195 1014 1286 illuminatione,
1024 1195 1070 1271 ad
1080 1195 1346 1294 praedicandum
1356 1210 1460 1273 rectae
1474 1198 1513 1271 fi-

289 1308 347 1384 dei
362 1307 525 1398 verbum,
541 1307 671 1383 harum
689 1308 892 1384 litterarum
910 1310 1114 1410 portitorem
1128 1310 1347 1386 Bonifatium
1362 1311 1511 1387 fratrem

290 1433 327 1500 et
343 1421 585 1521 coepiscopum
600 1433 763 1500 nostrum
777 1424 822 1499 ad
839 1423 978 1500 easdem
994 1433 1113 1523 partes
1124 1423 1282 1521 dirigere
1294 1424 1513 1514 studuimus,

291 1546 333 1613 ut
344 1561 403 1613 ecs
419 1537 464 1612 ad
482 1536 578 1612 viam
597 1535 726 1612 salutis
739 1537 918 1629 informet,
931 1547 968 1613 et
980 1538 1017 1612 in
1032 1536 1099 1612 fide
1112 1536 1287 1614 catholica
1299 1536 1423 1613 doceat
1436 1560 1513 1634 per·

292 1676 446 1729 manere.
458 1656 653 1728 Hortamur
666 1651 783 1749 igitur
795 1652 838 1729 ob
850 1678 1009 1728 amorem
1023 1650 1165 1727 Domini
1175 1650 1286 1725 nostri
1295 1650 1402 1726 Ihesu
1412 1650 1514 1727 Chri-

291 1765 337 1841 sti
351 1775 388 1841 et
401 1752 648 1865 Apostolorum
662 1767 740 1842 eius
758 1767 1007 1856 reverentiam,
1020 1776 1061 1840 ut
1073 1765 1105 1841 ei
1120 1766 1157 1840 iu
1171 1765 1336 1839 omnibus
1348 1765 1511 1841 solaciari

190 1960 193 1969 ,
291 1878 431 1956 nisibus
448 1878 533 1954 totis
549 1879 717 1971 debeatis,
734 1905 887 1979 eumque
905 1880 943 1954 in
968 1879 1112 1955 nomine
1137 1879 1245 1954 lhesu
1269 1877 1404 1954 Christi
1426 1878 1515 1954 reci-

293 1993 410 2093 piatis,
423 1992 606 2092 sicutipse
619 1993 662 2070 de
675 1992 808 2070 talibus
821 1994 883 2069 ait.
896 1993 965 2084 Qui
981 2017 1043 2068 vos
1057 1992 1194 2092 recipit,
1206 2017 1264 2068 me
1281 1991 1417 2090 recipit.
1432 1995 1515 2066 Pro·

292 2106 456 2184 videntes
471 2106 504 2183 ei
522 2133 601 2207 quae
618 2108 820 2185 necessaria
836 2118 934 2198 sunt,
949 2118 986 2184 et
1002 2106 1149 2184 comites
1167 2106 1319 2196 itineris,
1339 2106 1460 2182 eibum
1480 2131 1515 2181 e·

292 2221 379 2297 tiam
396 2247 441 2297 ac
458 2231 591 2321 potum,
606 2221 666 2298 vel
684 2222 715 2297 si
733 2246 802 2321 quo
819 2222 1028 2320 indiguerit,
1045 2230 1087 2295 ut
1102 2246 1187 2297 cum
1204 2242 1245 2295 eo
1262 2220 1408 2318 praemia
1421 2219 1514 2294 labo

293 2336 343 2413 ris
367 2335 446 2413 eius
471 2335 651 2435 percipere
677 2337 899 2427 mereamini,
923 2336 1036 2435 deque
1061 2333 1293 2412 conversione
1314 2333 1514 2410 errantium

294 2475 430 2527 merces
447 2449 547 2525 robis
564 2450 773 2549 acquiratur
790 2450 828 2524 in
845 2451 954 2527 calis.
971 2450 1012 2527 Si
1029 2449 1108 2549 quis
1125 2449 1245 2548 itaque
1262 2449 1350 2525 huic
1366 2448 1410 2524 ad
1436 2448 1516 2523 illu·

294 2561 525 2638 minationem
543 2561 708 2658 gentium
721 2561 767 2636 ab
779 2562 846 2640 hac
858 2563 1052 2665 apostolica
1064 2573 1172 2663 atque
1190 2562 1364 2639 catholica
1384 2563 1446 2639 Dei
1461 2589 1517 2639 ec·

294 2676 404 2754 clesia
428 2674 603 2751 destinato
628 2675 805 2753 auxilium
831 2678 1032 2777 praebuerit,
1056 2677 1242 2754 orantibus
1268 2677 1514 2776 Apostolorum

295 2786 525 2889 Principibus
541 2791 717 2866 consortia
733 2802 939 2867 sanctorum
958 2791 1023 2869 Dei
1041 2817 1252 2868 mereamur.
1271 2791 1309 2864 Si
1327 2790 1408 2890 quis
1432 2816 1517 2866 vero

295 2903 388 3004 quod
403 2927 474 2979 non
491 2912 660 3004 putamus
673 2904 896 2981 adversando
907 2904 986 2981 eius
998 2903 1170 3003 impedire
1182 2913 1333 2979 conatus
1345 2902 1456 2979 fuerit
1468 2902 1518 2977 la·

295 3018 426 3107 borem,
442 3027 506 3092 aut
522 3019 724 3094 contrarius
741 3019 900 3096 extiterit
918 3019 1114 3095 ministerio
1130 3020 1358 3095 anathemate
1383 3019 1517 3117 percel-

296 3133 404 3221 latur,
419 3158 462 3210 ac
480 3143 659 3233 perpetuae
675 3133 893 3209 damnationi
911 3132 981 3208 nisi
995 3132 1105 3229 digne
1118 3132 1311 3230 penituerit
1323 3131 1514 3207 subiaceat.

297 3250 377 3323 Dat.
393 3245 557 3323 kalendis
575 3246 781 3323 Decembris
798 3246 991 3323 indictione
1008 3246 1077 3321 llll
1094 3268 1189 3321 anno
1206 3244 1346 3320 Domini
1365 3244 1414 3320 ill.

850 3413 970 3501 cxxi.

393 3589 568 3666 Iohannes
584 3589 769 3688 episcopus
787 3586 1017 3684 Angelbertae
1033 3584 1265 3685 imperatrici.
1279 3588 1376 3661 Inter
1389 3595 1518 3661 cetera.

299 3705 356 3780 Ad
372 3704 439 3780 hoc
455 3729 579 3803 usqua
597 3703 731 3779 malum
757 3701 874 3780 crevit
897 3711 934 3777 et
956 3700 1196 3776 incrassatum
1217 3708 1283 3788 est,
1300 3708 1342 3774 ut
1365 3698 1519 3773 factione

298 3817 519 3893 Ravennatis
533 3816 811 3915 Arobiepiscopi,
821 3815 1011 3890 Maurinus
1022 3839 1107 3890 eum
1121 3813 1198 3887 suis
1210 3811 1444 3911 complicibus
1456 3811 1519 3910 qui

298 3932 596 4009 excommunicati
611 3941 648 4007 et
659 3930 952 4007 anathematizati
965 3954 986 4002 a
1000 3927 1101 4002 nobis
1114 3927 1185 4001 iam
1200 3936 1297 4015 sunt,
1310 3931 1519 4001 Ravennam

299 4047 560 4143 ingrederetur,
577 4055 613 4121 ct
630 4045 788 4121 fidelium
805 4053 1007 4119 nostrorum
1027 4067 1084 4116 rcs
1101 4067 1184 4117 cum
1210 4041 1263 4117 eis
1285 4039 1449 4115 funditus
1467 4066 1521 4115 ra·

300 4168 400 4258 peret
415 4184 459 4235 ac
471 4159 689 4235 devastaret.
708 4159 847 4234 Adeout
866 4157 989 4234 claves
1006 4155 1165 4232 civitatis
1180 4158 1360 4230 Ravennae
1372 4181 1393 4228 a
1406 4164 1521 4230 resta·

301 4273 409 4347 riario
425 4282 544 4348 nostro
562 4273 736 4349 violenter
755 4270 992 4360 subtraberet,
1009 4280 1045 4346 et
1062 4293 1123 4370 pro
1140 4269 1241 4345 libito
1258 4293 1322 4344 suo
1338 4268 1520 4344 nescimus

300 4387 406 4465 cuius
418 4387 631 4463 auctoritate
644 4387 712 4486 ipsi
725 4386 988 4484 archiepiscopo
1000 4386 1091 4484 quod
1105 4409 1288 4485 nunquam
1305 4384 1421 4460 sactus
1436 4382 1522 4459 luis·

301 4512 357 4580 set
376 4500 542 4579 recolitur
560 4499 772 4604 potestative
789 4501 1008 4581 concederet.
