3608 5498
799 426 844 458 .-
869 391 933 455 355
959 425 999 442 -

864 547 941 631 XX.

708 723 893 798 Excedam
910 735 983 790 cap.
1003 726 1077 779 111.

306 889 310 893 ·
388 861 427 932 Si
446 861 731 960 ovrs’presbyter
743 861 802 936 vel
814 859 985 935 diaconus
996 885 1060 961 per
1070 859 1278 936 secularem
1295 858 1511 955 dignitatem

292 971 480 1047 ecclesiam
495 974 635 1048 Domini
650 973 854 1062 obtinuerit,
867 972 1045 1049 deiciatur
1057 983 1092 1049 et
1104 972 1179 1072 ipse
1192 981 1229 1048 et
1240 971 1420 1048 ordinator
1432 971 1510 1047 eius

292 1111 312 1159 a
331 1088 579 1164 communione
605 1089 717 1163 modis
741 1086 906 1164 omnibus
929 1094 1171 1184 segregentur
1195 1084 1263 1162 sub
1285 1084 1513 1160 anathemate

294 1198 378 1290 sint,
396 1199 491 1277 sicut
508 1203 631 1277 Simon
650 1226 780 1300 magus
796 1226 819 1275 a
835 1203 968 1277 Petro·

854 1369 946 1453 XXI.

601 1523 650 1575 Ex
669 1523 803 1576 concflio
822 1481 1006 1576 sardicensi
1025 1532 1097 1587 cap.
1116 1519 1203 1572 xxi.

386 1654 633 1732 Christianum
648 1681 711 1756 pro
723 1657 899 1734 'catholica
913 1657 981 1733 fide
993 1655 1052 1731 vel
1065 1677 1129 1753 pro
1140 1654 1394 1731 ecclesiasticis
1407 1652 1513 1729 rebus

289 1778 326 1842 et
342 1767 540 1845 christiana
557 1770 730 1867 religione
747 1769 995 1847 tribulationes
1013 1767 1221 1866 patientem,
1233 1767 1329 1843 omni
1343 1767 1473 1842 honore
1490 1790 1513 1838 a

290 1883 530 1959 sacerdotibus
546 1884 802 1976 honorandum,
818 1885 927 1961 ctiam
945 1909 1008 1984 per
1023 1883 1213 1960 diaconum
1226 1882 1347 1958 victus
1360 1882 1393 1958 ei
1407 1880 1513 1960 mini-

290 2005 459 2072 streutur.

847 2097 959 2181 XXII.

607 2318 609 2322 .
677 2245 921 2308 cartaginensis
939 2255 1011 2308 cap.
1030 2241 1128 2293 x1.11.
1505 2290 1510 2300 ,

389 2345 445 2419 Ab
462 2347 738 2444 imperatoribus
755 2343 936 2421 universis
953 2340 1070 2416 visum
1089 2350 1144 2416 est
1168 2339 1421 2438 postulandum
1439 2361 1515 2436 prof

291 2467 370 2554 pter
385 2457 597 2534 afflictiones
609 2484 818 2561 pauperum,
834 2481 984 2558 quorum
1004 2452 1174 2528 molestiis
1192 2453 1269 2528 sine
1285 2450 1515 2527 intermissio

289 2595 336 2645 ne
349 2571 536 2668 fatigatur,
549 2582 590 2646 ut
603 2573 804 2648 defensores
821 2574 873 2648 eis
886 2571 1059 2645 adversus
1073 2568 1248 2668 potentias
1260 2567 1415 2643 divitum
1428 2591 1512 2642 curn

291 2684 533 2784 episcoporum
551 2686 750 2784 provisione
767 2687 989 2784 delegentur.

833 2851 967 2938 XXIII.

706 3007 902 3062 Arelatensis
921 3019 994 3072 cap.
1013 3008 1085 3059 vn.

386 3141 454 3225 Qvi
473 3140 593 3216 fideles
609 3142 653 3215 ad
670 3143 914 3239 praesidiatum
930 3140 1132 3240 prosiliunt,
1145 3141 1196 3216 ita
1212 3137 1359 3241 placuit,
1374 3146 1415 3212 ut
1427 3161 1511 3212 cum

291 3252 439 3345 promoti
456 3251 601 3340 inerint,
618 3251 757 3328 litteras
773 3253 955 3351 accipiant
975 3254 1248 3330 aeclesiasticas
1271 3249 1513 3328 communIoa·

290 3362 410 3451 toriae,
426 3363 476 3438 ita
493 3375 613 3441 tamen
632 3380 673 3440 ut
690 3366 729 3439 in
746 3367 1031 3467 quibuscumque
1048 3367 1137 3443 Iocis
1153 3374 1356 3464 gesserunt,
1372 3363 1418 3438 ab
1442 3363 1515 3460 epi«

292 3500 396 3572 scopo
413 3477 569 3552 eiusdem
585 3477 653 3554 loci
667 3504 755 3554 cura
768 3479 810 3555 de
823 3479 899 3554 illis
911 3491 1055 3577 agatur,
1067 3489 1109 3555 ut
1121 3503 1205 3554 cum
1217 3478 1377 3577 ceperint
1389 3487 1513 3552 contra

291 3589 518 3688 disciplinam
536 3591 716 3690 publicam
733 3616 854 3690 agere,
870 3603 958 3670 tunc
975 3571 1159 3670 demum⁸a
1179 3591 1428 3672 communione
1453 3614 1511 3664 ex·

291 3700 494 3779 eludantur.

825 3821 974 3907 XXIIII.
1095 3901 1096 3905 Ν

505 3999 555 4050 Ex
573 3998 708 4052 coneilio
727 3997 949 4052 Aurelianensi
966 4000 1166 4065 spiseopmn
1184 3998 1296 4050 Lxxi.

387 4152 456 4236 er
475 4175 531 4226 res
548 4151 706 4229 ecelesia
723 4161 851 4251 petunt
867 4177 888 4225 a
906 4151 1053 4248 regibus
1069 4161 1105 4227 et
1121 4150 1294 4227 horrende
1306 4148 1513 4247 cupiditatis

292 4262 451 4360 impulsu
467 4266 651 4359 egentium
671 4265 907 4341 substantiam
930 4264 1085 4362 rapiunt,
1103 4262 1205 4338 irrita
1222 4262 1423 4337 habeantur
1434 4286 1514 4361 qum

291 4375 463 4473 optinent,
479 4385 516 4452 et
531 4402 553 4448 a
569 4377 818 4453 communione
835 4376 1005 4453 aeclesia
1022 4377 1128 4452 cuius
1144 4374 1354 4452 facultatem
1370 4373 1513 4466 auterre

291 4487 444 4585 cupiunt
459 4490 707 4566 excludantur.
1438 4521 1440 4524 ’
