3608 5498
805 391 1004 458 -475-

290 509 391 584 modo
407 517 550 584 creatus
566 508 762 608 Episcopus
778 509 899 599 fuerit,
916 531 987 583 non
1004 510 1120 584 solum
1137 509 1212 608 ipse
1233 511 1295 585 sed
1319 512 1426 587 etiam
1451 515 1515 612 qui

291 623 514 700 consecravit
530 647 611 698 eum
630 625 724 699 iuter
741 626 919 722 episcopos
936 647 1006 698 uon
1024 624 1103 712 erit,
1120 623 1181 698 sed
1202 623 1355 721 pecunia
1372 624 1430 700 vel
1458 651 1513 701 res

289 737 380 812 datae
404 737 681 812 consecrationis
697 763 817 821 causa,
834 738 1071 812 sacrosanctis
1096 736 1267 812 aecclesiis
1291 737 1514 813 addicantur.

291 850 375 924 Sive
395 850 589 947 Episcopus
605 849 682 925 siva
699 850 855 925 clericus
871 851 999 949 estqui
1018 849 1122 924 dedit.
1137 850 1175 923 Si
1196 860 1317 925 autem
1334 851 1397 948 qui
1413 875 1513 928 acce·

291 964 355 1060 pit,
372 986 444 1041 non
461 962 554 1036 solas
580 987 636 1038 res
652 963 806 1054 amittat,
822 965 883 1039 sed
899 963 1008 1038 etiam
1032 962 1186 1059 gradum
1211 972 1318 1061 atque
1342 962 1511 1059 honorem

289 1075 490 1151 clericatus,
509 1076 682 1151 Similiter
698 1088 819 1153 autem
837 1086 873 1152 et
889 1077 920 1150 si
936 1077 1051 1151 laicus
1075 1075 1123 1150 sit
1147 1075 1209 1172 qui
1234 1076 1434 1172 pecuniam,
1450 1076 1511 1151 vel

289 1214 362 1264 rem
374 1189 522 1285 accepit,
535 1199 571 1264 et
583 1190 677 1286 ipsas
689 1191 844 1279 amittat,
856 1200 891 1265 et
903 1190 1002 1264 aliud
1014 1198 1157 1265 tautum
1171 1198 1346 1287 quantum
1360 1190 1511 1288 accepit,

290 1326 380 1399 pone
397 1302 539 1377 nomine
556 1313 690 1378 sanctae
706 1304 877 1380 aecclesiae
893 1312 1063 1403 prestare
1079 1299 1324 1398 compellatur.
1341 1301 1410 1375 Sed
1427 1311 1463 1375 et
1479 1301 1511 1374 si

248 1426 252 1435 ’
289 1414 543 1509 magistratum
560 1425 675 1511 gerat,
683 1426 719 1490 et
734 1417 771 1489 in
782 1416 1035 1512 magistratum
1047 1437 1125 1488 esse
1137 1413 1288 1501 desinet·
1299 1421 1335 1486 et
1347 1413 1453 1486 exilio
1465 1414 1512 1486 ir-

290 1525 482 1600 revocabili
490 1527 817 1626 condempnabitur.
827 1528 866 1603 Si
879 1536 999 1601 autem
1008 1525 1140 1623 aliquis
1150 1524 1342 1622 Presbyter
1354 1535 1418 1599 aut
1430 1525 1512 1598 Dia·

288 1659 400 1711 conus
421 1637 639 1712 constitutus
655 1639 805 1736 pecunia
824 1643 906 1713 data
923 1639 968 1713 ad
993 1639 1216 1736 episcopatus
1240 1637 1375 1734 apicem
1390 1661 1511 1734 perve-

191 1822 193 1827 ,
289 1750 395 1838 uerit,
412 1771 483 1823 non
504 1749 619 1825 solum
645 1752 839 1852 Episcopus
864 1776 940 1827 esse
965 1751 1114 1839 desinet,
1138 1749 1199 1824 sed
1223 1748 1332 1823 etiam
1358 1748 1510 1845 priorem

292 1860 447 1956 gradum
460 1862 661 1960 presbyteri
675 1864 732 1940 vol
746 1866 884 1941 diaconi
894 1867 1046 1940 amittat.
1060 1862 1415 1940 Consecratioautem
1429 1862 1511 1958 Epi-

291 1974 386 2071 scopi
405 1974 468 2048 fiat
483 1996 623 2051 omnem
640 1988 724 2053 aute
740 1979 910 2078 populum
928 1975 1216 2064 christianitatis,
1233 1983 1274 2049 ut
1290 1974 1338 2047 sit
1355 1973 1509 2049 facultas

289 2089 484 2188 unicuique
502 2089 533 2163 si
547 2090 637 2166 velit
652 2094 903 2170 contradicere.
920 2091 1088 2192 Etpasto
1105 2100 1192 2186 post.
1209 2087 1309 2175 Quod
1334 2086 1365 2160 si
1390 2086 1422 2160 is
1446 2086 1509 2184 qui

288 2203 504 2277 contradixit
520 2205 781 2303 calumpniator
798 2207 965 2305 probatus
989 2203 1109 2292 fuerit,
1134 2201 1192 2276 vel
1217 2199 1510 2276 contradictionis

292 2315 467 2390 iudicium
485 2316 692 2408 deseruerit,
709 2327 745 2393 et
762 2320 941 2416 peregerit
970 2342 1127 2404 causam,
1154 2313 1384 2412 prohibeatur
1407 2335 1510 2386 sacra

289 2429 538 2504 communione
551 2430 693 2506 inomni
707 2431 858 2506 vitasua
871 2430 1035 2528 abeoqni
1049 2427 1274 2504 consecravit
1286 2425 1509 2527 Episcopum.

852 2632 951 2718 old.

504 2837 586 2887 Item
605 2848 646 2889 cx
665 2837 721 2890 lib.
742 2835 858 2890 eodem
877 2838 921 2889 VI
940 2847 1013 2902 cap.
1034 2831 1294 2887 ccccxxvm.

385 3001 478 3070 Ante
496 2998 615 3071 omnia
627 2998 718 3073 illud
730 2999 910 3074 observari
924 2998 1107 3073 sancimus
1119 3004 1161 3068 ut
1174 3015 1277 3068 nemo
1289 2993 1355 3067 sub
1368 2999 1511 3089 praesta·

290 3107 384 3182 tione
402 3108 481 3184 auri
499 3109 558 3183 vel
574 3109 724 3186 alterius
741 3112 792 3185 rai
816 3111 1010 3210 Episcopus
1035 3119 1272 3185 consecratur.
1297 3110 1344 3180 Et
1368 3112 1508 3201 propter

288 3219 355 3294 hoc
372 3222 511 3317 quidet
528 3232 563 3297 et
576 3223 638 3319 qui
651 3224 793 3322 accipit,
810 3237 846 3297 ct
863 3225 924 3321 qui
937 3224 1115 3299 'mediator
1130 3222 1250 3295 factus
1266 3229 1331 3308 cst,
1351 3216 1509 3292 sacerdo-

288 3334 337 3407 tio
355 3334 413 3408 vel
426 3335 618 3410 clericatus
629 3336 761 3410 honoro
775 3347 1006 3412 removeatur.
1020 3336 1122 3423 Quod
1135 3345 1255 3408 autem
1267 3355 1330 3431 pro
1342 3357 1384 3407 ea
1397 3357 1507 3408 causa

290 3450 411 3523 datum
431 3459 496 3535 est,
514 3449 567 3522 illi
589 3451 751 3525 ecclesiae
769 3453 991 3537 vendicetur,
1008 3450 1114 3525 cuius
1131 3447 1367 3523 sacerdotium
1385 3447 1508 3523 voluit.

292 3560 330 3634 Si
348 3571 469 3635 autem
487 3560 600 3635 laicus
616 3564 686 3636 orit
701 3563 762 3661 qui
781 3588 843 3661 per
860 3565 954 3639 hanc
971 3588 1117 3638 causam
1135 3561 1272 3660 aliquid
1288 3561 1507 3660 accepitne]

291 3674 462 3749 mediator
479 3674 531 3748 rei
548 3675 665 3750 factus
682 3687 737 3751 est
749 3702 791 3753 ea
807 3701 887 3776 quae
903 3678 985 3752 data
1003 3679 1138 3753 suntin
1153 3678 1301 3778 duplum
1315 3676 1507 3774 plusabeo

291 3787 483 3883 exigantur
500 3787 670 3863 ecclesia
686 3791 1005 3865 vendicandaNou
1019 3791 1133 3865 solum
1146 3802 1266 3867 autem
1280 3816 1322 3867 ea
1334 3814 1413 3889 quae
1425 3790 1508 3864 data

290 3910 376 3975 sunt
393 3900 576 3976 vindicare
594 3901 831 4000 precipimus,
847 3902 909 3978 sed
925 3926 1066 3979 omnem
1083 3904 1286 3979 cautionem
1311 3928 1417 4003 super
1440 3902 1508 3977 hoc

291 4037 514 4112 quocumque
533 4014 633 4088 modo
657 4016 850 4112 expositam
868 4026 905 4091 et
920 4017 1110 4117 pignorum
1136 4017 1388 4113 obligationem
1413 4025 1451 4091 ct
1474 4039 1508 4090 o

291 4153 409 4202 mnem
435 4126 542 4200 aliam
568 4126 864 4225 qualemcumque
889 4129 1064 4203 actionem
1091 4152 1230 4203 cessare
1253 4129 1449 4218 sancimus,
1466 4137 1508 4203 ut

290 4238 351 4313 ille
361 4239 422 4336 qui
434 4238 697 4335 promissionem
711 4242 940 4338 accepit,nou
949 4241 1063 4315 solum
1073 4243 1273 4317 cautionem
1283 4241 1437 4331 reddere,
1446 4241 1507 4316 sed

249 4382 252 4387 ·
291 4361 326 4424 et
343 4351 441 4424 alind
458 4361 599 4425 tautum
617 4363 791 4451 quantum
814 4355 933 4428 cautio
957 4356 1114 4430 continet
1139 4357 1372 4431 conveniatur
1396 4355 1508 4431 eccle·

292 4464 354 4539 siae
370 4464 464 4540 darc.
481 4469 569 4542 Item
589 4488 633 4542 ex
650 4466 741 4544 libro
752 4466 871 4544 eodem
884 4468 1025 4546 constit.
1038 4470 1082 4542 11.
1095 4471 1290 4567 Imperator
1303 4473 1372 4545 leo
1383 4475 1509 4545 Arma·
