3608 5498
798 372 996 438 -360-

288 495 383 569 mala
400 504 520 571 tamen
539 494 697 570 Sodomae
714 493 830 569 noluit
846 493 970 568 audita
987 492 1158 582 iudicare,
1170 493 1380 594 priusquam
1396 493 1509 567 mani·

287 610 379 684 meta
396 619 621 704 agnosceret,
638 633 718 707 quaa
735 606 961 683 dicebantur:
974 607 1076 683 Unde
1092 606 1156 681 ait.¹
1171 607 1396 682 Descendam'
1409 618 1445 682 et
1457 608 1511 680 vi·

286 722 373 798 debo
390 732 513 798 utrum·
530 722 722 799 clamorem
739 721 802 821 qui
820 721 921 796 venit
933 721 978 795 ad
993 747 1048 796 me
1061 745 1163 822 opere
1176 722 1445 816 compleverint,
1457 746 1506 795 an

288 860 359 911 non
377 847 419 911 ut
441 837 565 913 sciam.
591 838 706 914 Cuius
730 835 890 934 exemplo
916 860 1114 924 monemur,
1139 861 1183 911 ne
1200 836 1245 911 ad
1263 831 1509 933 proferendam

289 951 504 1027 sententiam
518 955 680 1050 unquam
691 949 891 1052 praecipites
905 950 1031 1036 simus,
1046 960 1110 1025 aut
1122 959 1255 1024 temere
1266 948 1511 1046 indiligenter-

291 1090 360 1165 que
375 1065 537 1142 discussa
553 1089 693 1165 quoquo
710 1065 810 1141 modo
827 1063 1040 1139 iudicemus.

828 1229 974 1314 XXXII.

298 1475 299 1478 ,
390 1402 581 1481 Vvsebius.
599 1407 652 1481 De
676 1403 828 1480 occultis
850 1402 969 1480 'cordis
985 1399 1096 1477 alieni
1112 1411 1245 1478 temere
1262 1401 1432 1490 iudicare,
1448 1401 1515 1474 ini·

293 1543 404 1618 quum
414 1524 479 1606 est,
491 1526 528 1593 ot
540 1542 622 1592 eum
635 1516 741 1593 ouius
754 1540 825 1591 non
838 1515 1007 1594 videntur
1022 1521 1126 1617 opera
1139 1516 1210 1592 nisi
1223 1518 1314 1593 bona
1326 1526 1513 1615 peccatum

294 1641 360 1724 est,
376 1656 421 1707 ox
437 1629 641 1731 suspicione
659 1629 924 1729 reprehendere.

824 1823 986 1908 XXXIII.

379 2029 421 2080 st
438 2027 552 2081 calisti
573 2027 608 2080 et
624 2026 765 2081 Simecht
782 2028 845 2080 PP.
865 2029 900 2081 et
916 2025 1051 2080 Adriani
1070 2027 1238 2081 decretum
1256 2029 1309 2081 est
1327 2025 1426 2080 istud.

361 2193 362 2196 ’
394 2196 648 2275 Dilectissimis
665 2196 836 2272 fratribus
854 2195 1033 2273 universis
1046 2197 1230 2298 Episcopis
1247 2223 1310 2298 per
1326 2196 1519 2273 orientales

297 2314 500 2416 provincias
516 2312 732 2389 constitutis.
750 2312 984 2388 Marcellinus
1001 2314 1198 2413 episcopus.
1214 2318 1295 2390 Non
1312 2314 1398 2390 licet
1410 2314 1521 2411 impe-

299 2428 408 2504 ratori
422 2426 481 2503 vel
493 2426 660 2525 cuiquam
676 2426 895 2524 impietatem
909 2427 1123 2503 custodienti
1137 2427 1272 2527 aliquid
1289 2437 1412 2503 contra
1429 2426 1520 2501 divi·

298 2542 424 2617 nitatis
440 2541 608 2615 mandata
625 2532 850 2637 presumere,
868 2565 934 2616 nec
959 2532 1152 2639 quiequam
1178 2540 1271 2640 quod
1295 2539 1519 2637 evangelicis

299 2654 584 2755 propheticisque
599 2679 642 2730 ac
660 2653 862 2752 apostolicis
887 2653 1025 2750 regulis
1049 2653 1171 2729 obviat
1195 2678 1314 2751 agere.
1338 2654 1519 2729 Iniustum

300 2771 395 2844 enirn
414 2766 600 2857 iudicium,
612 2775 648 2841 et
659 2765 819 2841 definitio
836 2766 971 2841 iniusta
987 2767 1248 2866 cuiuscumque
1265 2767 1442 2867 Episcopi,
1458 2766 1519 2841 vel

301 2881 400 2978 regis
409 2879 695 2968 metu‚veliussu
705 2905 726 2953 a
736 2879 916 2956 iudicibus
929 2881 1102 2968 ordinata,
1115 2906 1184 2957 non
1199 2882 1412 2958 valeatNec
1422 2881 1521 2979 quic-

269 3015 275 3024 ·
302 3020 408 3095 quam
426 2994 517 3093 quod
535 3003 658 3070 contra
676 2993 897 3089 evangelice
913 3004 977 3069 aut
993 2993 1206 3094 propheticae
1231 3004 1294 3069 aut
1318 2994 1521 3091 apostolica

301 3108 461 3184 doctrine
478 3107 769 3182 constitutionem
787 3106 863 3180 sivo
880 3116 1086 3184 sanctorum
1100 3115 1243 3204 patrum
1260 3118 1382 3183 actum
1400 3106 1522 3196 fuerit,

303 3223 421 3299 stabit.
438 3226 485 3297 Et
501 3223 593 3320 quod
609 3221 654 3296 ab
670 3219 875 3296 infidelibus
899 3230 964 3296 aut
987 3221 1156 3296 hereticis
1181 3221 1319 3296 factum
1344 3220 1465 3307 luerit,
1487 3243 1522 3294 o

303 3336 426 3412 mnino
442 3334 651 3413 cassabitur.

821 3479 1002 3563 XXXIHI.

399 3677 594 3755 Marcellus
610 3678 796 3776 episcopus
808 3687 942 3754 sanctae
954 3675 1139 3753 catholiam
1156 3676 1326 3754 aecclesiae
1343 3677 1442 3753 urbis
1459 3681 1526 3751 Ro·

306 3817 384 3867 mae.
392 3789 581 3867 Maxentio.
590 3791 679 3865 Boni
693 3790 915 3891 principisac
926 3791 1085 3888 religiosi
1098 3802 1153 3867 est
1166 3790 1346 3867 aecclesias
1353 3790 1527 3867 constitu·

306 3913 363 3979 tas
374 3913 481 4004 atque
498 3905 695 3980 conscissas
708 3914 921 3995 restaurare,
934 3929 1114 4004 novasque
1131 3905 1332 3993 hedificare,
1345 3915 1380 3983 et
1394 3906 1457 3981 Dei
1472 3931 1528 3988 sa·

307 4019 465 4095 cerdotes
481 4019 653 4093 honorare
669 4029 776 4116 atque
788 4017 892 4094 tueri.
905 4019 1008 4095 Unde
1021 4021 1171 4094 Sanctos
1190 4018 1373 4117 Apostolos
1390 4043 1529 4094 eorum·

309 4155 376 4230 que
398 4155 621 4206 successores
638 4131 703 4206 sub
721 4129 843 4205 divina
861 4131 1117 4207 contestatione
1135 4132 1342 4230 praecepisse
1360 4130 1529 4227 legimus,

310 4268 381 4319 non
394 4243 519 4320 debere
533 4245 607 4320 fieri
622 4245 971 4345 persecutionesnec
985 4245 1111 4319 inferri
1124 4244 1386 4335 fluctuationes,
1397 4270 1464 4319 nec
1476 4245 1532 4318 in·

312 4357 433 4432 videre
450 4356 695 4435 laborantibus
710 4359 748 4435 in
766 4357 942 4435 dominico
958 4381 1058 4457 agro,
1072 4384 1141 4436 nec
1154 4358 1283 4458 expelli
1297 4358 1419 4435 aeterni
1433 4359 1533 4456 regis

313 4471 582 4571 dispensatores.
1449 4489 1452 4495 ’
