3608 5498
803 435 997 499 -304-

287 578 364 630 osse
381 564 521 631 certum
541 567 596 632 est
613 555 700 655 quin
718 556 826 632 etiam
844 556 1014 630 diurnum
1033 578 1191 631 essenon
1210 555 1308 632 solet.
1322 559 1362 631 lu
1381 559 1512 660 princi·

288 668 345 766 pio
362 671 500 760 vernat,
517 670 555 743 in
576 694 742 768 processu
762 679 946 768 tamquam
965 669 1125 745 fosculus
1142 670 1337 769 dissipatur
1353 682 1389 748 et
1405 672 1510 759 solvi-

286 791 357 856 tur.
378 783 479 870 Quod
495 793 619 858 autem
635 808 763 859 verum
780 807 824 858 ac
841 783 1034 872 sincerum,
1051 775 1124 856 alta
1142 782 1317 858 landatur
1332 785 1461 861 radice.
1480 788 1512 859 I·

288 895 368 971 dem
387 896 424 969 in
441 898 573 972 eodem.
590 901 693 974 Tunc
717 924 781 972 vas
801 897 969 973 dominici
987 897 1179 995 sanguinis
1196 922 1352 996 agnosco
1369 924 1453 974 oum
1472 900 1510 974 in

288 1018 438 1109 utroque
456 1010 577 1086 videro
599 1012 889 1110 redemptionem,
908 1021 950 1086 ut
971 1013 1067 1088 calix
1082 1011 1127 1086 ab
1144 1021 1219 1088 oste
1244 1013 1406 1104 redimat,
1422 1036 1512 1111 quos

288 1125 440 1221 sanguis
464 1151 486 1200 a
511 1135 656 1224 peccato
681 1126 839 1201 redemit.
857 1129 972 1214 Quam
998 1125 1177 1222 pulcrum,
1198 1135 1241 1200 ut
1259 1117 1346 1200 cum
1360 1127 1511 1222 agmina

290 1239 527 1338 captivorum,
550 1239 595 1315 ab
612 1240 765 1316 ecelesia
787 1239 1023 1329 redimuntur,
1039 1238 1147 1328 dieat,
1163 1238 1230 1314 hoo
1248 1230 1431 1314 Christum
1458 1264 1512 1314 re·

289 1352 409 1427 demit.
427 1356 521 1428 Ecce
546 1378 676 1428 aurum
707 1354 799 1451 qnod
829 1352 968 1452 probari
995 1361 1118 1450 potest.
1136 1356 1229 1428 Ecce
1253 1375 1382 1426 aarum
1412 1352 1511 1426 utile.

291 1468 385 1542 Ecce
410 1491 539 1541 aurum
559 1467 695 1543 Christi
721 1468 852 1565 quoda
875 1475 987 1540 morte
1013 1463 1150 1540 liberat.
1168 1467 1262 1539 Ecce
1287 1489 1416 1538 aurum
1442 1486 1512 1563 quo

291 1580 480 1655 redimitur
498 1581 683 1679 pudicitia,
700 1589 867 1656 servatur
888 1579 1046 1657 castitas.
1066 1585 1232 1676 Agnosco
1248 1579 1409 1654 inlusum
1425 1601 1513 1654 auro

290 1694 507 1791 sauguinem
535 1694 683 1786 Christi,
701 1718 771 1769 non
790 1694 904 1770 solum
923 1695 1135 1784 irrutilasse,
1152 1719 1279 1770 verum
1298 1695 1407 1769 etiam
1424 1693 1513 1768 divi·

290 1833 346 1882 nae
362 1809 575 1907 operationis
592 1808 813 1908 impressisse
830 1809 1003 1886 virtutem
1023 1809 1274 1907 redemptionis
1293 1834 1452 1885 munere.
1466 1812 1513 1883 Et

290 1930 418 1997 cetera.

823 2065 975 2152 CXXXI.
1007 2075 1008 2079 '

386 2271 536 2366 Prosper
553 2268 588 2340 in
609 2268 697 2344 libro
714 2268 756 2342 de
775 2267 850 2342 vita
868 2265 1091 2341 clericorum.
1104 2265 1204 2353 Quod
1221 2265 1330 2341 habet
1346 2265 1512 2352 ecclesia,

294 2407 377 2456 eum
403 2383 569 2457 omuibus
599 2380 882 2457 nihilabeutibus
914 2369 1115 2455 commune
1138 2379 1255 2468 habet,
1285 2404 1352 2454 neo
1377 2378 1515 2476 aliquid

294 2496 376 2570 iude
394 2497 447 2571 eis
465 2498 557 2594 quod
574 2497 617 2571 de
635 2521 698 2570 suo
719 2496 905 2572 sufficiunt
925 2493 1029 2568 debet
1055 2517 1214 2590 erogare,
1235 2493 1377 2591 quando
1403 2490 1515 2567 nichil

290 2611 339 2683 sit
364 2609 462 2685 aliud
487 2609 703 2686 habentibus
733 2611 816 2685 dare
846 2633 953 2708 quam
984 2598 1139 2705 perdere.
1156 2606 1214 2681 Illi
1244 2617 1330 2682 ve'ro
1358 2606 1419 2705 qui
1449 2630 1515 2680 sua

257 2768 262 2777 ·
290 2722 508 2819 possidentes
524 2723 610 2798 dare
627 2722 694 2797 sibi
712 2722 848 2821 aliquid
867 2720 1079 2797 deecclesia
1101 2720 1240 2810 volunt,
1260 2743 1328 2794 non
1356 2721 1433 2796 sine
1450 2743 1515 2794 suo

288 2836 418 2931 grandi
433 2847 577 2935 peccato
589 2837 682 2911 unde
692 2861 826 2935 pauper
839 2835 1006 2911 victurus
1020 2843 1098 2908 erat
1110 2832 1304 2932 accipiunt.
1314 2835 1418 2908 Siout
1431 2857 1516 2908 vero

288 2972 358 3021 uon
375 2948 546 3024 habentes
559 2951 708 3051 propria,
724 2973 795 3024 non
813 2956 970 3049 peccata,
987 2947 1048 3023 sed
1065 2945 1247 3037 alimenta,
1269 2945 1400 3045 quibus
1425 2946 1516 3020 iudi-

287 3086 373 3157 gere
390 3061 569 3153 videntur,
585 3063 780 3161 accipiunt,
797 3063 848 3135 ita
861 3084 1081 3158 possessores
1098 3059 1155 3134 sui
1172 3083 1241 3134 non
1256 3059 1427 3135 alimenta
1440 3059 1517 3158 qui·

288 3176 355 3249 bus
376 3176 570 3266 abundant,
588 3176 648 3250 sed
666 3175 784 3250 aliena
802 3185 950 3273 peccata
975 3171 1188 3271 suscipiunt.
1206 3173 1303 3248 Idem
1330 3173 1368 3246 in
1385 3173 1516 3248 eodem.

289 3293 368 3366 Nou
386 3290 458 3366 levi
475 3289 689 3366 detrimento
705 3290 845 3364 firietur
861 3286 940 3388 (sic)
959 3285 1020 3385 qui
1040 3310 1123 3360 oum
1138 3285 1186 3359 sit
1203 3286 1282 3359 sani
1300 3286 1517 3385 corporisne

293 3403 508 3496 robustibus‚
524 3405 615 3502 stipe
641 3411 865 3478 sustentatur
890 3402 1019 3492 aliena,
1036 3426 1114 3501 quae
1136 3401 1230 3476 iuste
1256 3401 1370 3478 solum
1388 3413 1444 3477 est
1460 3401 1518 3476 de-

291 3516 423 3592 bilibus
435 3517 619 3608 attributa,
633 3541 717 3592 cum
730 3515 855 3614 utique
868 3515 1067 3591 secundum
1082 3514 1289 3613 Apostolum
1303 3515 1428 3592 debeat
1443 3540 1516 3589 ma·

293 3629 399 3704 nibus
416 3629 492 3704 siris
508 3628 704 3706 cotidianos
721 3627 842 3705 vietus
859 3628 1050 3728 inquirere.

846 3795 1019 3881 CXXXII.

386 3967 566 4044 Possidius
582 3967 768 4069 episcopus
785 3967 822 4042 in
836 3968 912 4041 vita
927 3967 1042 4043 sancti
1059 3966 1267 4064 Augustini.
1286 3967 1518 4064 Augustinus

290 4081 475 4182 episcopus
492 4091 746 4157 testamentum
766 4081 906 4156 nullum
921 4081 1017 4172 feeit,
1030 4083 1114 4180 quia
1129 4082 1222 4156 unde
1236 4081 1370 4157 faceret
1383 4106 1518 4181 pauper

290 4197 357 4270 Dei
375 4220 442 4270 non
463 4196 598 4273 habuit.
615 4196 789 4272 Ecclesiae
802 4195 1068 4295 bybliothecam
1083 4218 1276 4293 omnesque
1289 4196 1428 4271 codices
1440 4195 1521 4270 dili-

291 4317 420 4402 genter
436 4308 586 4406 posteris
603 4307 849 4384 custodiendos
866 4332 1006 4406 semper
1024 4306 1177 4384 iubebat.
1195 4308 1232 4380 Si
1251 4309 1338 4407 qnid
1355 4332 1440 4384 vero
1465 4332 1521 4383 ec·

292 4420 400 4495 clesia
421 4420 479 4496 vel
496 4420 533 4494 in
546 4420 749 4519 sumptibus
762 4421 818 4496 vel
833 4421 871 4495 in
883 4422 1104 4496 ornamentis
1116 4419 1253 4512 habuit,
1271 4421 1350 4496 fidei
1369 4421 1518 4520 presby·

290 4534 358 4608 teri
375 4534 436 4632 qui
454 4533 522 4609 sub
533 4535 654 4609 eodem
667 4535 794 4610 domus
806 4533 977 4612 aeoolesiae
990 4558 1114 4609 euram
1127 4528 1287 4631 gerebat.
1303 4537 1438 4610 Domus
1452 4559 1520 4609 aeo-
