3608 5498
818 386 1017 449 -439-

308 509 409 597 Quod
426 506 569 605 quidem
586 506 699 581 nostri
712 504 912 605 presbyteri
932 513 969 579 et
989 503 1129 579 diaconi
1150 526 1297 580 monere
1317 502 1530 592 debuerunt,

308 632 349 697 ut
378 621 643 697 commendatas
671 618 740 693 sibi
764 642 849 694 oves
872 618 918 692 ad
943 618 1041 692 viam
1066 618 1296 716 deprecanda
1320 616 1449 693 salutis
1473 618 1528 692 in·

306 743 497 811 struerent.

840 839 1004 925 nxvlu.

612 1034 705 1089 Idem
723 1037 756 1089 tn
775 1034 917 1103 epistola
934 1034 979 1089 ad
997 1035 1209 1101 stephanum.

391 1192 431 1266 Si
440 1191 503 1290 qui
511 1191 711 1290 presbyteri
722 1189 781 1266 vel
789 1189 940 1281 diaconi,
949 1189 1008 1266 vel
1018 1190 1056 1264 in
1066 1189 1228 1265 aecclesia
1236 1188 1414 1266 catholica
1424 1191 1526 1290 prius

303 1305 455 1381 ordinati
473 1305 619 1394 fuerint,
631 1314 667 1381 et
679 1304 901 1402 postmodum
914 1305 1070 1404 perfidiae
1083 1303 1230 1380 rebelles
1242 1304 1428 1380 extiterint
1444 1329 1526 1381 con·

302 1430 358 1494 tra
371 1419 569 1496 aecclesiam
583 1419 640 1495 vel
653 1417 1289 1517 apudhaereticcsapseudoepiscopis
1302 1428 1338 1493 et
1349 1418 1523 1494 antichri-

302 1533 349 1607 sti
366 1543 491 1608 contra
508 1532 645 1609 Christi
662 1532 924 1631 dispositionem
945 1531 1126 1631 prophana
1139 1530 1360 1606 ordinatione
1373 1530 1525 1628 promoti

301 1657 397 1734 sunt,
421 1657 458 1722 et
482 1657 607 1722 contra
632 1645 746 1721 altare
772 1670 884 1720 unum
910 1655 1019 1742 atque
1044 1644 1207 1719 divinum
1233 1644 1411 1719 sacrificia
1436 1645 1524 1719 foris

301 1758 392 1832 falsa
409 1768 445 1834 et
461 1759 640 1855 sacrilega
656 1759 781 1834 offerre
798 1756 916 1834 conati
933 1767 1029 1846 sunt,
1046 1780 1105 1832 eos
1118 1779 1257 1854 quoque
1270 1756 1338 1832 hac
1350 1756 1525 1833 condicio·

301 1897 345 1948 ne
363 1873 497 1971 suscipi
519 1898 603 1948 cum
629 1879 873 1960 revertuntur,
897 1880 939 1945 ut
963 1870 1230 1946 communicent
1254 1869 1350 1959 laici,
1374 1881 1411 1946 et
1434 1870 1524 1945 satis

300 1986 455 2062 habeant
467 1986 561 2085 quod
572 1986 813 2061 admittuntur
825 1985 870 2059 ad
882 2009 1005 2084 pacem
1018 1984 1080 2083 qui
1097 1983 1206 2059 bostis
1219 1985 1317 2082 pacis
1330 1983 1524 2059 extiterint.

299 2102 376 2175 Nec
393 2100 518 2176 debere
535 2122 594 2175 eos
611 2109 833 2175 revertentes
850 2124 892 2174 ea
904 2100 998 2198 apud
1011 2123 1075 2174 nos
1086 2098 1319 2174 ordinationis
1332 2110 1368 2175 et
1380 2099 1523 2174 honoris

300 2238 400 2287 arma
419 2213 583 2303 retinere,
600 2213 730 2312 quibus
747 2225 871 2289 contra
889 2237 953 2288 nos
970 2212 1233 2290 rebellaverint.
1250 2216 1297 2288 Et
1314 2213 1522 2313 paulopost.

298 2327 390 2415 Quia
407 2336 443 2401 et
459 2327 489 2401 si
503 2326 570 2425 ipsi
585 2327 807 2426 postmodum
820 2329 864 2402 ad
878 2327 1075 2404 aecclesiam
1091 2326 1252 2414 redeunt,
1265 2325 1453 2401 restituere
1471 2335 1523 2400 te-

298 2465 378 2514 men
397 2464 456 2514 eos
472 2465 577 2516 secus
589 2463 659 2515 nou
674 2463 783 2538 posse,
801 2440 862 2538 qui
879 2441 924 2516 ab
937 2441 990 2516 eis
1003 2440 1151 2531 seducti,
1164 2449 1199 2516 et
1212 2439 1298 2514 foris
1311 2449 1422 2516 morte
1435 2464 1523 2539 prae-

296 2553 407 2644 venti,
423 2563 459 2629 et
476 2564 575 2629 extra
592 2554 789 2630 aeclesiam
807 2555 885 2630 sinc
902 2553 1224 2631 communicatione
1241 2565 1278 2630 et
1299 2579 1385 2653 pace
1411 2555 1522 2652 perie-

296 2677 392 2758 runt,
409 2690 559 2765 quorum
576 2668 705 2743 animo
722 2667 760 2740 in
778 2669 834 2743 die
853 2668 978 2744 iudicii
996 2670 1038 2744 de
1056 2667 1213 2767 ipsorum
1231 2668 1398 2743 manibus
1418 2693 1520 2767 expe·

295 2790 439 2856 otentur
456 2782 517 2880 qui
535 2781 743 2880 perditionis
759 2793 923 2858 auctores
940 2792 976 2858 et
989 2783 1098 2859 duces
1111 2783 1317 2858 extiterunt.
1330 2787 1377 2858 Et
1389 2783 1521 2860 iccirco

294 2894 382 2968 satis
399 2905 454 2970 est
471 2895 604 2970 talibus
621 2896 868 2971 reverentibus
883 2897 981 2971 viam
998 2897 1087 2986 dari,
1114 2920 1182 2971 uon
1209 2906 1329 2972 tamen
1353 2897 1457 2972 debet
1480 2899 1520 2972 in

294 3010 396 3082 domo
413 3009 492 3084 fidei
511 3009 656 3110 perfidia
674 3010 882 3107 promoveri.
895 3014 988 3084 Nam
1002 3010 1094 3108 quod
1107 3009 1208 3084 bonis
1220 3019 1256 3085 et
1269 3010 1519 3086 innocentibus

294 3131 401 3220 atque
418 3122 462 3197 ab
479 3121 640 3199 aecclesia
658 3144 727 3197 uon
747 3123 994 3200 recedentibus
1010 3148 1210 3214 servamus,
1226 3124 1259 3198 si
1275 3147 1334 3199 eos
1345 3123 1442 3224 quia
1458 3148 1518 3200 no

293 3233 348 3310 bis
365 3235 588 3327 recesserint,
604 3236 827 3312 honoramus.
940 3251 944 3256 '

819 3427 995 3514 onvun.
1060 3385 1067 3391 ’
1120 3423 1121 3426 ψ

358 3636 407 3688 Ex
425 3634 509 3688 libro
529 3633 692 3688 Ambrosii
710 3632 753 3687 'de
771 3632 907 3698 regibus
926 3632 1030 3698 gestis
1050 3634 1083 3685 ln
1100 3632 1284 3688 Mediolana
1302 3635 1449 3690 ecclesio.

387 3806 643 3882 Convenerunt
660 3829 716 3880 me
732 3803 911 3904 principes
927 3803 1119 3897 virtutum,
1132 3806 1281 3883 comites
1293 3807 1517 3884 consistoria·

291 3921 341 4010 ni,
358 3931 399 3996 ut
415 3920 601 3995 basilicam
619 3919 794 3997 traderem
814 3917 988 4008 Arrianis,
1004 3929 1041 3995 et
1057 3943 1284 4018 procurarem
1299 3921 1443 4020 nequid
1460 3947 1517 4021 po

290 4032 397 4132 pulus
409 4033 598 4108 turbarum
611 4042 777 4109 moveret.
791 4032 965 4131 Respondi
978 4034 1072 4132 quod
1084 4043 1162 4111 erat
1172 4035 1316 4110 ordinis.
1326 4035 1516 4136 Templum

289 4147 353 4222 Dei
371 4172 391 4219 a
410 4145 590 4221 sacerdote
607 4146 700 4221 tradi
718 4169 788 4220 nou
806 4168 916 4243 posse.
930 4147 1182 4224 Acclamatum
1195 4157 1259 4224 est.
1273 4149 1443 4247 Sequenti
1457 4150 1515 4227 die

289 4261 327 4335 in
353 4260 514 4338 eccclesia
539 4259 648 4336 etiam
674 4261 864 4359 praefectus
885 4262 1064 4337 convenit.
1082 4262 1196 4359 Caepit
1212 4262 1361 4340 suadere
1379 4273 1421 4338 ut
1437 4288 1515 4363 por·

289 4375 408 4451 cinam
427 4374 610 4450 basilicam
629 4375 802 4451 cederem.
819 4375 979 4473 Populus
996 4375 1216 4452 reclamavit.
1241 4380 1296 4451 Ita
1321 4387 1442 4453 tamen
1465 4376 1516 4453 di·

289 4514 448 4567 scessum
466 4499 532 4582 est,
548 4499 590 4566 ut
606 4489 860 4566 intimaturum
877 4514 917 4566 se
933 4489 1144 4587 Imperatori
1168 4488 1319 4574 diceret.
1337 4494 1385 4567 Et
1409 4490 1514 4566 infra.
