3608 5498
809 429 1004 492 -159-

290 548 409 623 dinem
427 571 490 646 per
506 549 728 625 Crueihxnm
748 551 872 625 mundi
891 550 1126 642 Salvatorem,
1149 563 1190 627 ut
1207 554 1245 626 in
1268 554 1426 651 epistolis
1444 556 1517 631 tuis

291 661 523 738 dicendarum
542 689 604 738 seu
623 664 853 739 tacendarum
872 663 1110 763 hypostaseon
1124 669 1228 744 det-ur
1248 670 1454 760 auotoritas,
1472 672 1518 745 si·

291 774 367 850 mul
384 776 493 851 etiam
511 777 571 853 oui
588 777 682 875 apud
701 774 929 853 Antiochiam
946 780 1092 856 debeam
1110 782 1374 859 communicare
1400 784 1515 880 signi-

293 890 387 967 fioes

791 1096 1008 1182 ooxxvffl.

599 1300 690 1354 Idem
707 1302 740 1353 in
757 1300 842 1353 libro
862 1300 1037 1356 illustrium
1055 1304 1204 1356 virorum.

387 1464 526 1536 Psrsvs
544 1462 734 1561 Apostolus
750 1465 802 1537 ΙΙ0
821 1462 963 1538 Claudii
981 1489 1075 1539 anno
1092 1466 1136 1539 ad
1153 1465 1433 1563 expugnandum
1450 1470 1518 1565 Sy·

293 1597 432 1649 monem
452 1599 599 1672 magum
617 1579 765 1651 Romam
781 1575 894 1657 venit.
912 1580 1035 1678 Ibique
1052 1583 1160 1653 XXV
1178 1579 1282 1654 annis
1301 1580 1516 1656 Cathedram

292 1689 553 1765 Sacerdotalem
571 1692 699 1781 tenuit,
717 1719 830 1792 usque
846 1697 890 1771 ad
907 1695 1089 1782 ultimum,
1113 1693 1206 1768 idest
1229 1696 1336 1767 XIIII
1361 1694 1516 1769 Neronis

292 1828 440 1892 annum,
453 1829 474 1878 a
488 1829 558 1903 quo
574 1816 610 1880 et
627 1807 822 1883 crucifixus
834 1818 890 1884 est
902 1810 1018 1908 eapite
1032 1809 1076 1882 ad
1091 1817 1223 1881 terram
1242 1833 1356 1898 verso,
1370 1808 1517 1906 pedibus

290 1917 329 1990 in
345 1917 498 1993 sublime
516 1918 677 2009 elevatis,
694 1946 858 1997 asserens
876 1948 914 1999 se
927 1923 1130 2018 indignum,
1144 1921 1207 2020 qui
1220 1922 1273 1998 sio
1290 1923 1519 2018 crucifigere·

289 2038 350 2104 tur
366 2041 407 2106 ut
425 2032 599 2106 Dominus
615 2060 711 2108 suus.
730 2037 900 2133 Sepultus
918 2048 972 2112 est
990 2037 1028 2109 in
1047 2035 1233 2110 Vaticano.
1260 2034 1396 2109 Paulus
1424 2041 1515 2133 Apo·

289 2143 401 2219 stolus
417 2170 438 2219 a
456 2145 582 2242 Sergio
600 2146 724 2236 Panlo,
738 2148 816 2223 ideo
828 2151 921 2245 quod
933 2175 1015 2225 eum
1030 2148 1111 2223 fidei
1126 2147 1261 2223 Christi
1275 2148 1429 2244 subegit,
1444 2172 1515 2222 sor-

287 2257 378 2332 titus
393 2268 448 2334 est
464 2282 602 2349 nomen,
619 2271 656 2336 et
668 2261 790 2337 iuncto
803 2263 870 2336 sibi
885 2260 1060 2349 Bernaba,
1075 2258 1208 2333 multas
1222 2259 1329 2334 urbes
1346 2284 1515 2357 peragra-

289 2369 355 2459 vit,
373 2381 625 2471 revertensque
643 2374 912 2450 Hierosolimam
932 2400 954 2447 a
973 2377 1078 2448 Petro
1103 2383 1139 2447 et
1157 2371 1282 2448 Iacobo
1299 2382 1335 2447 et
1359 2372 1517 2448 Iohanne

288 2486 454 2581 gentium
473 2487 662 2584 Apostolus
679 2489 874 2563 ordinatur.
892 2487 963 2563 Hic
979 2495 1100 2561 autern
1119 2495 1197 2583 post
1221 2487 1423 2583 passionem
1451 2489 1518 2560 Do·

288 2599 378 2672 mini
396 2601 503 2676 XXV
520 2625 613 2676 anno
630 2602 720 2677 idest
737 2606 771 2676 II
789 2601 941 2678 Neronis
959 2604 1106 2675 Romam
1125 2599 1272 2674 uinctus
1294 2609 1349 2673 est
1375 2599 1518 2673 missus.

290 2717 337 2788 Et
352 2713 412 2790 hio
428 2739 516 2812 ergo
532 2702 637 2790 XIIII
655 2717 808 2792 Neronis
825 2739 931 2803 anno,
948 2714 1068 2790 eodem
1087 2712 1143 2787 die
1161 2736 1230 2811 quo
1246 2723 1281 2787 et
1304 2716 1435 2787 Petrus
1452 2715 1519 2787 Ro·

291 2853 358 2902 mae
374 2829 490 2926 eapite
508 2838 698 2904 truncatus
710 2839 774 2904 est.
789 2830 1030 2928 Sepultusque
1045 2837 1099 2904 est
1113 2829 1150 2902 in
1164 2828 1224 2902 via
1239 2827 1405 2916 Ostiensi,
1418 2849 1513 2901 anno

289 2952 368 3040 post
384 2943 581 3040 passionem
600 2942 740 3017 Domini
758 2945 885 3018 XXX⁰
904 2945 1000 3018 VII⁰.
1017 2943 1115 3017 Idem
1136 2942 1173 3016 in
1199 2942 1330 3016 eodem.
1349 2941 1516 3039 Polycar-

289 3082 358 3156 pus
374 3057 542 3132 Iohannis
559 3056 716 3155 Apostoli
734 3056 935 3155 discipulus
953 3068 989 3133 et
1006 3057 1051 3131 ab
1067 3056 1188 3131 eodem
1204 3057 1356 3130 Smirnae
1374 3054 1519 3152 Episco-

291 3196 358 3269 pus
375 3172 570 3261 0rdinatus,
587 3170 696 3246 totius
716 3172 811 3246 Asiae
828 3172 995 3270 princeps
1013 3169 1094 3257 fuit,
1107 3168 1236 3267 quippe
1249 3168 1312 3266 qui
1326 3165 1517 3241 nonnullos

292 3284 541 3382 Apostolorum
563 3293 599 3359 et
616 3307 675 3359 eos
700 3283 762 3382 qui
780 3283 973 3378 Dominum
995 3283 1159 3357 viderant
1181 3280 1371 3376 magistros
1388 3277 1520 3354 habue-

293 3400 351 3488 rit,
366 3399 427 3475 hio
443 3407 584 3497 propter
597 3397 770 3495 quasdam
785 3422 892 3495 super
906 3397 963 3471 die
976 3394 1125 3472 Pasohae
1139 3394 1353 3493 questiones,
1365 3392 1432 3467 snb
1449 3396 1519 3466 Im·

291 3522 450 3611 peratore
476 3510 657 3586 Antonino
682 3510 756 3599 Pio,
780 3509 970 3585 ecelesiam
995 3509 1033 3582 in
1059 3508 1154 3584 Urbe
1185 3516 1333 3604 regente
1359 3505 1517 3595 Anieit0,

292 3630 439 3701 Romam
458 3624 567 3700 venit.

784 3852 1019 3936 ooxxvssss.

389 4079 539 4155 Beda'in
557 4081 628 4153 IlII
645 4078 735 4153 libro
750 4076 913 4175 hystorie
933 4076 1145 4172 Anglorum.
1163 4077 1339 4148 Intererat
1356 4071 1442 4147 huic
1456 4097 1516 4171 sy-

293 4193 394 4281 nodo,
411 4193 612 4292 partimque
628 4190 811 4267 catholicae
829 4189 909 4264 fidei
927 4189 1069 4264 decreta
1087 4186 1262 4276 firmabat,
1288 4184 1345 4258 vir
1370 4209 1519 4260 venera-

294 4307 377 4383 bilis
395 4307 570 4382 Iohannes
589 4305 826 4381 Archieantor
842 4301 1005 4379 ecolesiae
1027 4301 1151 4376 Sancti
1178 4298 1336 4398 Apostoli
1361 4298 1459 4373 Petri
1486 4307 1521 4372 et

296 4420 415 4496 Abbas
434 4421 641 4495 monasterii
657 4419 752 4493 beati
771 4414 947 4514 Martyni,
972 4413 1033 4512 qui
1058 4437 1172 4510 nuper
1190 4421 1340 4487 venerat
1363 4437 1385 4485 a
1409 4414 1520 4484 Roma

295 4533 564 4632 periussionem
580 4536 685 4631 Papae
701 4529 915 4627 Agathonis,
927 4527 1017 4602 duce
1033 4525 1320 4603 reuerentissimo
1333 4523 1471 4600 Abbate
1484 4533 1521 4597 et
