3608 5498
798 391 994 455 -392-
1131 425 1142 445 s

796 562 971 647 Lxxssn.

380 736 632 844 Gregoriusin
649 739 792 813 XVIIII
809 736 899 811 libro
924 734 1124 810 moralium.
1142 739 1237 810 Sunt
1261 735 1425 810 nonnulli
1451 736 1509 809 ita

285 850 441 926 districti
459 860 500 926 ut
515 874 656 926 omnem
673 851 781 925 etiam
807 849 1117 935 mansuetudinem
1142 849 1377 947 benignitatis
1402 849 1511 924 amit-

286 973 374 1039 tant.
392 968 440 1057 Et
456 973 542 1039 sunt
558 962 721 1037 nonnulli
738 964 789 1038 ita
807 966 996 1055 mausueti,
1012 975 1054 1042 ut
1070 965 1221 1066 perdant
1245 964 1399 1041 districti
1424 965 1510 1039 iura

287 1077 484 1174 regiminis.
500 1077 603 1152 Unde
618 1077 761 1153 cunctis
779 1078 976 1154 rectoribus
993 1088 1144 1177 utraque
1170 1101 1393 1177 summopere
1418 1088 1508 1152 sunt

286 1191 450 1281 tenenda,
462 1200 504 1266 ut
516 1216 583 1267 nec
597 1190 638 1264 in
655 1191 853 1289 disciplinae
871 1193 1032 1289 vigorem
1049 1193 1287 1289 benignitatis
1300 1203 1509 1268 mansuetu-

287 1303 393 1392 dinis,
409 1327 476 1380 ncc
494 1324 639 1378 rursum
656 1304 695 1377 in
714 1306 988 1382 mansuetudine
1000 1305 1259 1382 districtionem
1277 1307 1441 1381 deserant
1457 1306 1511 1380 di-

212 1456 225 1478 ·
288 1417 448 1515 scipline.
457 1418 637 1506 Quatinus
650 1443 716 1495 uec
729 1444 750 1491 a
763 1420 1005 1518 compassione
1019 1419 1161 1517 pietatis
1173 1419 1410 1494 obdurescant
1422 1444 1509 1493 cum

288 1540 537 1607 contumacem
562 1531 762 1628 corrigunt,
785 1557 853 1609 nec
877 1532 1073 1632 disciplinae
1094 1532 1219 1628 vigore
1244 1531 1407 1606 molliant
1424 1557 1511 1606 oum

287 1646 512 1721 infirmorum
530 1645 670 1721 animas
689 1646 927 1722 consolantur.
945 1650 1062 1742 Rogat
1077 1670 1163 1742 ergo
1188 1645 1386 1743 disciplinae
1403 1647 1511 1742 vigor

291 1760 615 1849 mansuetudinem,
632 1770 668 1836 et
686 1762 921 1839 mansuetudo
937 1760 1226 1857 ornetuigorem,
1238 1759 1343 1836 etsio
1355 1759 1511 1835 alterum

290 1871 616 1949 commendatores
630 1873 808 1964 altero‚,ut
823 1898 891 1950 neo
908 1873 1013 1971 vigor
1029 1873 1078 1949 sit
1094 1873 1245 1970 rigidus,
1262 1897 1329 1949 nec
1345 1897 1511 1948 mausue-

290 1986 375 2063 tudo
392 1985 575 2062 dissoluta.

835 2122 972 2208 LXXV.

387 2322 585 2421 Gregorius
602 2323 641 2397 in
657 2325 739 2398 XX.
752 2322 836 2399 Sine
850 2324 970 2398 furore
982 2344 1163 2418 exurgens
1175 2321 1214 2396 in
1226 2319 1333 2396 turba
1345 2320 1513 2397 clamavi.

291 2442 381 2537 Sepe
396 2462 552 2537 namque
569 2437 815 2514 seditiosorum
832 2437 1014 2513 tumultus
1030 2435 1216 2511 homnium
1243 2436 1510 2535 praepositorum

291 2576 437 2628 suorum
454 2561 611 2628 mentem
628 2551 822 2642 lacessunt,
839 2551 966 2649 suique
984 2549 1119 2626 ordinis
1141 2549 1276 2625 limites
1301 2549 1513 2625 inordinatis

292 2667 447 2742 motibus
462 2665 610 2742 excedit.
623 2669 670 2740 Et
687 2665 895 2765 plerumque
907 2665 970 2764 qui
984 2665 1084 2762 prius
1097 2665 1168 2739 nisi
1181 2665 1220 2738 in
1233 2688 1291 2741 ore
1305 2666 1421 2740 cordis
1434 2691 1513 2740 san·

293 2784 343 2858 cti
361 2781 517 2879 Spiritus
539 2780 639 2855 freno
655 2788 857 2868 teneantur,
874 2780 912 2853 in
939 2779 1039 2853 iratae
1057 2779 1301 2854 retributionis
1325 2780 1513 2854 atrocitate

294 2897 493 2997 prosiliunt,
505 2905 751 2995 quantumque
764 2893 960 2990 praevalent
972 2916 1092 2989 agere,
1105 2902 1248 2968 tantum
1261 2893 1329 2968 sibi
1342 2893 1380 2967 in
1394 2893 1512 2968 subdi·

293 3014 341 3090 tis
356 3012 526 3089 estimant
543 3009 659 3085 licere.
677 3008 745 3083 Sed
762 3007 878 3083 sancti
896 3008 967 3081 viri
993 3008 1073 3104 plus
1095 3033 1132 3084 se
1154 3008 1306 3083 interius
1332 3008 1513 3104 patientiae

293 3128 381 3224 iugo
397 3125 580 3201 subiciunt
597 3148 704 3221 quam
721 3121 808 3196 foris
824 3121 1029 3197 hominibus
1045 3133 1215 3221 prmsunt,
1232 3131 1268 3195 et
1285 3121 1514 3197 severiorem

295 3240 535 3340 principatum
551 3236 638 3311 foris
654 3234 808 3324 exibent,
821 3258 890 3333 quo
903 3236 1128 3313 humiliorem
1143 3239 1215 3311 Deo
1231 3236 1483 3312 intrinsecusf
1501 3279 1516 3291 ·

297 3355 475 3430 mulatum
490 3358 621 3428 tenent.
634 3354 753 3448 Atque
763 3350 894 3425 iccirco
906 3376 989 3452 sepe
997 3350 1079 3449 plus
1091 3351 1260 3449 quosdam
1270 3350 1435 3441 tolerant,
1447 3373 1517 3448 quo

296 3495 334 3546 se
347 3468 390 3544 de
402 3468 460 3542 his
472 3464 600 3541 ulcisci
608 3463 764 3562 amplius
778 3477 934 3563 possunt,
943 3491 986 3542 ao
995 3491 1040 3542 ne
1053 3490 1211 3563 unquam
1225 3465 1269 3539 ad
1279 3464 1408 3541 illicita
1420 3476 1518 3540 tran·

297 3591 410 3671 scant,
425 3581 635 3682 plerumque
661 3577 787 3652 nolunt
812 3602 873 3676 pro
889 3604 928 3655 se
944 3579 1070 3677 exequi
1088 3580 1196 3654 etiam
1214 3578 1305 3676 quod
1323 3577 1419 3667 licet,
1436 3578 1517 3653 sub

299 3699 473 3775 Iactorum
490 3695 662 3792 strepitus
679 3692 867 3785 sufferunt,
881 3717 943 3792 per
963 3715 1120 3768 amorem
1139 3691 1336 3791 increpant,
1352 3714 1439 3789 quos
1456 3715 1517 3789 per

300 3807 613 3886 mansuetudinem
631 3815 782 3904 portant.

830 3949 986 4034 lxxvi

397 4153 595 4250 Gregorius
611 4150 649 4225 iu
667 4152 766 4226 XXI.
784 4153 975 4246 Negantur
991 4147 1115 4224 electis
1132 4147 1170 4220 in
1187 4172 1229 4222 ao
1247 4147 1322 4222 vita
1339 4148 1430 4223 bona
1448 4158 1516 4223 ter·

301 4295 398 4360 rena,
411 4268 494 4368 quia
511 4278 547 4344 et
563 4268 662 4364 egris
679 4268 810 4366 quibus
827 4263 1070 4366 spesrvivendi
1087 4271 1152 4351 est,
1164 4287 1391 4361 nequaquam
1409 4287 1430 4334 a
1449 4285 1519 4336 me·

301 4385 379 4459 dico
396 4393 528 4459 cuncta
546 4407 626 4482 quaa
642 4392 861 4482 appetuntur
878 4378 1133 4456 conceduntur.
1146 4379 1286 4453 Dantur
1303 4400 1388 4453 vero
1405 4400 1521 4474 repro·

303 4497 358 4575 bis
374 4498 464 4574 bona
488 4496 550 4598 qui
574 4498 612 4572 in
638 4496 707 4574 hac
731 4496 807 4571 vita
832 4502 1017 4594 appetunt,
1033 4491 1117 4591 quia
1141 4502 1177 4568 et
1202 4490 1397 4591 desperatis
1421 4491 1521 4589 egris
