3608 5498
800 383 996 445 -3'16-

287 528 334 576 an
352 504 437 600 quia
453 502 562 576 citius
578 514 770 591 amantem,
789 502 849 576 his
868 503 963 577 enim
981 503 1147 579 lavemus
1162 504 1377 601 frequenter,
1392 529 1414 577 a
1430 504 1511 601 qui·

287 615 356 690 bus
373 615 565 689 referendae
581 615 681 690 vices
698 640 882 713 speramus
895 615 1034 711 gratiae.
1047 615 1116 689 Sed
1129 626 1166 690 et
1178 638 1218 689 eo
1236 616 1354 711 magis
1367 615 1511 689 infirmo

286 736 323 803 et
336 727 432 826 inopi
445 750 509 801 nos
522 727 664 802 studere
682 728 863 818 convenit,
879 728 963 826 quia
976 751 1039 826 pro
1052 750 1092 804 eo
1108 728 1170 826 qui
1184 751 1254 802 nou
1268 727 1375 804 habet
1391 753 1512 804 remu-

287 839 507 913 nerationem
524 862 711 935 speramus
727 864 748 911 a
766 839 914 915 Domino
930 840 1049 928 Ihesu,
1061 841 1123 938 qui
1137 841 1204 915 sub
1216 840 1333 938 specie
1349 841 1512 916 convivii

288 951 492 1047 generalem
509 951 688 1024 virtutum
705 951 816 1026 edidit
833 953 993 1027 formam.
1009 957 1099 1027 Item
1122 978 1166 1028 ex
1190 953 1270 1049 lege
1294 953 1510 1028 Iustiniana.

287 1064 615 1162 Nullusepiscopus
624 1063 683 1138 vel
693 1065 886 1163 Presbyter
895 1066 1511 1164 excommunicareaudeataliquem

286 1189 480 1276 antequam
497 1202 607 1252 causa
624 1177 800 1273 probetur,
817 1190 1081 1277 propterquam
1100 1179 1331 1256 ecclesiastici
1352 1203 1511 1255 canones

288 1291 355 1367 hoc
373 1291 449 1366 fieri
467 1291 600 1365 iubent.
618 1290 657 1364 Si
674 1291 755 1389 quis
771 1302 890 1367 autem
909 1303 1033 1368 contra
1050 1293 1117 1367 hoo
1142 1292 1512 1368 excommunicaverit

288 1405 456 1503 aliquem,
472 1404 534 1477 ille
552 1403 694 1501 quidem
709 1405 770 1502 qui
784 1405 1193 1493 excommunicatus'est,
1206 1403 1331 1477 maiori
1348 1405 1512 1479 sacerdo-

288 1519 336 1593 tis
352 1517 564 1593 auctoritate
577 1517 622 1591 ad
634 1518 790 1612 gratiam
803 1527 937 1592 sancta
953 1517 1214 1593 communionis
1231 1518 1360 1592 redeat.
1373 1519 1409 1590 Is
1422 1541 1511 1592 vero

288 1633 350 1731 qui
368 1658 441 1705 non
459 1631 620 1727 legitime
641 1631 965 1707 excommunicavit
988 1641 1131 1706 tantum
1155 1631 1334 1705 abstineat
1356 1657 1378 1704 a
1403 1656 1510 1706 sacra

287 1745 546 1834 communione,
564 1754 739 1841 quantum
760 1745 885 1818 maiori
910 1744 1083 1820 sacerdoti
1108 1743 1229 1817 visum
1255 1743 1375 1832 fuerit,
1401 1753 1442 1818 ut
1468 1744 1508 1819 id

290 1859 384 1956 quod
401 1857 534 1932 iniuste
551 1856 647 1945 fecit,
665 1856 759 1931 iuste
776 1857 942 1955 patiatur.

870 2058 907 2142 I.

334 2264 383 2315 Ex
401 2262 535 2316 decreto
553 2263 655 2326 Papae
674 2261 805 2314 Adriani
822 2259 866 2326 ad
885 2261 1083 2315 Gssramnum
1101 2261 1299 2326 Episcopum
1318 2262 1460 2313 XLVIII.

383 2426 473 2497 Item
491 2422 653 2518 generali
670 2423 810 2498 decreto
827 2421 1090 2503 constituimus,
1109 2431 1150 2494 ut
1163 2421 1400 2495 execrandum
1423 2447 1511 2496 ana-

288 2537 409 2611 thema
426 2537 499 2623 fiat,
512 2545 552 2610 ut
568 2535 676 2610 velud
693 2536 944 2632 prevaricator
961 2536 1146 2611 catholicae
1163 2535 1244 2610 fidei
1260 2560 1399 2633 semper
1411 2539 1510 2633 apud

289 2652 405 2722 Deum
419 2673 501 2723 reus
514 2648 654 2736 existat,
671 2648 888 2747 quicumque
905 2674 1046 2745 regum,
1057 2649 1116 2723 vel
1130 2658 1326 2748 potentum,
1339 2648 1509 2746 deinceps

289 2786 465 2838 canonum
483 2786 672 2837 censuram
690 2763 728 2835 in
746 2785 969 2863 quocumque
994 2763 1195 2852 crediderit,
1220 2763 1279 2837 vel
1305 2761 1509 2859 permiserit

292 2876 504 2952 violandam.

869 3068 924 3153 Ll.

394 3274 555 3326 Iohannes
574 3273 650 3324 v111
669 3272 761 3339 Papa
780 3284 851 3337 cap.
872 3273 978 3325 XVIII
998 3285 1039 3325 ex
1058 3273 1197 3326 coneilio
1215 3273 1406 3325 Ravennati.

387 3435 703 3508 Administratores
712 3435 816 3530 plane
825 3434 1051 3509 saecularium
1064 3435 1296 3530 dignitatum,
1309 3434 1371 3533 qui
1384 3435 1427 3508 ad
1441 3461 1510 3510 aec-

288 3547 483 3623 clesiarum
500 3547 699 3636 tuitionem,
716 3548 932 3645 pupillorum
957 3573 1000 3622 ac
1026 3548 1217 3621 viduarum
1242 3548 1511 3645 protectionem,

290 3662 544 3759 rapaciumque
558 3660 831 3735 refrenationem
844 3660 1030 3736 constituti
1041 3659 1510 3758 proculdubiodebeut,quo-

291 3774 385 3849 tiens
402 3774 446 3848 ab
463 3773 635 3871 episcopis
652 3783 687 3848 et
704 3772 957 3848 ecclesiasticis
975 3772 1064 3845 viris
1090 3772 1257 3846 conventi
1283 3771 1418 3847 fuerint
1454 3798 1510 3849 eo·

290 3913 370 3960 rum
389 3887 639 3985 querimonias
656 3889 830 3963 attentius
846 3886 1006 3975 audiant,
1023 3895 1060 3961 et
1073 3886 1269 3962 secundum
1284 3887 1374 3984 quod
1388 3910 1511 3962 neees-

289 4000 378 4074 sitas
394 4001 591 4098 expetierit,
615 4002 747 4099 absque
773 4001 1005 4098 neglegentia
1031 4000 1247 4088 examinent,
1274 4010 1311 4075 et
1338 4000 1510 4095 diligenti

289 4111 408 4186 studio
424 4114 617 4208 corrigant.
635 4113 735 4201 Quod
752 4114 782 4187 si
800 4115 864 4190 Dei
883 4115 1047 4189 timorem
1066 4138 1137 4211 prae
1154 4114 1267 4188 oeulis
1283 4137 1352 4187 nou
1377 4113 1512 4189 haben·

290 4233 345 4300 tes
359 4225 504 4320 neglere
518 4225 595 4322 (sic)
608 4236 685 4325 post
698 4228 890 4302 secundam
904 4226 1178 4301 admonitionem
1201 4226 1340 4301 inventi
1361 4225 1512 4317 fuerint,

290 4337 388 4413 omui
405 4362 443 4412 se
466 4340 632 4414 noverint
648 4341 896 4417 commuuione
920 4366 1035 4438 usque
1059 4339 1103 4414 ad
1128 4339 1343 4436 condignam
1369 4339 1477 4416 satisf
1498 4385 1513 4399 ·

295 4450 447 4527 ctionem
465 4451 630 4550 privatos.
