3608 5498
811 373 984 436 ..76-

780 605 1002 691 'LXXVHH.

268 904 270 909 ,
385 835 556 933 Quisquis
574 834 879 932 Metropolitanus,
891 834 987 910 iutra
1005 838 1057 910 III
1075 858 1215 911 menses
1232 834 1509 910 consecrationis

288 975 362 1024 suae
379 950 424 1024 ad
441 950 545 1024 fidem
564 949 815 1048 exponendam,
828 949 1048 1049 palliumque
1066 950 1346 1049 suscipiendum,
1358 951 1403 1025 ad
1418 956 1509 1049 Apo·

287 1061 449 1136 stolieam
471 1062 588 1137 sedem
607 1085 678 1135 non
696 1061 843 1148 miserit,
868 1064 1057 1138 commissa
1081 1064 1149 1138 sibi
1174 1072 1296 1139 eareat
1320 1064 1509 1159 dignitate.

289 1174 414 1272 Sitque
434 1174 580 1249 lieentia
596 1174 877 1272 Metropolitanis
890 1175 971 1250 aliis
984 1187 1062 1274 post
1076 1179 1155 1252 IIet
1168 1179 1220 1251 ΙΙΙ
1232 1177 1508 1252 admonitionem

287 1288 474 1362 viduitatis
491 1288 663 1364 aeoolesiis
680 1313 763 1364 oum
789 1289 938 1363 oonsilio
958 1293 998 1364 R.
1016 1291 1199 1366 Pontifiois
1216 1290 1510 1388 ordinandoEpi·

251 1434 253 1440 ·
288 1424 433 1498 scopum
451 1402 651 1477 subvenire.

831 1546 966 1631 LXXX.

383 1746 684 1820 Reverentissimo
697 1745 801 1818 fratri
817 1745 971 1820 Aurelio.
986 1749 1161 1821 Damasus
1175 1747 1270 1822 inter
1283 1756 1413 1822 cetera.
1426 1749 1510 1823 Vio

289 1858 420 1933 latores
436 1882 613 1934 canonum
631 1859 794 1955 graviter
810 1885 831 1932 a
848 1858 983 1934 sanctis
1001 1859 1163 1957 patribus
1185 1860 1403 1949 iudicantur,
1427 1870 1464 1936 et
1487 1887 1510 1935 a

287 1982 410 2047 saneto
436 1972 574 2070 Spiritu
605 1972 711 2047 ouius
735 1972 911 2046 instinctu
936 1996 979 2046 ao
1004 1971 1093 2046 dono
1117 1971 1249 2047 conditi
1274 1982 1360 2046 sunt
1384 1974 1510 2049 coude-

290 2095 471 2160 mnantur.
489 2085 664 2173 Quoniam
683 2085 893 2167 blofemare
912 2084 1086 2182 Spiritum
1105 2093 1272 2159 sanetum
1294 2109 1364 2159 non
1389 2086 1510 2162 incon·

285 2220 378 2294 grue
396 2199 576 2285 videntur,
594 2199 656 2296 qui
674 2207 798 2274 eontra
816 2198 953 2273 eosdem
973 2207 1114 2273 sanctos
1131 2222 1285 2274 canones
1302 2222 1371 2273 non
1390 2224 1510 2276 neces-

287 2310 392 2387 sitato
410 2313 595 2410 compulsi,
612 2313 671 2387 sed
690 2312 843 2386 libenter
861 2322 901 2386 ut
919 2314 1102 2410 praefixum
1120 2322 1175 2387 est
1191 2313 1329 2411 aliquid
1345 2324 1409 2388 aut
1434 2338 1510 2413 pro

288 2435 389 2500 terre
406 2436 534 2522 agunt,
546 2437 610 2501 aut
622 2426 719 2523 loqui
738 2436 971 2523 praesumunt,
984 2436 1048 2500 aut
1061 2427 1179 2501 faeere
1191 2426 1396 2501 volentibus
1408 2451 1510 2526 spon·

287 2547 323 2612 to
344 2539 583 2613 consentiunt.
608 2541 715 2614 Idem.
741 2543 885 2615 Statuta
912 2541 1014 2616 Sedis
1040 2542 1250 2640 Apostolioae
1271 2552 1307 2616 et
1331 2565 1509 2617 canonum

288 2653 507 2727 venerabilia
525 2655 666 2731 decreta
684 2656 775 2729 nulli
794 2654 1017 2732 sacerdotum
1035 2653 1179 2727 Domini
1204 2654 1372 2750 ignorare
1396 2654 1444 2729 sit
1468 2654 1510 2727 li·

288 2764 423 2840 berum.

816 2912 968 2996 LXXXI.

384 3114 559 3186 Damasus
577 3122 614 3187 et
639 3114 748 3188 ceteri
773 3112 938 3210 Episcopi
961 3116 1079 3187 Roma
1104 3113 1327 3208 cougregati.
1345 3111 1509 3188 Dilectis-

289 3227 390 3300 simis
403 3227 590 3302 Fratribus
604 3227 641 3299 in
655 3226 835 3324 hyldrico,
852 3226 947 3302 inter
963 3237 1092 3302 cetera.
1106 3230 1231 3324 Neque
1248 3226 1345 3301 enim
1362 3226 1509 3302 Nicenae

287 3341 422 3438 synodo
439 3340 684 3438 praeiudioium
708 3341 851 3438 aliquod
869 3339 945 3415 fieri
964 3339 1079 3437 potuit
1097 3363 1159 3436 per
1175 3349 1334 3413 nostrum
1350 3337 1508 3412 Arimini

286 3463 559 3550 congregatum,
582 3454 667 3550 quia
689 3477 760 3528 nou
778 3462 918 3529 constat
940 3477 1054 3551 neque
1075 3455 1273 3526 Romanum
1294 3452 1508 3551 Episoopum

285 3565 391 3641 euius
407 3575 490 3641 ante
508 3565 628 3639 omnia
645 3565 792 3642 decebat
805 3577 994 3664 expectare
1009 3567 1204 3653 decretum,
1221 3590 1336 3663 neque
1354 3565 1509 3640 Vincen-

286 3678 377 3752 tium
395 3679 457 3777 qui
485 3678 594 3753 tantis
619 3679 726 3752 annis
751 3680 994 3778 episcopatum
1020 3679 1277 3754 inviolabiliter
1301 3679 1507 3768 custodivit,

286 3817 401 3892 neque
417 3794 505 3870 alios
522 3794 655 3871 talibus
672 3795 864 3893 praebuisse
882 3818 1107 3871 consensum.

806 4017 979 4101 LXXXH.

381 4247 450 4318 Eos
466 4243 528 4342 qui
544 4244 588 4317 ab
607 4243 779 4319 Ecclesiis
795 4245 840 4318 ad
857 4242 1039 4319 Ecclesias
1058 4243 1321 4338 migraverunt,
1338 4242 1465 4317 tandiu
1483 4267 1505 4314 a

286 4367 406 4432 nostra
423 4359 670 4433 communione
686 4359 821 4433 alienos
837 4358 1023 4442 habemus,
1041 4357 1152 4432 donee
1169 4358 1214 4431 ad
1226 4382 1287 4431 eas
1301 4356 1447 4431 redeant
1459 4355 1509 4431 ci·

287 4471 417 4550 vitatos
434 4472 471 4546 iu
489 4473 619 4574 quibus
637 4473 737 4573 prius
755 4473 900 4549 fueraut
913 4472 1079 4548 ordinati.
