3608 5498
810 455 850 470 ..
875 420 915 482 51
943 453 983 467 ..

288 547 435 622 Domino
451 570 525 636 ora,
542 544 768 619 sanctissime
784 551 821 618 et
841 538 1045 615 beatissime
1071 541 1186 613 Pater.
1204 537 1406 613 Florentius
1424 537 1505 634 Epi·

290 685 418 759 scopus
435 660 666 735 Sardeusium
680 656 842 734 civitatis
869 651 1071 749 metropolis
1097 651 1214 726 Lidiae.
1234 652 1363 726 Valere
1387 660 1422 725 te
1447 672 1507 725 oro

288 779 361 851 Deo
391 774 637 849 amantissime
662 776 779 848 Pater.
804 766 1063 847 Constantinus
1088 768 1283 865 Episcopus
1309 763 1509 862 metropolis

289 893 424 966 Bostre.
442 887 573 963 Valere
592 912 648 963 me
664 910 724 962 ora
741 886 868 960 domne
885 878 1110 959 sanctissime
1126 889 1162 955 et
1174 878 1379 954 beatissime
1393 880 1509 951 Pater.

291 1002 494 1078 Theodorus
519 1001 716 1098 Episcopus
741 991 944 1097 metropolis
968 993 1146 1069 Damasci.
1168 992 1299 1068 Valere
1326 1003 1361 1066 te
1386 1014 1446 1066 oro
1470 989 1509 1062 in

291 1115 439 1190 Domino
456 1117 528 1189 Deo
543 1113 789 1189 amantissime
811 1118 927 1189 Pater.
946 1107 1119 1184 Similiter
1127 1116 1177 1222 met
1201 1104 1311 1182 ceteri
1337 1108 1510 1200 Metropo

293 1227 405 1302 litani.
1146 1244 1147 1249 ¹

838 1371 968 1513 xxxi

390 1667 430 1737 In
449 1666 547 1737 VIII.
564 1662 703 1740 actione
721 1663 996 1741 Calcedouensis
1013 1660 1166 1737 Concilii
1183 1668 1359 1735 statutum
1384 1671 1449 1752 est,
1474 1668 1515 1732 ut

296 1776 541 1852 Antiochenus
560 1776 756 1876 Episcopus
772 1777 903 1853 habeat
919 1776 1077 1852 dioceses
1093 1775 1131 1849 in
1149 1775 1238 1848 duas
1255 1772 1404 1848 Fenicss
1420 1783 1456 1848 et
1469 1778 1516 1847 A·

298 1889 442 1966 rabiam.
460 1890 797 1966 Hierosolimitanus
813 1914 907 1980 vero,
925 1894 986 1966 III.
1004 1890 1215 1966 Palestiuas.
1233 1894 1280 1965 Et
1300 1888 1402 1962 nulla
1427 1897 1518 1986 post-

296 2003 364 2080 hac
380 2003 423 2079 de
440 2003 509 2080 hac
526 2029 635 2080 causa
654 2005 740 2103 ipsis
753 2005 915 2081 ecclesiis
933 2005 1112 2082 contentio
1129 2006 1364 2103 relinquatur,
1377 2012 1413 2079 et
1430 2001 1516 2075 hu'ic

301 2117 545 2193 constitutioni
565 2119 671 2214 primi
690 2118 931 2216 subscripsere
949 2119 1077 2214 Legati
1096 2119 1255 2193 Romani.

839 2347 984 2430 XXXII.

392 2580 431 2652 Si
448 2578 602 2655 clericus
619 2579 725 2655 habet
741 2605 888 2655 causam
905 2581 1077 2656 adversus
1092 2580 1305 2677 Episcopum
1324 2578 1521 2677 proprium,

299 2693 357 2770 vel
369 2693 542 2767 adversus
555 2691 709 2768 alterum
723 2693 818 2791 apud
827 2695 1013 2792 Synodum
1024 2694 1205 2792 provincie
1219 2691 1521 2781 iudicaturouod

303 2807 333 2880 si
350 2808 523 2881 adversus
541 2807 699 2882 eiusdem
718 2807 899 2905 provincie
918 2807 1231 2905 Metropolitanum
1248 2806 1445 2905 Episcopus
1461 2803 1521 2880 vel

302 2917 465 2994 Clericus
487 2917 595 2993 habet
619 2917 815 3016 querelam,
836 2929 933 3016 petat
955 2919 1150 2994 Primatem
1175 2919 1364 3006 dioceseos,
1382 2927 1447 2992 aut
1471 2941 1523 2991 se·

299 3032 379 3107 dem
397 3031 508 3127 regiae
525 3031 625 3106 urbis
643 3033 1033 3130 Constantinopolitano
1050 3042 1087 3108 et
1104 3033 1180 3130 ipsa
1197 3032 1387 3109 iudicetur.

832 3259 994 3343 XXXIII.

397 3493 642 3567 Conveniente
668 3502 793 3568 sancta
816 3518 859 3568 ao
883 3492 1079 3568 universali
1096 3493 1228 3582 sinodo,
1246 3517 1325 3591 quae
1342 3518 1403 3591 per
1419 3493 1527 3590 impe·

301 3606 427 3681 rialem
443 3606 626 3682 decretum
645 3617 867 3704 congregata
884 3615 949 3695 est,
967 3607 1004 3678 iu
1021 3604 1090 3680 hac
1107 3629 1128 3678 a
1147 3605 1298 3680 Domino
1313 3629 1527 3681 conservan-

302 3721 347 3794 da
372 3718 474 3816 regia
490 3719 588 3794 urbe.
606 3720 702 3794 Idem
721 3719 910 3810 Theodoro,
927 3729 963 3795 et
980 3719 1135 3816 Georgio
1152 3707 1419 3795 venerabilibus
1444 3722 1528 3792 Pre-

303 3832 470 3932 sbyteris‚
486 3844 523 3908 et
541 3832 695 3909 Iohanne
713 3834 911 3911 venerabili
930 3833 1086 3909 Diacono
1106 3833 1226 3910 Iocum
1244 3833 1528 3931 repraesentanti-

303 3945 371 4021 bus
387 3941 606 4022 sanctissimi
623 3972 667 4022 ao
689 3947 884 4022 beatissimi
911 3950 1025 4046 Papae,
1050 3948 1208 4045 antiquae
1225 3951 1344 4023 Romae
1373 3947 1529 4044 Agatho-

304 4058 372 4148 uis,
388 4067 425 4133 et
446 4060 602 4155 Georgia
623 4059 819 4135 venerabili
836 4070 872 4136 et
888 4060 1116 4137 sanctissimo
1132 4062 1306 4160 Episcopo
1322 4062 1433 4137 huius
1456 4088 1529 4136 ma·

304 4196 388 4269 gnae
404 4172 758 4272 Constantinopoleos
775 4197 876 4248 norro
889 4177 1019 4263 Romae,
1031 4185 1068 4250 et
1079 4179 1186 4250 Petro
1199 4177 1273 4250 Deo
1284 4174 1431 4250 amabili
1449 4179 1531 4249 Pre-

304 4284 459 4384 sbytero,
483 4297 520 4361 et
549 4287 723 4363 Monaoho
747 4286 865 4364 locum
894 4298 1062 4363 servante
1090 4288 1184 4362 sedis
1215 4287 1434 4363 Alexandria
1460 4312 1532 4360 ma·

306 4422 380 4494 gne
404 4397 576 4489 civitatis,
600 4410 636 4474 et
662 4399 845 4476 Machario
870 4401 1146 4500 Archiepiscopo
1170 4401 1382 4500 Theopoleos
1408 4401 1532 4475 Antio

306 4513 407 4604 ohim,
432 4524 468 4588 et
492 4515 649 4611 Georgio
673 4514 840 4611 religioso
864 4513 1080 4613 Presbytero
1097 4514 1268 4591 monacho
1292 4524 1328 4590 et
1350 4515 1535 4614 Apocrisa-
