3608 5498
805 390 1001 452 -359-

293 515 409 580 sectas
426 507 598 605 scriptam
611 507 740 596 faeere,
759 519 796 584 et
808 510 958 607 propriis
976 511 1142 587 manibus
1159 513 1320 590 roborare
1337 524 1374 590 et
1390 538 1511 591 eoram

293 617 432 714 populis
450 620 602 696 recitare
618 631 726 720 atque
742 624 914 698 confiteri.
929 624 1077 724 Aliquos
1093 624 1220 703 dicunt
1235 629 1442 704 carceribus
1458 655 1512 706 er·

291 730 448 826 gestulis
466 732 613 821 recludi,
630 744 672 810 ut
695 734 821 811 saltem
839 736 895 810 bis
916 738 1034 813 territi
1047 738 1199 828 insidiis,
1215 740 1360 817 devient
1376 741 1511 817 demini

293 846 512 935 Sacerdotes,
526 856 567 920 ut
583 848 659 922 suis
676 847 823 926 faveant
840 851 1095 927 voluntatibus.
1112 846 1278 929 Relatum
1298 866 1352 930 est
1364 852 1511 954 insuper

292 959 384 1057 quod
401 959 545 1057 quidam
564 960 685 1036 aemuli
703 963 850 1053 Christi,
867 965 1014 1063 eiusque
1031 975 1165 1041 sanctae
1182 966 1353 1042 Ecclesia
1366 968 1512 1044 insidia-

292 1083 395 1162 tores,
405 1074 610 1150 Sacerdotes
620 1077 684 1150 Dei
702 1077 746 1152 ad
764 1079 900 1154 iudices
916 1077 1077 1176 publicos
1093 1103 1265 1154 accusare
1282 1090 1510 1177 praesumant,

292 1213 375 1262 eum
393 1191 513 1285 magis
531 1190 709 1288 Apostolis
727 1192 1013 1268 Christianorum
1039 1217 1168 1266 causas
1187 1191 1233 1267 ad
1249 1193 1430 1269 {ecelesias
1454 1196 1511 1270 de·

293 1304 390 1392 ferri,
407 1313 444 1379 et
460 1303 591 1380 ibidem
607 1305 796 1381 terminari
814 1305 1010 1406 precipias.
1026 1309 1074 1381 Et
1095 1305 1200 1379 infra.
1218 1306 1293 1381 Sub
1305 1306 1509 1382 huiusmodi

292 1417 452 1516 personis
468 1419 629 1517 quaedam
647 1420 835 1520 scripturae
851 1418 1092 1518 quoquomodo
1105 1443 1168 1517 per
1180 1429 1401 1510 metum‚aut
1413 1422 1510 1499 frau-

292 1533 383 1621 dem,
399 1541 464 1605 aut
488 1555 551 1629 per
568 1530 643 1605 vim
661 1542 808 1608 extortae
832 1532 979 1622 fuerint,
996 1531 1055 1608 vel
1081 1542 1123 1608 ut
1141 1557 1181 1608 se
1198 1532 1350 1609 lssrerare
1367 1545 1510 1632 possent

292 1669 517 1745 quocumque
537 1645 662 1722 habeis
686 1647 839 1745 scriptae,
857 1646 924 1722 velw
943 1644 1104 1723 roborate
1128 1647 1265 1723 fuerint
1289 1646 1446 1743 ingenio,
1462 1650 1510 1725 ad

292 1759 430 1835 nullius
454 1759 506 1834 eis
522 1760 770 1858 praeiudicium
788 1772 852 1836 aut
876 1761 1018 1860 seriptae
1042 1771 1298 1838 nocumentum
1323 1764 1509 1860 provenire

292 1899 489 1963 censemus,
505 1898 621 1973 neque
638 1874 749 1948 ullam
766 1898 826 1949 eos
841 1874 1027 1949 infamiam
1046 1874 1105 1953 vel
1128 1875 1346 1951 calumniam
1370 1886 1435 1952 aut
1455 1902 1510 1952 as·

291 1988 609 2087 sequestrationem
626 1988 727 2062 bonis
744 2011 902 2086 unquam
919 2001 1064 2066 auctore
1078 1993 1150 2065 Deo
1166 2001 1203 2067 et
1220 1990 1354 2067 sanetis
1364 1997 1510 2088 Aposto-

291 2101 336 2175 lis
353 2125 546 2200 eorumque
563 2102 830 2177 suecessoribus
854 2104 1030 2180 sustinere
1057 2105 1308 2202 permittimus.
1325 2104 1508 2181 Confessio

290 2215 386 2292 enim
405 2216 443 2289 in
460 2215 593 2290 talibus
610 2239 681 2290 non
698 2214 880 2313 compulsa
897 2217 959 2292 sed
983 2227 1178 2315 spontanea
1189 2229 1192 2236 '
1203 2217 1281 2292 fieri
1301 2217 1416 2306 debet,
1432 2218 1508 2315 ipso

289 2339 482 2406 attestante
499 2331 560 2430 qui
578 2331 639 2404 ait.
657 2333 712 2404 Ex
727 2329 830 2405 eorde
847 2331 944 2404 enim
973 2330 1168 2428 proeedunt
1190 2329 1392 2419 homicidia,
1408 2330 1508 2405 adul·

290 2445 391 2520 teria.
399 2450 447 2520 Et
462 2454 591 2521 cetera.
603 2447 679 2520 Nee
696 2454 838 2520 tantum
855 2443 1070 2519 attendenda
1087 2453 1269 2542 suntque
1287 2433 1379 2518 fiunt
1395 2467 1507 2542 quan·

290 2570 369 2635 tum
394 2580 463 2658 quo
487 2557 606 2632 animo
635 2559 737 2632 fiunt.
754 2559 856 2634 Unde
884 2566 938 2634 est
962 2557 1064 2632 illud.
1080 2557 1248 2656 Respexit
1263 2557 1438 2667 Dominus
1461 2559 1507 2634 ad

291 2698 441 2750 munera
458 2672 559 2762 Abel,
576 2671 621 2747 ad
638 2672 728 2748 Cain
745 2695 830 2747 vero
847 2696 998 2746 munera
1014 2693 1085 2745 non
1103 2670 1268 2768 respexit,
1285 2670 1370 2769 quia
1389 2670 1507 2768 magis

291 2786 445 2862 intendit
460 2786 506 2860 ad
522 2785 703 2861 offerentis
728 2785 902 2875 animum,
927 2810 1035 2884 quam
1053 2784 1099 2859 ad
1127 2809 1169 2860 ea
1194 2808 1274 2883 qum
1298 2785 1507 2860 offeruntur.

291 2903 415 2978 Omnis
432 2901 528 2978 enirn
546 2901 721 2977 confessio
734 2925 818 2999 ‘quae
834 2901 875 2975 fit
892 2925 938 2975 ex
953 2898 1176 2990 necessitate,
1192 2899 1280 2974 fides
1296 2921 1366 2972 non
1384 2907 1448 2974 est.
1459 2902 1507 2974 Et

250 3071 251 3075 ι
291 3016 481 3116 Apostolus
497 3015 558 3090 ait.
575 3015 688 3091 Corde
706 3015 864 3090 ereditur
880 3013 925 3088 ad
942 3012 1129 3088 iustitiam.
1148 3016 1193 3086 Et
1209 3021 1349 3087 caetera.
1362 3012 1507 3087 Confes-
1534 3014 1540 3023 '

289 3132 341 3208 sio
357 3131 452 3207 enirn
472 3155 542 3206 non
568 3129 768 3229 extorqueri
794 3128 897 3204 debet
925 3127 964 3201 in
992 3125 1126 3202 talibus
1154 3125 1215 3200 sed
1240 3124 1358 3225 potius
1382 3135 1506 3224 sponte

288 3245 454 3349 profiteri.
470 3243 672 3320 Pessimum
697 3253 751 3318 est
776 3251 897 3317 autern
914 3241 957 3317 de
974 3239 1176 3337 suspicione
1193 3249 1256 3313 aut
1271 3247 1410 3314 extorta
1426 3263 1507 3315 oon·

289 3359 440 3435 sessione
458 3381 673 3457 quemquam
700 3355 870 3442 iudicare,
886 3379 970 3431 eum
996 3354 1114 3449 magis
1130 3353 1308 3450 inspector
1325 3352 1440 3428 cordis
1458 3353 1506 3428 sit

289 3474 463 3550 Dominus
478 3496 586 3570 quarn
604 3471 731 3568 operis,
739 3480 776 3545 et
793 3470 910 3567 potius
927 3467 1079 3566 requirit
1094 3466 1328 3562 cogitationes
1346 3490 1453 3565 puras
1470 3475 1507 3542 et

290 3576 493 3663 voluntates
509 3585 629 3686 bonas,
641 3609 748 3684 quam
768 3583 860 3659 labia
878 3581 1072 3658 mendacia.
1085 3582 1194 3657 Idem.
1206 3583 1320 3656 Nemo
1335 3579 1383 3653 sit
1395 3579 1506 3654 simul
1617 3642 1620 3646 ,

288 3711 487 3790 aecusator,
504 3700 618 3789 testis,
630 3724 673 3774 ae
686 3699 803 3774 iudex.
820 3696 997 3786 Quoniam
1018 3696 1057 3770 in
1070 3695 1165 3771 omni
1179 3695 1255 3771 loeo
1266 3693 1391 3770 iudicii
1403 3696 1505 3768 111101

289 3838 458 3915 personas
479 3837 625 3889 neeesse
648 3822 704 3889 est
727 3838 867 3912 semper
890 3811 1024 3888 adesse.
1040 3811 1181 3887 Indices
1204 3810 1344 3900 eleetos,
1360 3832 1507 3884 aecusa-

288 3939 392 4020 tores,
409 3929 621 4020 defensores,
637 3936 757 4004 testes.
836 3988 839 3992 ,
1097 3934 1100 3939 ’

848 4052 975 4138 XXXI.

621 4234 671 4286 Ex
689 4230 831 4298 epistola
850 4231 881 4283 11
900 4229 1041 4283 Evertstl
1059 4230 1170 4296 Papae.

384 4389 481 4462 Deus
497 4386 720 4487 omnipotens
737 4395 779 4460 ut
795 4407 859 4459 nos
883 4410 905 4457 a
930 4381 1186 4482 praecipitantis
1210 4380 1404 4484 prolatione
1429 4407 1507 4459 sen·

289 4500 410 4578 tentiae
423 4510 674 4600 compesceret,
685 4524 770 4576 eum
782 4498 904 4575 omnia
916 4498 1012 4575 nuda
1023 4509 1060 4575 et
1072 4507 1195 4599 aperta
1207 4507 1294 4575 sunt
1304 4496 1507 4576 oeuliseius
