3608 5498
804 428 846 447 -
863 393 933 461 'dol
959 427 1003 446 -

290 516 351 595 vel
367 516 572 594 exententia
585 515 689 593 debet
706 514 843 614 prodire
861 515 1082 614 pontificum,
1102 512 1141 589 in
1168 521 1330 589 nostrum
1347 519 1513 589 vertatur

290 632 514 732 opprobrium
532 631 784 730 congressione
800 630 985 706 bellorum.

817 831 989 918 cxxxfl.

402 1039 485 1090 Item
504 1039 657 1106 exempla
673 1036 844 1091 cuiusdam
862 1047 904 1088 ex
923 1037 1028 1089 saorls
1047 1033 1214 1100 scripturis
1232 1032 1404 1087 deflorata.

385 1200 489 1275 Sicut
505 1200 675 1277 indecens
691 1211 745 1277 est
761 1197 989 1298 transpositio
1005 1195 1139 1271 infulas
1156 1194 1314 1294 pedibus,
1331 1205 1367 1271 et
1383 1195 1512 1272 calcia·

291 1322 412 1387 menta
428 1336 600 1412 usurpare
618 1312 806 1411 capitibus,
823 1311 874 1387 ita
892 1335 962 1386 non
978 1311 1097 1386 omnia
1109 1310 1274 1386 omnibus
1286 1310 1347 1385 sed
1361 1309 1510 1407 singula

289 1425 448 1522 siugulis
463 1436 550 1501 sunt
564 1425 721 1524 ascripta
737 1425 905 1524 personis.
922 1426 1073 1524 Ideoque
1090 1425 1212 1501 clerici
1230 1423 1402 1500 terminos
1427 1447 1511 1499 suos

289 1561 360 1614 non
376 1549 562 1615 transeant
577 1548 615 1614 et
630 1538 787 1613 limitum
804 1549 1088 1636 transgressores
1104 1538 1223 1613 aliena
1239 1561 1310 1612 nou
1327 1536 1511 1613 invadant

288 1656 379 1727 Nam
400 1655 472 1729 Ona
484 1678 567 1729 cum
581 1678 675 1729 arcae
691 1651 833 1726 Domini
852 1653 1101 1741 succurrisset,
1118 1651 1201 1727 ilico
1213 1651 1362 1728 cedidit:
1376 1661 1412 1726 et
1424 1651 1511 1748 quia

289 1763 446 1839 alienum
464 1764 619 1840 officium
641 1764 805 1863 arripuit,
829 1767 1041 1842 temerarius
1066 1765 1255 1865 expiravit.
1281 1764 1376 1839 Hinc
1400 1764 1509 1839 etiam

291 1877 378 1951 Saul
389 1876 516 1975 spiritu
530 1878 702 1952 inmundo
715 1888 879 1976 arreptus
891 1889 957 1969 est,
969 1879 1054 1977 quia
1066 1877 1284 1953 sacrificium
1293 1887 1335 1952 ut
1347 1876 1511 1952 sacerdos

289 1990 427 2088 optulit.
444 1990 540 2067 Hinc
555 1992 671 2066 tribus
688 1991 803 2067 Chore
821 1991 939 2089 periit,
954 2002 991 2069 et
1008 1991 1113 2067 Ozias
1131 2016 1193 2066 rex
1209 1990 1307 2089 lepra
1319 2014 1514 2090 percussus

289 2114 355 2194 est,
380 2104 465 2204 quia
488 2105 646 2182 officium
662 2105 867 2181 turificandi
883 2104 1088 2204 assumpsit
1105 2105 1201 2182 Hine
1217 2114 1272 2182 est
1288 2104 1381 2202 quod
1393 2103 1513 2178 Domi·

289 2242 360 2294 nus
376 2243 461 2294 cum
478 2218 672 2318 discipulos
687 2243 731 2295 ac
747 2218 872 2295 turbas
887 2219 1024 2295 emulos
1040 2219 1217 2319 patientes
1231 2243 1309 2295 esse
1325 2219 1371 2293 ad
1391 2217 1514 2293 omnia

290 2332 496 2423 instrueret,
513 2333 685 2410 ultionem
702 2333 754 2409 eis
770 2331 951 2433 prohibuit
966 2356 1075 2430 quam
1092 2330 1316 2408 secularibus
1333 2329 1513 2407 iudicibus

289 2466 359 2518 non
372 2445 532 2541 negavit.
545 2447 626 2520 Non
640 2456 788 2521 venerat
803 2444 921 2542 legem
940 2444 1088 2533 solvere,
1105 2443 1166 2519 sod
1181 2442 1387 2541 adimplere.
1408 2442 1512 2520 Unde

290 2559 481 2656 Apostolus
497 2560 541 2636 de
557 2570 699 2636 terreno
716 2560 834 2636 iudice
850 2559 911 2633 ait.
928 2561 1008 2634 Nou
1025 2559 1103 2634 sine
1119 2582 1229 2635 causa
1245 2556 1409 2654 gladium
1437 2580 1513 2655 por·

290 2680 353 2746 tat.
368 2673 432 2747 Dei
447 2672 609 2748 minister
621 2684 687 2763 est,
699 2672 830 2749 vindex
841 2673 880 2746 in
893 2673 947 2746 ira
960 2672 993 2748 ei
1006 2673 1066 2771 qui
1077 2673 1167 2748 male
1184 2672 1273 2769 agit.
1286 2671 1449 2770 Cumque
1462 2675 1514 2747 Io·

288 2786 427 2862 hannes
443 2787 604 2884 Baptista
614 2797 916 2886 percontaretura
933 2784 1108 2860 militibus
1117 2785 1202 2883 quid
1215 2785 1267 2861 eis
1280 2784 1396 2861 facere
1409 2807 1511 2881 expe

289 2899 392 2988 diret,
404 2899 605 2975 calumnias
618 2910 653 2975 et
666 2899 817 2975 iniurias
825 2898 1015 3001 prohibuit,
1028 2899 1090 2974 sed
1098 2897 1287 2995 stipendiis
1300 2907 1511 2995 compoeten·

292 3013 388 3087 tibus
404 3013 448 3088 ad
466 3013 686 3089 imitationes
703 3013 875 3089 malorum
895 3011 1050 3088 militare
1067 3012 1253 3087 concessit.
1271 3014 1408 3087 Verum
1426 3019 1514 3085 sunt

289 3126 433 3224 quidam
454 3127 516 3226 qui
536 3127 588 3203 sic
610 3127 721 3225 impie
736 3127 796 3225 pii,
812 3137 854 3201 ut
870 3127 992 3201 dicant
1008 3122 1150 3218 nullum
1168 3121 1289 3220 gladio
1305 3122 1432 3199 debere
1449 3146 1514 3220 pu-

291 3238 375 3327 niri,
387 3264 455 3315 nec
467 3264 605 3340 paenam
621 3239 745 3314 mortis
758 3236 972 3315 criminibus
983 3235 1154 3312 adhiberi.
1167 3235 1311 3310 Similes
1322 3234 1381 3311 his
1393 3236 1454 3334 qui
1472 3233 1516 3310 ob

289 3352 516 3449 virginitatis
532 3352 765 3450 privilegium
789 3351 935 3449 nuptias
953 3349 1224 3452 reprehendunt
1243 3353 1390 3425 Etcum
1407 3349 1509 3424 iuxta

291 3466 499 3562 Apostolum
514 3489 585 3540 non
602 3465 651 3540 sit
663 3473 818 3564 potestas
831 3464 901 3538 nisi
914 3489 936 3538 a
949 3466 1032 3552 Deo,
1046 3466 1118 3538 Deo
1131 3461 1361 3538 convincitur
1373 3461 1514 3537 resista-

292 3602 341 3665 re,
354 3577 416 3675 qui
429 3577 511 3653 vult
525 3587 738 3676 potestatum
753 3575 897 3672 legibus
909 3577 1064 3652 obviare.
1078 3575 1288 3651 Ambrosius
1300 3600 1410 3673 supra
1423 3574 1516 3674 psal·

291 3716 390 3763 mum
408 3691 509 3765 Beati
527 3689 749 3765 immaculati
768 3689 947 3766 clamante
963 3688 1047 3763 dum
1075 3687 1136 3764 ait.
1153 3691 1280 3766 Nonne
1305 3689 1515 3764 innocentes

291 3805 403 3879 tradis
420 3804 608 3903 exitio,qui
622 3803 753 3881 liberas
770 3804 815 3879 ab
832 3802 981 3879 interitu
999 3825 1101 3877 reum
1119 3801 1314 3876 multorum
1332 3800 1442 3877 exitia
1459 3823 1515 3876 co-

294 3918 498 4013 gitantem?
513 3917 608 3992 Hinc
621 3917 854 4013 Augustinus
870 3942 977 4016 super
990 3916 1194 3991 Iohannem.
1208 3916 1245 3990 Si
1264 3926 1412 4014 possunt
1428 3914 1514 3989 mali

291 4029 573 4125 persecutionem
584 4028 701 4104 facere
710 4028 822 4116 bonis,
831 4039 971 4127 propter
981 4053 1110 4105 nomen
1122 4028 1270 4118 Christi,
1279 4053 1346 4104 cur
1359 4036 1515 4125 nou'pos

289 4151 376 4216 sunt
392 4141 673 4239 persecutionem
692 4141 765 4238 pati
782 4139 921 4215 abonis
939 4155 1081 4241 propter
1097 4166 1227 4218 nomen
1241 4141 1402 4219 Christi?
1416 4142 1513 4218 Hinc

291 4253 544 4351 Hieronymus,
552 4252 748 4329 homicidas
756 4262 793 4327 et
801 4252 996 4350 sacrilegos
1008 4255 1148 4351 punire,
1158 4277 1227 4328 uon
1237 4264 1292 4329 est
1300 4252 1426 4329 effirsio
1434 4278 1513 4328 san-

294 4366 430 4462 guinis.
439 4370 529 4442 Item
539 4365 770 4443 Innocentius
780 4369 885 4464 Papa.
893 4367 988 4440 Dum
1006 4365 1129 4463 legum
1146 4367 1316 4441 atrocitas
1333 4366 1370 4440 in
1388 4365 1515 4464 impios

290 4493 491 4576 exercetur,
501 4479 572 4557 crit
587 4481 740 4558 dictator
757 4478 941 4556 immunis.
955 4484 1004 4554 At
1018 4479 1087 4553 alii-
1099 4478 1236 4555 Idumei
1252 4489 1290 4555 et
1301 4478 1515 4556 Damasoeni
