3608 5498
825 391 1000 454 ..85-

293 511 410 586 solvit.
423 515 583 609 Itemque
596 521 762 586 sanctum
772 511 1204 587 Flaviananraeeorum
1216 514 1430 590 Pontificum
1440 541 1520 590 con·

292 623 505 721 gregatione
521 622 752 720 dampnatum
772 624 847 722 pari
865 635 990 701 tenore
1011 623 1180 721 quoniam
1205 625 1279 699 sola
1303 627 1403 702 sedes
1428 634 1519 725 Apo·

289 737 416 812 stoliea
433 761 503 812 non
521 737 702 812 consensit
718 738 883 814 absolvit.
902 736 1136 834 potiusquam
1163 737 1224 835 qui
1249 738 1326 815 illic
1353 750 1518 838 receptus

292 850 409 925 luerat
423 850 613 924 Dioscorus
626 851 791 925 secundm
804 850 898 926 sedis
911 849 1100 948 praesulem
1114 877 1180 924 sua
1192 853 1405 929 auctoritate
1419 854 1516 928 dam·

295 963 432 1062 pnavit
444 963 640 1061 etimpiam
654 964 817 1039 sinodum
830 990 901 1040 non
914 964 1165 1040 consentiendo
1178 966 1252 1039 sola
1265 968 1470 1058 summovit,
1483 978 1519 1055 et

293 1089 335 1153 ut
351 1078 511 1176 synodus
528 1077 801 1153 Calcedonensis
817 1081 919 1155 fieret
935 1079 1009 1153 sola
1026 1079 1195 1154 decrevit.
1212 1081 1309 1157 Idem
1327 1082 1365 1154 in
1382 1083 1516 1158 eadem.

291 1195 368 1266 Nee
385 1191 489 1288 plane
507 1201 668 1267 tacemus
686 1192 779 1289 quod
796 1202 927 1267 cuneta
946 1217 1008 1290 per
1027 1193 1199 1267 mundum
1225 1195 1326 1269 novit
1350 1195 1514 1272 eeclesia.

294 1305 470 1392 Quoniam
487 1304 728 1402 quorumlibet
739 1307 928 1381 sententiis
941 1306 1056 1401 ligata
1070 1306 1289 1402 pontificum,
1302 1308 1403 1382 sedes
1416 1308 1511 1383 beati

296 1419 393 1494 Petri
410 1418 469 1492 ins
485 1419 615 1494 habeat
631 1420 771 1508 resolvi,
788 1436 829 1493 ut
846 1430 924 1517 pote
941 1445 1021 1518 quae
1038 1420 1081 1494 de
1097 1420 1194 1494 omni
1211 1420 1365 1496 ecelesia
1383 1423 1437 1496 las
1454 1422 1515 1495 ha·

294 1534 375 1609 beat
391 1534 584 1621 indicandi,
602 1558 718 1631 neque
735 1534 903 1631 cuiquam
921 1533 1029 1609 liceat
1045 1535 1088 1608 de
1105 1534 1183 1609 eins
1199 1534 1360 1610 iudicare
1374 1535 1515 1611 iudicio.

292 1647 474 1746 Siquidem
492 1648 537 1721 ad
554 1647 652 1720 illam
669 1648 711 1722 de
728 1648 887 1745 qualibet
906 1647 1029 1722 mundi
1048 1657 1146 1745 parte
1164 1671 1318 1724 canones
1331 1649 1514 1747 appellare

294 1761 483 1848 voluerint,
504 1761 548 1836 ab
565 1761 627 1834 illa
654 1772 775 1837 autem
800 1786 903 1838 nemo
927 1762 976 1837 sit
999 1762 1178 1860 appellare
1202 1763 1406 1859 permissae.
1424 1766 1518 1850 Qua·

292 1885 432 1973 propter
448 1874 536 1948 satis
557 1884 696 1950 constat
721 1877 914 1953 Achatium
940 1877 1083 1950 nullum
1105 1876 1273 1951 habuisse
1298 1878 1513 1953 Pontificum

291 1987 504 2063 sententiam
517 1988 612 2062 sedis
626 1990 825 2087 Apostolice
838 1991 915 2065 sine
930 1991 1004 2065 ulla
1017 1991 1095 2066 eins
1104 1992 1245 2067 notione
1254 1992 1423 2067 solvendi.
1433 1996 1513 2080 Qua

291 2111 387 2177 certe
404 2102 540 2199 synodo
555 2102 622 2178 hoe
640 2103 699 2179 ille
716 2105 942 2203 praesumpsit
958 2104 1051 2201 quod
1067 2128 1134 2178 nec
1150 2103 1204 2178 sic
1221 2103 1354 2201 absque
1378 2115 1514 2200 aposto·

293 2216 363 2292 lica
379 2216 460 2292 sede
478 2217 533 2290 fas
549 2218 691 2314 quidem
709 2218 839 2293 babere
865 2220 1015 2293 efficere.
1033 2217 1147 2292 Cuius
1173 2217 1267 2292 sedis
1292 2212 1516 2314 Episcopus?

292 2330 396 2405 cuins
414 2332 691 2428 metropolitana
708 2332 868 2409 civitatis
885 2332 1058 2406 antistes?
1075 2335 1202 2407 Nonne
1228 2330 1421 2428 parrochia
1447 2334 1515 2405 He-

298 2444 656 2520 raclensisecclesiae.
1486 2437 1488 2442 ’

852 2675 960 2759 ΟΙΙΙΙ.

387 2907 640 2982 Dilectissimis
658 2906 829 2981 fratribus
847 2905 1027 2981 universis
1045 2907 1229 3005 Episcopis
1242 2931 1304 3004 per
1318 2908 1512 2990 Lucaniam

290 3019 504 3094 constitutis.
522 3019 698 3094 Gelasius.
712 3019 885 3094 Basilicas
899 3021 1039 3096 noviter
1051 3021 1239 3095 institutas
1252 3044 1322 3095 non
1335 3021 1457 3118 petitis
1469 3046 1513 3097 ex

291 3155 386 3206 more
404 3133 697 3231 preceptionibus
714 3133 877 3209 dedicare
895 3159 999 3210 nemo
1015 3135 1153 3209 audeat.

868 3360 938 3441 ΟΥ.

386 3586 481 3661 Satis
499 3587 688 3682 indignum
706 3597 760 3663 est
785 3613 1009 3687 quemquam¹
1025 3589 1237 3664 Pontificum
1263 3589 1322 3664 rel
1347 3589 1512 3664 ordinum

291 3700 585 3799 subsequentium
602 3701 696 3776 hauc
713 3703 978 3779 observantiam
996 3704 1163 3791 refutare,
1180 3729 1287 3802 quam
1304 3703 1400 3778 beati
1413 3705 1511 3780 Petri

289 3816 408 3891 sedem
425 3815 552 3914 exequi
570 3817 691 3892 videat
707 3828 743 3892 et
760 3819 893 3893 docere.
911 3818 1078 3916 Satisque
1095 3818 1313 3894 conveniens
1331 3817 1390 3907 sit,
1408 3830 1449 3894 ut
1461 3830 1511 3893 to

289 3942 367 4004 tum
392 3953 521 4028 corpus
543 3931 702 4007 Ecclesia
720 3932 756 4005 in
783 3931 850 4008 hac
876 3932 1018 4007 sibimet
1043 3931 1287 4006 observatione
1312 3932 1511 4019 concordet,

289 4042 374 4140 quia
391 4042 467 4118 illic
484 4042 611 4138 vigere
627 4045 834 4142 conspiciat,
851 4045 914 4119 ubi
940 4046 1114 4120 Dominus
1135 4045 1307 4121 Ecclesia
1328 4045 1438 4120 totius
1455 4069 1511 4144 po·

289 4157 362 4231 snit
378 4156 629 4254 principatum.
647 4162 693 4232 Et
717 4171 795 4257 post
820 4183 944 4257 pauca.
968 4163 1016 4233 Et
1040 4160 1072 4233 si
1097 4159 1161 4231 illa
1182 4182 1438 4256 nonnunquam
1464 4158 1511 4232 si·

289 4271 404 4345 nenda
420 4282 516 4359 sunt,
534 4296 612 4369 quae
630 4273 659 4345 si
677 4284 877 4347 ceterorum
905 4281 1043 4348 constat
1069 4270 1262 4367 integritas
1287 4271 1361 4346 sola
1381 4293 1509 4346 nocere

289 4406 359 4458 non
375 4382 531 4472 valeant
548 4384 610 4458 illa
626 4395 747 4460 tamen
765 4396 849 4460 sunt
868 4411 1083 4485 magnopere
1101 4387 1332 4484 precavenda
1354 4411 1433 4485 qum
1459 4410 1510 4462 re·

287 4497 358 4595 cipi
377 4499 453 4574 sine
471 4499 662 4576 manifesta
679 4502 937 4578 decoloratione
954 4525 1022 4575 non
1050 4511 1206 4598 possunt.
1232 4505 1287 4575 Ae
1312 4501 1343 4574 si
1368 4525 1410 4575 ea
1432 4498 1508 4596 ipsa
