3608 5498
969 388 1142 451 ...86-

445 536 524 609 quas
541 508 640 582 nullo
662 507 875 582 detrimento
900 508 1112 607 aliquotiens
1135 507 1357 605 indulgenda
1383 510 1580 585 creduntur
1606 510 1666 585 vel

444 649 563 699 rerum
582 632 852 719 temporumque
864 622 964 718 cogit
980 621 1146 712 intuitus,
1159 621 1218 697 vel
1235 622 1432 698 accelerate
1450 622 1667 720 provisionis

445 745 627 834 respectus
650 746 809 825 excusat,
834 745 967 833 quanto
993 736 1111 832 magis
1135 736 1198 809 illa
1224 737 1434 814 nullatenus
1463 737 1664 812 mutilanda

444 860 540 939 sunt,
557 875 636 948 quae
653 874 720 925 nec
737 850 811 924 ulla
829 850 1024 926 necessitas
1040 876 1106 926 nec
1128 851 1372 928 ecclesiastica
1389 876 1534 950 prorsus
1551 862 1665 927 extor-

444 976 528 1063 quet
545 964 711 1039 utilitas?

1011 1195 1097 1277 cll.

539 1417 629 1488 Item
648 1412 819 1511 opuscula
836 1424 943 1510 atque
961 1423 1137 1488 tractatus
1150 1437 1272 1489 ornnes
1285 1414 1506 1490 diversorum
1520 1426 1664 1514 patrum

444 1527 713 1602 orthodoxorum
731 1526 848 1625 quiin
861 1525 994 1600 nulloa
1012 1536 1147 1602 sanctae
1160 1530 1328 1602 Romanae
1340 1527 1511 1603 Ecclesiae
1527 1551 1666 1603 consor-

443 1640 493 1716 tio
505 1641 754 1728 deviaverunt,
770 1665 836 1715 nec
853 1641 897 1714 ab
917 1639 996 1715 eius
1013 1640 1108 1714 fideli
1126 1641 1375 1739 predicatione
1396 1641 1550 1718 seiuncti
1568 1651 1665 1730 sunt,

445 1754 504 1830 sed
521 1755 634 1849 ipsius
652 1754 912 1830 communionis
929 1777 1042 1851 usque
1060 1754 1096 1827 in
1112 1754 1279 1829 ultimum
1294 1757 1386 1832 diem
1402 1757 1486 1831 vitre
1499 1783 1573 1831 suae
1591 1756 1665 1832 fue·

445 1881 531 1945 runt
547 1870 748 1968 participes,
766 1869 915 1965 legenda
933 1868 1169 1944 decernimus.

1008 2100 1113 2183 (ΝΗ.

538 2337 705 2413 simacho
731 2337 901 2436 Episcopo
928 2336 1097 2414 Ecclesia
1123 2337 1317 2413 Catholicae
1348 2337 1456 2412 Urbis
1480 2340 1600 2411 Roma
1624 2335 1663 2410 in
1752 2425 1754 2429 ⁷

443 2451 591 2529 concilio
604 2453 746 2527 coxa
756 2452 1098 2550 VIII-episcoporum
1112 2450 1333 2548 praesidente,
1343 2449 1545 2523 Emilianus
1556 2452 1665 2523 Nota·
1743 2517 1744 2520 ,

444 2566 518 2639 rius
535 2564 662 2663 synodi
680 2563 821 2639 decreta
838 2564 1008 2662 vulgavit
1025 2565 1157 2640 dicens
1183 2564 1221 2637 Si
1248 2564 1329 2661 quis
1350 2567 1447 2661 Papa
1473 2561 1663 2662 superstite

444 2702 505 2778 pro
521 2682 679 2753 Romano
696 2678 911 2754 Pontificatu
929 2679 1098 2776 cuiquam
1115 2677 1272 2776 quolibet
1289 2678 1390 2752 modo
1403 2678 1560 2752 favorem
1579 2701 1664 2774 prae·

443 2803 537 2868 stare
555 2790 795 2879 convincitur,
811 2791 879 2866 loci
898 2791 954 2864 sui
971 2791 1093 2866 ordine
1112 2791 1284 2889 privetur.
1302 2795 1348 2866 Et
1373 2801 1451 2889 post
1476 2815 1599 2888 pauca.
1625 2791 1663 2863 Si

442 2907 521 3006 quis
539 2905 733 3004 Presbyter
749 2916 813 2980 aut
830 2905 1010 2981 Diaconus
1034 2918 1098 2982 aut
1123 2907 1287 2982 Clericus
1310 2909 1407 3004 Papa
1434 2904 1604 2981 incolumi
1627 2917 1664 2980 et

442 3044 482 3097 eo
494 3021 704 3109 inconsulto,
716 3032 780 3095 aut
793 3020 1089 3118 supscriptionem
1103 3043 1165 3117 pro
1178 3020 1558 3093 RomanoPontificatu
1568 3040 1663 3094 com·

442 3135 594 3221 modare,
616 3143 680 3209 aut
705 3133 857 3231 pictacia
882 3132 1100 3231 promittere,
1127 3145 1191 3209 aut
1215 3146 1480 3210 sacramentum
1508 3133 1662 3231 praebere

440 3249 678 3348 temptaverit,
696 3259 759 3322 aut
775 3247 917 3346 aliquod
934 3258 1030 3322 certe
1048 3247 1262 3344 suffragium
1282 3247 1452 3345 polliceri,
1466 3247 1524 3322 vel
1539 3247 1661 3323 dehac

440 3389 550 3439 causa
567 3361 717 3460 privatis
733 3360 996 3437 conventiculis
1013 3361 1118 3437 lactis
1135 3361 1330 3436 deliberare
1348 3373 1455 3459 atque
1472 3361 1661 3436 decernere

441 3480 605 3567 volucrit,
622 3477 690 3551 loci
708 3477 764 3550 sui
781 3477 959 3572 dignitate
977 3475 1035 3550 vel
1053 3475 1302 3550 communione
1321 3475 1492 3572 privetur.
1510 3475 1663 3550 Univer-

443 3617 481 3665 sa
495 3590 654 3689 synodus
668 3613 822 3685 surgens
838 3589 1063 3665 acclamavit.
1078 3588 1215 3663 Exaudi
1230 3589 1383 3665 Christe.
1397 3587 1564 3663 Simacho
1575 3588 1661 3664 vita.

443 3705 587 3781 Dictum
606 3714 661 3778 est
677 3703 803 3779 decies.
818 3706 892 3776 Pax
904 3729 988 3778 cunr
1002 3702 1184 3801 Symacho
1197 3703 1332 3777 dictum
1347 3714 1400 3778 est
1421 3706 1530 3778 ΧΨ·
1548 3702 1662 3779 Cuius

442 3820 559 3894 sedern
577 3828 613 3893 et
628 3842 741 3891 annos
758 3818 893 3892 dictum
919 3828 973 3893 est
997 3818 1115 3893 octies
1143 3817 1224 3890 Pari
1250 3819 1441 3893 severitate
1460 3817 1659 3893 feriendum

442 3933 606 4031 eum,qui
615 3932 775 4008 hocvivo
784 3933 878 4007 sicut
887 3933 1023 4008 dictum
1034 3942 1089 4006 est
1098 3930 1269 4010 Pontifice
1278 3931 1434 4030 quolibet
1443 3932 1544 4007 modo
1554 3932 1662 4007 luerit

441 4047 609 4123 ambiisse
626 4046 814 4123 convictus
826 4057 890 4120 aut
902 4058 997 4122 certe
1010 4056 1215 4142 temptasse,
1227 4045 1392 4120 omnibus
1405 4045 1538 4143 pariter
1554 4045 1662 4120 huius

442 4164 547 4261 culpe
565 4167 635 4238 reis
651 4161 890 4236 anathematis
908 4186 1008 4259 paena
1025 4158 1230 4258 plectendis
1252 4158 1442 4234 Simachus
1467 4157 1663 4257 Episcopus

443 4278 541 4351 dixit.
550 4280 648 4372 Ergo
656 4275 883 4350 universitati
894 4276 1020 4373 placet,
1033 4284 1068 4350 et
1080 4275 1125 4346 ab
1138 4273 1302 4347 omnibus
1316 4273 1595 4369 recognoscitur,
1603 4273 1663 4348 vel

444 4391 612 4488 probatur
630 4390 698 4464 ista
716 4390 903 4465 sententia.
921 4389 1098 4464 Universa
1112 4388 1271 4487 synodus
1284 4389 1373 4463 dixit
1387 4387 1510 4463 Placet
1522 4399 1558 4462 et
1570 4388 1663 4485 quod

445 4503 609 4578 omnibus
625 4501 741 4601 placet
758 4503 829 4576 fiat.
847 4504 885 4576 Si
908 4504 998 4601 quod
1015 4502 1109 4577 absit
1129 4503 1304 4578 transitus
1331 4506 1435 4600 Papae
1459 4501 1662 4600 inopinatus
