3608 5498
803 413 976 474 ..59-

788 648 1004 733 XXXVIIII.

387 878 560 975 Episcopo
576 899 648 950 non
666 874 774 952 licere
792 899 854 974 pro
871 900 908 950 sc
921 876 1033 952 alium
1048 903 1288 956 successorem
1303 880 1372 956 sibi
1385 881 1515 958 consti·

288 1002 399 1081 tuere,
415 991 502 1067 licet
517 991 563 1064 ad
580 990 719 1065 exitum
737 988 822 1064 vitae
839 991 1034 1087 perveniat.
1052 993 1152 1079 Quod
1169 992 1200 1066 si
1217 992 1289 1068 tale
1306 994 1444 1092 aliquid
1462 994 1479 1067 f
1500 1037 1511 1050 ·

288 1114 387 1179 ctum
405 1103 527 1193 fuerit,
542 1103 692 1177 irritum
704 1128 780 1178 csse
798 1103 1042 1179 huiuscemodi
1067 1107 1314 1182 constitutum.
1337 1111 1512 1183 Servetur

288 1227 409 1294 autem
426 1219 484 1293 ius
500 1218 784 1295 ecclesiasticum
802 1219 838 1292 id
855 1219 1052 1309 continens
1069 1221 1134 1297 hoc
1150 1231 1286 1319 oportet
1311 1245 1380 1296 non
1406 1223 1511 1297 aliter

292 1332 379 1421 fieri,
394 1332 464 1406 nisi
481 1358 565 1408 cum
583 1332 703 1406 sinodo
719 1342 755 1407 et
772 1332 903 1407 iudicio
919 1333 1184 1432 Episcoporum,
1202 1336 1264 1433 qui
1282 1346 1360 1434 post
1376 1335 1511 1410 obitum

290 1446 509 1545 quiescentis
525 1456 733 1544 potestatem
751 1446 859 1521 habet
875 1446 936 1545 qui
954 1446 1088 1543 dignus
1104 1447 1285 1523 exstiterit
1302 1448 1512 1546 promoveri.

868 1677 937 1760 XL.

386 1904 489 1979 Nulli
507 1903 681 2003 Episcopo
705 1905 813 1980 liceat
837 1929 858 1978 a
884 1904 1070 2001 parrochia
1093 1905 1132 1978 in
1156 1905 1264 1980 aliam
1288 1906 1510 2005 parrochiam

291 2018 442 2093 transire
460 2041 574 2115 neque
586 2041 649 2114 per
662 2016 883 2092 voluntatem
903 2046 1017 2109 suam,
1030 2045 1180 2119 nequea
1198 2021 1337 2119 populis
1349 2021 1423 2095 vim
1437 2045 1514 2118 pas-

291 2157 382 2220 sum,
399 2156 515 2229 neque
527 2131 570 2206 ab
583 2131 764 2229 aliquibus
778 2131 961 2233 Episcopis
974 2145 1148 2211 coactum.
1163 2138 1376 2211 Permanere
1389 2145 1510 2211 autem

293 2270 374 2320 cum
391 2255 550 2343 oportere
567 2245 606 2318 in
624 2270 694 2343 qna
711 2246 897 2321 ordinatus
913 2261 967 2324 est
984 2249 1209 2325 adominuin
1222 2250 1406 2348 principio,
1418 2249 1514 2324 sicut

293 2367 362 2442 iam
382 2367 515 2441 dudum
534 2376 588 2442 cst
605 2366 791 2465 prolatum.

860 2586 948 2670 XLI.

387 2813 705 2891 Commonitorium
722 2813 826 2888 fratri
844 2812 1015 2887 Faustino
1031 2813 1215 2910 Episcopo,
1232 2822 1269 2887 et
1281 2811 1366 2886 filiis
1383 2809 1516 2908 Philip

295 2938 390 3028 poet
408 2928 527 3004 Asello
545 2928 781 3027 Presbyteris.
803 2928 965 3003 Zosimus
981 2926 1187 3024 Episcopus.
1200 2924 1311 3000 Vobis
1326 2925 1515 3001 commisse

294 3042 438 3141 nepotis
455 3066 525 3116 non
543 3042 668 3130 latent,
687 3043 796 3117 etiam
814 3065 877 3117 vos
893 3041 944 3114 ita
962 3065 1004 3114 ac
1021 3039 1053 3113 si
1070 3050 1202 3127 nostra,
1218 3038 1328 3112 immo
1347 3036 1432 3135 quia
1456 3060 1515 3112 no

292 3167 367 3232 stra
383 3156 433 3230 ibi
451 3156 490 3229 in
507 3154 609 3229 vobis
626 3154 815 3253 praesentia
831 3163 886 3229 cst
902 3163 1035 3228 cuncta
1052 3151 1224 3250 peragite,
1250 3151 1407 3226 maxime
1430 3175 1515 3226 curn

292 3270 359 3346 hoc
368 3280 528 3344 nostrum
542 3269 685 3366 possitis
697 3268 826 3343 habere
841 3268 1062 3355 mandatum,
1075 3277 1112 3342 et
1124 3265 1234 3340 verba
1247 3271 1424 3342 canonum
1436 3288 1517 3362 quae

294 3385 536 3483 impleniorem
564 3385 769 3457 firmitatem
795 3382 880 3458 huic
906 3380 1174 3458 commonitori0
1202 3379 1431 3454 inseruimus.
1460 3380 1516 3451 lta

292 3500 386 3575 enim
399 3500 569 3574 dixerunt
582 3498 711 3573 fratres
725 3497 763 3572 in
778 3496 939 3573 Concilio
951 3495 1098 3571 Niccno.
1107 3494 1199 3569 Cum
1209 3493 1253 3568 de
1263 3492 1515 3590 Episcoporum

292 3612 527 3712 appellatione
543 3613 786 3689 decernerent.
804 3611 948 3686 Placuit
960 3619 1093 3698 autem,
1106 3620 1148 3683 nt
1159 3607 1191 3682 si
1204 3607 1401 3706 Episcopus
1412 3629 1517 3680 accu-

293 3738 392 3801 satus
409 3727 530 3814 fuerit,
552 3737 587 3802 et
612 3727 853 3802 iudicaverint
880 3722 1091 3820 congregati
1117 3719 1293 3818 Episcopi.
1317 3722 1365 3794 Et
1388 3726 1516 3794 cetera.

293 3845 410 3938 Quere
428 3849 521 3915 retro
538 3839 575 3913 in
591 3838 755 3922 ‚Concilio
773 3837 977 3914 sardicensi
995 3834 1152 3934 capitulo
1169 3836 1286 3908 XXII.

857 4068 963 4152 XLII.

365 4299 516 4387 Placuit,
534 4310 575 4374 ut
591 4300 808 4398 quicumque
825 4252 871 4371 ad
884 4295 1093 4372 comitatum
1106 4295 1158 4369 ire
1172 4293 1337 4382 voluerit,
1349 4292 1516 4367 informe·

294 4423 330 4487 ta
343 4437 422 4511 quae
435 4413 479 4487 ad
492 4413 625 4489 Urbem
639 4416 785 4487 Romam
801 4409 960 4486 mittitur
973 4409 1171 4498 intimetur,
1185 4416 1225 4482 ut
1237 4407 1330 4484 idem
1348 4407 1456 4482 etiam
1473 4405 1517 4480 ad

293 4525 500 4601 comitatum
523 4526 672 4602 formam
692 4525 855 4625 accipiat.
873 4523 973 4613 Quod
994 4522 1026 4597 si
1046 4521 1225 4619 accipiens
1249 4520 1293 4595 ad
1319 4523 1513 4595 Romanam
