3608 5498
799 382 996 447 -478-

287 515 322 582 et
339 505 487 604 reliquis
503 505 644 581 clericis
658 506 762 581 iuxta
779 503 1080 602 compositionem,
1097 512 1134 577 et
1150 502 1292 577 bannus
1306 510 1440 577 noster.
1456 501 1518 575 Si·

288 619 421 693 militer
439 643 501 716 per
518 619 635 693 omnia
653 619 695 694 de
713 619 788 694 ictu
806 617 883 691 sine
902 616 1093 712 sanguinis
1111 615 1291 705 effusione,
1303 627 1341 690 et
1357 617 1515 713 insuper

286 732 426 805 bannus
444 742 572 807 noster.
590 737 635 805 Et
651 732 712 828 qui
732 754 800 804 non
821 730 929 804 habet
945 730 1039 803 uude
1061 729 1249 825 persolvat,
1274 729 1379 803 dedat
1403 752 1444 802 se
1471 729 1514 801 in

287 845 476 919 servitium
501 844 682 933 ecclesie,
698 844 897 942 usquedum
922 850 1037 916 totum
1062 841 1222 916 debitum
1248 840 1437 939 persolvat.
1465 842 1513 914 In

288 958 432 1032 eisdem.
456 960 506 1033 De
525 958 743 1056 presbytero,
758 967 794 1032 et
809 957 852 1031 de
868 956 1152 1052 uniuscuiusque
1176 955 1310 1030 ordinis
1335 953 1431 1029 clero
1457 977 1515 1028 se·

288 1070 446 1145 cundum
465 1096 568 1144 suam
584 1069 869 1167 compositionem
887 1069 925 1142 in
942 1069 1050 1166 triplo
1067 1070 1302 1167 persolvatur,
1314 1077 1351 1143 et
1362 1067 1514 1142 bannus

154 1208 157 1213 ’
288 1192 408 1258 noster
425 1182 454 1256 si
473 1182 593 1279 aliqua
610 1183 744 1256 iniusta
760 1183 817 1255 vis
831 1181 882 1257 eis
895 1182 997 1256 illata
1010 1182 1129 1258 fuerit.
1142 1184 1185 1257 In
1197 1182 1340 1257 eisdem.
1353 1180 1516 1277 Presby-

288 1303 344 1368 ter
360 1294 572 1368 vulneratus
589 1304 653 1368 aut
669 1319 773 1370 cesus
790 1294 821 1368 si
846 1304 997 1369 mortem
1013 1296 1180 1384 evaserit,
1196 1295 1282 1369 vitm
1297 1293 1514 1391 compositio

289 1407 392 1481 cedat
408 1407 622 1505 presbytero.
643 1407 680 1479 Si
697 1429 783 1483 vero
800 1416 961 1481 mortuus
978 1407 1099 1496 fuerit,
1114 1406 1220 1480 altari
1244 1405 1304 1481 oui
1328 1404 1518 1481 serviebat

289 1541 371 1614 pars
388 1543 472 1608 una,
488 1518 601 1594 altera
618 1519 800 1618 Episcopo,
816 1521 883 1593 ΙΙΙ·
902 1520 1109 1617 parentibus
1126 1517 1297 1594 solvatur.

800 1682 897 1768 obv.
924 1681 1001 1780 (sic)

558 1838 640 1891 Item
659 1798 846 1891 ex'eisdem
863 1840 993 1904 legibus
1012 1851 1085 1906 cop.
1104 1842 1237 1894 xxvn.

388 1971 457 2057 Qui
486 1971 740 2047 subdiaconum
765 1972 934 2047 occiderit
959 1974 1051 2050 CCC
1077 1972 1196 2049 solidis
1221 1982 1420 2071 componat,
1448 1975 1519 2070 qui

294 2083 481 2158 diaconum
496 2085 618 2160 CCCC
630 2084 762 2171 solidis,
774 2085 836 2182 qui
850 2086 1107 2183 Presbyterum
1122 2088 1193 2162 DC.
1206 2088 1275 2175 Qui
1291 2086 1518 2161 monachum

292 2197 383 2273 CCC
401 2197 520 2270 solidis
538 2211 732 2293 componat.
750 2201 841 2272 Item
862 2198 899 2270 in
926 2198 1058 2273 eisdem
1077 2224 1152 2295 cap.
1176 2203 1239 2273 ΙΙΙ.
1262 2198 1446 2273 Volumus
1474 2209 1521 2273 ut

293 2330 356 2404 pro
373 2308 614 2384 ecclesiastico
629 2309 769 2399 honore,
787 2318 822 2382 et
838 2335 899 2407 pro
917 2310 1060 2385 illorum
1080 2313 1281 2387 reverentia
1307 2312 1519 2387 sacerdotes

292 2421 481 2495 advocatos
497 2420 638 2496 habent.

843 2557 957 2641 corr.
1068 2532 1071 2537 ’

387 2756 428 2826 Iu
447 2753 655 2848 Evangelio.
680 2753 800 2828 Nolite
825 2753 1058 2830 condemnare
1083 2766 1119 2830 et
1143 2779 1213 2829 non
1238 2756 1522 2852 condempnabi-

211 2956 216 2963 .
293 2865 393 2937 mini.
410 2868 452 2938 In
470 2889 539 2962 quo
551 2867 646 2941 enim
661 2866 792 2941 iudicio
809 2866 1054 2943 iudicaveritis
1071 2868 1328 2943 iudicabimini.
1345 2868 1384 2940 Si
1402 2871 1523 2947 scire-

293 2977 341 3051 tis
358 2978 449 3074 quod
462 3000 529 3073 ego
547 2978 824 3053 misericordiam
841 2977 922 3053 volo
937 2990 974 3054 et
989 3004 1058 3055 non
1078 2980 1306 3068 sacrificium,
1320 3004 1518 3079 nunquam

293 3089 617 3186 condempnassetis
631 3090 866 3164 innocentem.
879 3092 921 3164 In
934 3092 1073 3167 actibus
1090 3093 1347 3191 Apostolorum.
1360 3097 1444 3169 Non
1459 3106 1523 3173 cst

292 3202 508 3275 consuetudo
525 3205 763 3275 Romanorum
782 3202 904 3275 donari
922 3202 1078 3303 aliquem
1095 3203 1286 3295 homiuem,
1298 3205 1521 3303 priusquam
1545 3280 1548 3285 .

292 3313 324 3386 is
349 3313 410 3411 qui
428 3324 575 3387 accusat
596 3323 776 3410 presentes
792 3312 924 3388 habeat
939 3327 1174 3403 accusatores,
1191 3316 1378 3415 locumque
1390 3317 1522 3394 defen-

292 3424 559 3522 dendiaccipiat
571 3425 798 3500 adabluendu
815 3425 976 3501 crimina.
993 3427 1167 3503 Iohannes
1180 3428 1428 3525 Evangelista.
1442 3432 1523 3504 Ka-

293 3539 427 3612 rissimi
449 3539 559 3615 nolite
580 3539 676 3614 omni
694 3540 837 3638 spiritui
858 3538 1084 3629 credere,sed
1101 3540 1244 3637 probato
1265 3541 1424 3640 Spiritus
1451 3545 1522 3641 qui

292 3675 336 3726 ex
353 3654 425 3725 Deo
438 3651 496 3738 sit,
514 3653 680 3748 quoniam
698 3651 805 3727 multi
823 3650 1132 3749 pseudoprophetae
1153 3652 1318 3728 exierunt
1340 3652 1379 3725 in
1405 3678 1524 3730 mun·

293 3763 389 3837 dum.
402 3764 560 3839 Iacobus.
573 3764 749 3839 Iudicium
764 3764 842 3840 sine
856 3765 1096 3840 misericordia
1109 3764 1174 3853 illi,
1187 3766 1248 3863 qui
1262 3789 1331 3839 non
1345 3766 1434 3841 fecit
1449 3768 1524 3842 mi·

291 3876 529 3962 sericordiam,
542 3875 781 3975 superexaltet
793 3885 913 3951 autem
924 3876 1165 3951 misericordia
1174 3876 1358 3951 iudicium.
1371 3878 1524 3955 Paulus

290 3988 335 4061 ad
348 3988 479 4062 Titum.
492 3988 577 4061 Sine
591 3987 795 4084 praeiudicio
808 3987 921 4063 nichil
938 3989 1049 4062 facias
1067 3988 1104 4060 iu
1121 3986 1230 4063 aliam
1247 3997 1383 4084 partem
1403 3989 1525 4067 decli-

290 4099 415 4172 nando.
433 4098 608 4174 Clemens.
627 4102 757 4173 Omnes
774 4100 895 4194 legum
915 4099 1119 4173 divinarum
1134 4100 1332 4190 violatores,
1345 4110 1381 4174 et
1394 4127 1525 4178 sacra·

291 4235 371 4283 rum
385 4211 650 4286 institutionum
665 4212 924 4309 perturbatores
937 4211 1178 4287 ecclesiastica
1190 4212 1357 4306 indiguos
1371 4215 1525 4309 regula,

291 4332 328 4395 et
344 4333 468 4397 sancta
490 4324 737 4398 communione
761 4324 971 4399 iudicamus.
992 4324 1196 4399 Aneoletus.
1213 4327 1525 4419 Transgressores

290 4442 414 4530 sponte
432 4433 524 4530 legis
540 4460 615 4509 sure
630 4445 790 4532 apostata
812 4437 1052 4510 nominantur.
1077 4435 1202 4510 Omnis
1227 4435 1324 4510 enim
1348 4448 1525 4532 apostata
