3608 5498
801 396 996 458 -321-

292 515 382 587 ltem
415 513 451 587 in
477 513 547 588 alio
567 514 714 590 cartieio
739 525 833 590 torno
857 515 993 610 legitur
1017 525 1165 591 sanctus
1191 518 1286 614 Papa
1311 518 1377 591 Leo
1403 520 1507 592 VIIII

291 626 488 701 subdidisse
505 626 606 702 beato
623 630 729 703 Petro
747 628 1000 703 monasterium
1019 655 1124 703 suurn
1144 628 1253 703 situm
1272 631 1310 704 iu
1324 630 1508 705 Lotharin-

292 740 355 834 gia
373 739 411 812 in
429 742 633 838 episcopatu
648 799 739 818 .....
752 755 998 818 consecratum
1017 744 1052 816 in
1070 744 1238 818 honorem
1256 756 1389 820 sanctae
1408 748 1451 836 *I*
1473 756 1509 820 et

292 853 433 927 domurn
453 854 603 929 abbatiae
620 855 744 953 ipsius
768 866 804 931 et
820 856 1119 932 consecrationem
1138 857 1326 933 abbatissae
1343 869 1379 934 et
1392 858 1510 957 posuit

291 991 448 1041 annuam
475 969 680 1066 pensionem
707 969 974 1067 persolvendam
1006 969 1088 1045 Sedi
1119 971 1331 1069 Apostolioae
1359 996 1506 1047 auream

291 1080 431 1154 scilicet
440 1105 554 1155 rosam
569 1106 675 1179 penso
688 1082 839 1157 duarum
855 1083 1044 1157 unciarum
1056 1096 1367 1175 romanarumaut
1377 1087 1507 1161 factam

292 1203 333 1265 ut
351 1193 426 1266 fieri
454 1194 552 1282 solet,
570 1204 635 1269 aut
659 1196 869 1271 faciendam.
886 1196 998 1271 Debet
1015 1221 1099 1272 vero
1117 1198 1211 1273 mitti
1230 1202 1317 1274 VIII
1339 1200 1395 1275 die
1411 1209 1511 1275 ante·

291 1328 397 1401 quarn
416 1305 758 1381 consuetudinaliter
775 1307 913 1381 foratur
929 1312 1119 1384 aRomauo
1134 1312 1314 1389 Pontifice.
1327 1317 1415 1401 Quae
1428 1337 1511 1411 peu·

292 1419 343 1491 sio
365 1419 395 1491 si
414 1421 604 1517 postposita
623 1420 731 1494 fuerit
748 1419 910 1496 districte
928 1425 1096 1520 exigatur
1111 1425 1157 1500 ab
1173 1426 1351 1502 abbatissa
1374 1427 1412 1501 in
1429 1451 1510 1503 con-

290 1532 487 1606 secratione
504 1533 591 1606 eius
605 1534 694 1608 Item
714 1533 751 1605 in
769 1532 839 1607 alio
852 1534 998 1610 cartioio
1010 1545 1104 1610 tomo
1116 1546 1153 1611 et
1166 1535 1204 1610 iu
1218 1537 1355 1612 missali
1369 1541 1510 1614 Latera·

290 1646 412 1721 nensis
427 1645 560 1742 palatii,
570 1645 706 1743 legitur
719 1648 976 1723 monasterium
991 1650 1028 1722 in
1045 1649 1261 1725 Alamannia
1274 1651 1366 1750 quod
1376 1651 1513 1726 Sinlez·

290 1761 459 1856 zesaugia
472 1760 617 1850 dicitur,
633 1786 716 1836 cum
734 1761 899 1836 omuibus
916 1763 985 1838 sibi
1003 1762 1232 1861 pertiuentiis
1249 1764 1376 1839 ditioni
1390 1775 1426 1840 et
1442 1764 1512 1840 tui·

290 1873 378 1947 tioui
393 1874 494 1950 Sedis
512 1875 724 1973 Apostolioae
741 1875 923 1951 subditum
942 1902 1029 1964 esse,
1046 1888 1082 1952 et
1101 1878 1219 1953 Abbas
1232 1878 1332 1953 illius
1346 1878 1411 1955 loci
1431 1903 1511 1954 oon-

289 1999 450 2062 secratur
463 2015 483 2061 a
496 1993 653 2065 Romano
671 1990 842 2065 Pontifioe
855 2016 937 2066 oum
953 1990 1145 2068 dalmatica
1159 2001 1195 2067 et
1208 1992 1391 2081 sandaliis,
1403 1994 1513 2067 iuter·

289 2114 401 2177 ventu
419 2102 643 2201 imperatoris
660 2103 815 2178 Octonis.
833 2104 946 2180 Debet
959 2106 1139 2202 pensionis
1152 2106 1295 2180 nomine
1309 2105 1346 2179 iu
1360 2105 1416 2180 sui
1430 2129 1512 2180 con·

289 2219 485 2293 sacratione
498 2218 653 2294 codicem
672 2227 976 2295 sacramentorum
999 2222 1015 2292 l
1035 2218 1264 2317 epistolarum
1278 2223 1295 2293 l
1308 2218 1512 2315 evangelio·

290 2355 368 2402 rum
383 2333 399 2404 l
412 2355 520 2429 equos
533 2332 684 2421 albosll,
692 2332 797 2408 habet
811 2330 1004 2434 privilegia
1017 2355 1038 2404 a
1054 2335 1210 2407 Romano
1224 2333 1406 2407 Pontifico.
1419 2335 1508 2406 Item

290 2442 326 2515 in
341 2443 411 2516 alio
424 2444 560 2540 legitur
574 2445 690 2521 iunior
702 2446 880 2545 Agapitus
894 2445 1027 2518 locasse
1038 2443 1210 2517 Waldum
1224 2446 1285 2542 qui
1300 2443 1433 2520 dicitur
1447 2444 1514 2519 Ca·

289 2555 454 2630 tilianum
466 2583 547 2633 curn
563 2559 710 2635 castello
723 2583 788 2634 suo
800 2556 972 2643 civitella,
986 2566 1022 2631 et
1030 2566 1129 2631 turre
1140 2564 1216 2646 sua,
1227 2567 1263 2631 et
1272 2556 1425 2632 ecclesia
1433 2582 1513 2631 san·

290 2669 338 2743 cti
349 2672 543 2759 Laurentii,
552 2682 589 2745 et
597 2670 809 2746 vocabulum
820 2671 980 2746 eiusdem
989 2670 1211 2746 Veldildem
1222 2671 1310 2747 colle
1320 2671 1362 2747 de
1372 2694 1513 2760 mauu0,

289 2783 432 2859 silvade
446 2784 606 2880 longara,
616 2785 704 2861 colle
718 2784 761 2860 de
774 2785 905 2884 gripta,
915 2783 1039 2860 Filetri
1054 2794 1091 2859 et
1103 2794 1199 2859 terra
1212 2784 1434 2882 quedicitur
1444 2786 1510 2861 Ca-

290 2898 478 2986 misili,vel
490 2899 709 2997 quibusuliis
721 2898 924 2974 nominibus
933 2908 1201 2997 nuncupantur,
1210 2910 1336 2975 etcum
1347 2899 1512 2975 omnibus

289 3011 420 3086 finibus
437 3037 557 3088 eorum
577 3022 612 3088 et
629 3013 772 3088 eunctis
789 3013 841 3103 eis
858 3013 1116 3101 adiacentibus,
1132 3022 1168 3088 et
1190 3023 1330 3113 portum
1352 3013 1512 3088 fluminis

289 3125 481 3221 tyberiset
494 3127 804 3223 aquaeeiususque
816 3125 860 3198 ad
874 3124 1062 3199 dimidium
1078 3125 1198 3223 pelagi
1208 3125 1323 3212 fluvii,
1333 3126 1511 3225 sicutipse

291 3237 444 3311 Waldus
461 3238 638 3334 designat,
648 3248 683 3313 et
696 3237 860 3313 omnibus
872 3239 916 3313 ad
926 3264 1007 3313 eum
1022 3238 1292 3337 pertinentibus.
1303 3239 1444 3314 Positus
1457 3248 1513 3314 est

289 3375 374 3425 nero
387 3351 673 3428 intersabinense
683 3361 719 3427 et
728 3351 977 3426 utriculanum
989 3351 1513 3441 territorium‚interaffinesab

290 3489 361 3539 uuo
374 3465 494 3540 laterae
511 3465 581 3541 laia
599 3466 1030 3563 quadieiturssota.1111.
1046 3471 1075 3538 Α
1091 3468 1124 3539 ll
1138 3464 1256 3540 casale
1270 3464 1511 3541 Servilianum

290 3588 326 3653 et
343 3583 548 3654 Paternum.
567 3584 597 3653 A
614 3582 666 3654 III
684 3579 878 3655 confinium
898 3577 1025 3651 limitis
1043 3578 1165 3651 Waldi
1180 3577 1307 3653 insule.
1323 3579 1436 3652 AIIII
1450 3603 1513 3676 per

294 3692 448 3766 medium
462 3693 744 3791 fluviumsuper
757 3693 923 3791 pensione
935 3688 1047 3763 trium
1062 3690 1254 3765 solidorum
1268 3691 1358 3764 auri.
1371 3693 1461 3765 Item
1474 3692 1513 3764 in

290 3804 370 3892 ali0,
388 3804 561 3880 lohannes
573 3808 644 3880 XII
659 3809 755 3903 Papa
768 3804 862 3880 locat
877 3802 1028 3878 fundum
1044 3803 1256 3877 Fauriseum
1272 3802 1382 3877 situm
1397 3803 1434 3876 in
1447 3813 1516 3878 ter·

290 3917 411 3992 ritorio
428 3917 674 4004 Outriculano
688 3943 769 3992 curn
784 3916 950 3992 omuibus
967 3918 1042 3991 suis
1057 3916 1283 4016 pertinentiis
1296 3928 1441 4014 praestat
1454 3941 1515 3990 an-

289 4055 372 4103 nuae
384 4035 419 4104 V
433 4031 560 4106 solidos
573 4031 664 4105 auri.
678 4034 763 4106 Haec
777 4055 821 4105 ex
834 4032 939 4104 tornis
952 4031 1159 4130 patriarchii
1174 4031 1433 4106 Lateraneusis.
1446 4033 1516 4105 Ho-

290 4144 414 4216 norius
431 4166 515 4217 vero
531 4143 568 4216 in
587 4166 653 4216 suo
670 4143 824 4237 registro
841 4143 1006 4239 Epifanio
1023 4142 1198 4216 defensori
1216 4142 1365 4230 Tusciae,
1379 4140 1516 4236 legitur

291 4253 424 4330 locasse
444 4281 596 4330 massam
615 4254 858 4330 Gracilianam
877 4255 970 4352 apud
988 4253 1181 4329 Bleranam
1199 4253 1394 4328 civitatem.
1418 4253 1513 4330 Idem

291 4369 328 4440 in
347 4368 467 4443 eodem
482 4369 667 4443 Domiuieo
683 4379 801 4443 terras
818 4378 853 4443 et
871 4367 996 4440 vineas
1013 4380 1049 4441 et
1065 4378 1167 4466 prata
1184 4367 1271 4441 soris
1287 4375 1424 4465 portum
1437 4365 1517 4440 Fla-

291 4481 446 4555 mineam
464 4497 579 4580 usque
596 4481 640 4556 ad
657 4491 799 4579 pontem
818 4479 994 4555 Molvium
1009 4479 1078 4553 sub
1093 4505 1214 4554 annua
1227 4480 1396 4580 pensione
1407 4477 1516 4555 XXX

1297 4594 1330 4648 21
