3608 5498
945 405 1142 472 -182-

428 528 519 602 dem.
536 529 661 625 Neque
678 527 774 601 enim
792 525 947 602 iudicem
965 537 1030 601 aut
1047 528 1267 624 cognitorem
1292 529 1521 604 surcularium
1546 554 1654 627 nego

430 640 563 715 tiorum
580 649 616 714 te
633 639 798 715 ordinare
816 638 896 714 vult
921 639 1098 731 Christus,
1116 667 1160 718 ne
1183 642 1396 741 praelocutus
1421 644 1655 741 presentibus

430 753 616 829 hominum
634 752 743 841 curis,
760 776 829 827 non
847 754 960 853 possis
977 756 1083 830 verbo
1101 756 1166 831 Dei
1184 781 1325 845 vacare,
1341 755 1418 833 hoec
1443 781 1528 833 vero
1549 782 1655 856 opera

431 894 511 968 quar
529 868 592 943 tibi
615 868 734 941 minus
747 891 947 965 congruere
960 868 1127 960 diximus
1140 868 1329 945 exhibeant
1342 870 1409 944 sibi
1423 870 1580 947 invicem
1593 898 1654 945 va-

432 993 568 1073 cantes,
585 982 677 1058 idest
693 981 790 1070 laici,
807 993 843 1057 et
860 991 894 1058 te
913 1006 1016 1057 nemo
1033 991 1182 1079 occupet
1198 981 1243 1055 ab
1260 981 1317 1056 his
1334 983 1463 1057 studiis
1488 1009 1550 1084 per
1575 1009 1656 1083 quar

432 1096 531 1179 salus
548 1095 714 1170 omnibus
731 1095 846 1170 datur.
864 1096 968 1172 Siout
984 1096 1081 1171 enim
1099 1095 1164 1170 tibi
1182 1096 1376 1196 impietatis
1393 1096 1531 1173 crimen
1556 1106 1610 1173 est
1635 1122 1657 1173 o

431 1210 601 1287 Clemens
617 1209 794 1307 neglectis
811 1208 913 1284 verbi
930 1209 996 1284 Dei
1022 1209 1162 1298 studiis,
1187 1209 1448 1286 sollicitudines
1473 1211 1655 1310 suscipere

430 1324 633 1411 saeculares,
651 1325 702 1399 ita
720 1323 916 1421 unicuique
934 1322 1107 1399 laicorum
1132 1333 1321 1423 peccatum
1339 1333 1395 1398 est
1410 1325 1481 1398 nisi
1498 1324 1654 1400 invicem

432 1441 500 1516 sibi
516 1440 624 1516 etiam
638 1438 675 1512 in
689 1439 747 1513 his
759 1463 839 1537 quar
851 1438 896 1512 ad
909 1438 1110 1513 communis
1123 1438 1209 1513 vitae
1223 1465 1328 1512 usum
1348 1439 1527 1536 pertinent
1551 1462 1656 1538 opera

432 1554 585 1630 fideliter
597 1552 768 1629 dederint.
782 1555 929 1627 Tevero
946 1563 1156 1628 secuturum
1174 1553 1290 1628 lacere
1307 1577 1351 1627 cx
1364 1552 1420 1628 his
1437 1553 1568 1652 quibus
1584 1577 1654 1628 non

432 1668 538 1744 debes
550 1667 685 1742 instare
698 1689 820 1741 omnes
833 1665 1071 1741 communiter
1087 1665 1279 1741 elaborent.
1297 1667 1397 1753 Quod
1415 1667 1445 1740 si
1467 1667 1557 1742 forte
1570 1693 1591 1741 a
1604 1692 1656 1743 se-

434 1780 596 1879 metipsis
607 1778 675 1855 hoc
687 1779 772 1856 laici
789 1803 859 1854 non
873 1778 1096 1875 intelligunt,
1113 1803 1175 1879 per
1192 1779 1356 1855 diaconos
1375 1781 1541 1857 edocendi
1559 1791 1655 1870 sunt,

434 1903 475 1969 ut
491 1893 556 1968 tibi
575 1892 684 1967 solius
701 1891 862 1968 ecclesie.
880 1891 1139 1968 sollicitudines
1156 1892 1416 1992 derelinquant.
1433 1898 1522 1968 Item
1545 1894 1583 1968 in
1600 1920 1657 1970 ea·

432 2008 522 2083 dem.
535 2005 684 2082 Diaconi
697 2028 782 2080 vero
794 2005 965 2081 aecclesiae
977 2005 1051 2079 sint
1067 2014 1251 2103 tamquam
1268 2006 1363 2081 oculi
1376 2001 1542 2105 Episcopi
1558 2007 1655 2081 ober-

434 2127 555 2193 rantes
567 2124 604 2192 et
615 2115 951 2192 circumlustrantes
968 2141 1052 2192 oum
1070 2119 1287 2194 verecundia
1303 2130 1407 2195 actus
1420 2120 1529 2195 totius
1547 2119 1657 2196 eecle-

434 2233 497 2308 siae
509 2244 546 2308 et
558 2239 826 2332 perscrutantes
844 2229 1058 2326 diligentius
1070 2233 1102 2306 si
1115 2258 1218 2332 quem
1237 2234 1384 2309 videant
1404 2234 1481 2308 fieri
1494 2234 1656 2309 vicinum

433 2345 628 2446 praecipitio
649 2354 685 2419 et
706 2343 906 2442 proximum
923 2368 1000 2421 esse
1017 2356 1173 2444 peccato,
1191 2358 1232 2422 ut
1249 2348 1406 2422 referant
1422 2348 1499 2423 haec
1515 2347 1560 2421 ad
1577 2347 1659 2445 Epi-

434 2484 590 2558 scopum.
603 2463 650 2533 Et
659 2468 737 2557 post
750 2483 874 2557 pauca.
887 2462 956 2533 Eos
969 2460 1030 2556 qui
1044 2483 1115 2534 non
1128 2459 1282 2536 sollicite
1296 2461 1341 2535 ad
1351 2460 1515 2560 Episcopi
1528 2468 1659 2535 tracta-

434 2584 512 2650 tum
525 2573 756 2660 conveniunt,
771 2572 839 2670 ipsi
853 2584 1097 2649 commoneant
1108 2584 1323 2651 etortentur.
1338 2579 1384 2650 Et
1392 2583 1470 2675 post
1482 2575 1563 2649 ulia.
1576 2575 1659 2674 Epi-

434 2711 538 2787 scopo
555 2711 752 2785 suggerere
777 2710 857 2784 quae
873 2686 918 2760 ad
935 2687 1076 2763 cultum
1093 2689 1263 2765 aecclesiae
1280 2698 1317 2765 et
1333 2689 1561 2790 disciplinam
1581 2690 1660 2764 eius

434 2802 628 2903 pertinent,
645 2799 853 2877 diaconibus
869 2825 957 2876 cura
970 2800 1026 2875 sit.
1036 2804 1127 2878 Item
1144 2803 1182 2876 in
1200 2805 1332 2879 cadem.
1350 2804 1559 2879 Sacerdotes
1575 2826 1660 2878 vero

435 2916 606 2992 salterrae
622 2915 764 2991 dicebat
775 2916 901 2991 beatus
914 2919 1043 2992 Petrus
1055 2928 1092 2992 et
1105 2919 1230 2993 mundi
1243 2918 1378 3008 lumen,
1391 2919 1556 2994 docentes
1573 2941 1660 3015 prae·

435 3031 549 3130 ceptis
573 3030 611 3104 in
637 3029 821 3129 splendore
843 3052 988 3128 operum
1014 3040 1051 3106 et
1069 3040 1206 3131 patrem
1228 3033 1431 3128 glorificare
1456 3031 1582 3107 Deum.
1607 3031 1658 3105 De

435 3144 566 3244 quibus
579 3145 753 3220 Dominus
765 3145 826 3220 ait.
843 3145 944 3220 Beati
961 3145 1047 3221 estis
1066 3173 1150 3223 cum
1165 3145 1413 3223 maledixerint
1429 3144 1529 3220 vobis
1549 3143 1660 3219 bomi-

435 3285 509 3336 nes.
526 3263 573 3335 Et
590 3260 737 3358 reliqua.
756 3265 802 3335 Et
819 3259 963 3337 iterum.
978 3264 1052 3335 Vos
1068 3259 1155 3336 estis
1172 3259 1226 3334 sal
1243 3269 1357 3334 terroe.
1375 3262 1421 3333 Et
1437 3269 1576 3334 caetera.

991 3489 1102 3573 XXII.

508 3717 707 3794 Anacletus
724 3742 851 3793 servus
869 3716 1006 3793 Christi
1020 3717 1137 3792 lhesu.
1152 3720 1193 3791 In
1207 3714 1517 3814 sollempnioribus
1530 3713 1659 3812 quippe

437 3834 563 3911 diebus
578 3836 807 3920 autVILaut
819 3836 864 3922 V,
880 3843 944 3906 aut
957 3834 1009 3906 Ill
1022 3831 1186 3906 diaconos
1203 3829 1266 3929 qui
1283 3829 1360 3904 cius
1372 3829 1467 3904 oculi
1479 3828 1660 3915 dicuntur,

436 3958 472 4024 et
489 3947 721 4023 subdiaconos
738 3954 845 4045 atque
863 3945 950 4019 ulios
968 3945 1153 4019 ministros
1170 3969 1292 4020 secum
1310 3942 1440 4017 babeat
1464 3941 1659 4039 Episcopus

437 4063 500 4162 qui
517 4062 630 4137 sacris
647 4059 765 4135 induti
783 4060 1008 4136 vestimentis
1025 4059 1063 4133 in
1079 4058 1198 4133 fronte
1214 4067 1251 4132 et
1268 4082 1289 4129 a
1303 4069 1417 4163 tergo,
1430 4065 1465 4131 et
1479 4053 1660 4153 prosbyte-

439 4177 470 4250 ri
484 4201 503 4251 e
517 4175 843 4272 religionedextera
855 4175 1015 4273 laevaque
1029 4172 1181 4248 contrito
1193 4171 1296 4247 corde
1309 4179 1345 4245 et
1356 4169 1542 4244 humiliato
1559 4167 1661 4266 spiri·

438 4301 479 4365 tu
496 4314 540 4365 ac
557 4299 717 4387 prostent
734 4288 850 4363 vultu.
