3608 5498
833 398 1029 462 -485-

312 511 412 586 ,dicos
437 512 662 611 deputontur.
689 515 743 587 Ad
761 539 946 612 personam
964 518 1001 591 in
1019 521 1132 616 primo
1154 523 1229 598 loco
1255 525 1402 622 positam
1430 530 1537 627 respi-

315 623 376 709 cit,
393 624 564 721 quicquid
580 653 601 699 a
620 628 747 701 minori
764 631 1013 721 committitur,
1030 635 1100 708 nisi
1117 635 1270 713 sollicite
1287 651 1536 733 cognoscatur.

314 737 511 832 Gregorius
528 740 798 814 comouitorium
817 742 966 815 Iohanni
983 743 1158 818 defensori
1176 747 1277 821 eunti
1300 750 1535 847 Hyspaniam.

315 852 429 935 Quere
448 861 541 926 retro
557 852 595 924 in
613 852 702 927 libro
719 856 789 927 IIII
811 855 968 952 capitulo
992 859 1139 948 LXXV,
1164 863 1329 949 LXXVI,
1354 865 1534 940 LXXVII.

314 965 346 1035 H
347 963 526 1060 ysidorus.
542 968 656 1061 Leges
673 966 796 1041 saeculi
810 967 953 1057 habent,
971 979 1012 1043 ut
1028 973 1209 1045 accusatis
1226 974 1339 1070 primo
1352 977 1535 1071 permitta-

313 1085 373 1148 tur
388 1100 444 1150 res
457 1076 654 1152 familiares
666 1102 786 1152 eorum
802 1079 911 1155 libere
928 1092 964 1156 et
976 1081 1113 1157 diutius
1125 1085 1299 1173 ordinare,
1311 1096 1390 1160 tum
1408 1087 1534 1166 deinde

314 1188 522 1285 respondere
535 1190 691 1265 obiectis.
701 1191 966 1268 Antiochenam
976 1194 1302 1294 concilium,capite
1311 1200 1426 1273 XIIII.
1439 1201 1533 1275 Cum

312 1301 530 1400 episcopusa
544 1303 619 1377 suis
633 1305 990 1401 comprovincialibus
1003 1307 1195 1396 iudicatus,
1207 1308 1252 1383 ab
1264 1309 1346 1384 aliis
1363 1312 1533 1388 innocens

311 1416 355 1490 ab
369 1414 450 1490 aliis
464 1441 546 1491 rcus
559 1418 760 1508 estimatur,
773 1419 1066 1516 metropolitanus
1078 1445 1098 1492 a
1112 1420 1234 1495 vicina
1251 1423 1432 1521 provincia
1444 1424 1532 1501 alios

311 1528 490 1626 episcopos
506 1540 687 1616 convocet,
705 1542 746 1605 ut
762 1557 845 1605 cum
864 1532 915 1606 eis
933 1544 969 1606 et
990 1531 1066 1605 suis
1091 1533 1305 1631 coepiscopis
1330 1547 1532 1613 coutrover-

311 1642 401 1715 siam
419 1641 529 1716 tollat.
547 1642 733 1718 Caloedon.
751 1667 826 1743 oap.
844 1647 959 1718 VIIII.
977 1644 1141 1720 Clericus
1161 1645 1334 1720 adversus
1358 1648 1531 1723 clericum

311 1753 446 1829 habens
463 1755 661 1850 negotium,
678 1757 771 1854 apud
789 1757 991 1853 episcopum
1009 1759 1190 1857 proprium
1208 1757 1267 1833 vel
1279 1759 1427 1834 consilio
1439 1761 1532 1836 eius·
1574 1746 1580 1759 ’

310 1868 388 1942 dom
403 1869 496 1964 apud
509 1892 596 1966 quos
608 1869 711 1943 ambo
724 1869 1126 1944 voluerintiudioentur.
1137 1868 1306 1968 Alioquin
1315 1872 1528 1970 correptioni

310 1981 527 2055 subiaceant.
545 1983 644 2068 Quod
661 1984 691 2056 si
709 1983 882 2057 adversus
900 1982 1079 2080 proprium
1099 1982 1158 2057 vel
1178 1982 1351 2057 adversus
1375 1983 1530 2059 alterum

310 2094 513 2193 episcopum
523 2119 667 2169 causam
682 2083 815 2170 habeut
827 2097 921 2194 apud
930 2095 1105 2192 synodum
1122 2096 1323 2192 provinciae.
1332 2096 1402 2171 Vel
1415 2097 1446 2171 si
1459 2098 1529 2174 cle·

310 2209 406 2283 ricus
430 2220 494 2284 aut
518 2209 702 2306 episcopus
723 2211 895 2284 adversus
920 2208 1240 2305 metropolitanum,
1257 2211 1352 2309 apud
1377 2213 1529 2308 primate

309 2323 485 2399 dioceseos
502 2324 717 2400 iudicentur.
735 2329 825 2399 Item
843 2322 1033 2399 concilium
1053 2321 1193 2397 Calced.
1211 2322 1368 2399 Clericos
1385 2335 1449 2400 aut
1466 2325 1529 2399 lai·

308 2462 367 2513 cos
384 2449 595 2513 accusantes
612 2437 790 2535 episcopos
806 2449 870 2512 aut
886 2437 1033 2513 clericos
1049 2437 1314 2512 adcusationem
1334 2440 1442 2537 recipi
1456 2465 1527 2514 non

308 2550 445 2639 debere,
474 2550 544 2624 nisi
575 2551 675 2647 prius
703 2575 824 2626 eorum
854 2551 1055 2627 discutatur
1083 2552 1209 2651 opinio.
1239 2552 1423 2648 Cartagin.
1451 2579 1527 2652 cap.

310 2668 407 2738 VIII.
432 2666 501 2753 Qui
526 2664 706 2763 aliquibus
723 2666 917 2741 sceleribus
935 2666 1096 2741 irretitus
1113 2676 1178 2754 est,
1202 2690 1328 2741 vocem
1353 2667 1527 2743 adversus

309 2779 476 2852 maiorem
498 2789 623 2853 natum
650 2803 720 2854 non
744 2780 872 2854 habeat
896 2781 1099 2855 accusandi.
1125 2784 1215 2856 item
1241 2782 1279 2855 in
1303 2782 1423 2858 eodem
1447 2809 1524 2881 cap.

307 2894 458 2966 XVIIII.
487 2892 575 2980 Quis
599 2893 842 2992 episcoporum
867 2906 1070 2982 accusatur,
1095 2893 1138 2966 ad
1168 2895 1357 2993 primatem
1386 2897 1528 2991 provin·

309 3005 375 3080 oiae
392 3005 504 3102 ipsius
522 3031 668 3081 causam
693 3006 830 3082 deferat
853 3016 1049 3082 aecusator.
1066 3009 1142 3081 Neo
1165 3007 1451 3082 aoommunione
1468 3036 1525 3083 su-

306 3119 500 3216 spendatur
528 3121 589 3194 cui
618 3122 754 3196 crimen
784 3120 984 3195 intenditur
1014 3119 1082 3193 nisi
1108 3119 1153 3193 ad
1177 3144 1322 3194 causam
1347 3145 1450 3194 suam
1475 3123 1525 3196 di·

308 3232 455 3306 cendam
474 3232 665 3308 electorum
687 3232 860 3307 iudicium
886 3233 944 3306 die
968 3241 1104 3306 statuta
1128 3231 1259 3306 litteris
1276 3243 1445 3308 evocatus
1462 3236 1526 3308 mi-

307 3343 403 3419 nime
420 3346 627 3434 occurrerit,
642 3345 710 3420 hoc
727 3356 781 3419 est
798 3345 893 3419 iufra
911 3343 1066 3441 spatium
1092 3344 1237 3432 mensis,
1254 3369 1298 3419 ex
1322 3368 1363 3419 ea
1380 3344 1524 3444 dieque

306 3484 388 3533 eum
406 3457 546 3532 litteras
566 3459 745 3556 accepisse
772 3458 981 3532 constiterit.
1007 3458 1108 3545 Quod
1132 3458 1162 3532 si
1187 3458 1327 3556 aliquas
1344 3482 1449 3533 veras
1466 3486 1525 3536 ne·

305 3571 484 3645 cessitatis
508 3595 636 3646 causas
661 3572 874 3668 probaverit,
898 3571 1133 3669 quibuscum
1158 3595 1345 3647 occurrere
1371 3597 1441 3647 non
1467 3597 1523 3670 po

306 3687 419 3760 tuisse
441 3685 671 3760 manifestum
690 3686 748 3774 sit,
757 3709 875 3760 causae
891 3708 965 3759 suae
982 3683 1139 3758 dioendae
1151 3683 1246 3757 intra
1259 3683 1413 3759 alterum
1426 3710 1524 3760 men·

305 3825 380 3874 sem
405 3800 585 3895 integram
607 3798 736 3874 habeat
760 3797 980 3874 facultatem.
998 3802 1135 3874 Verum
1162 3798 1299 3873 tamdiu
1325 3806 1403 3896 post
1428 3823 1520 3874 meu-

303 3938 378 3987 sem
396 3913 593 3987 secundum
611 3911 980 4000 communicet,doneo
993 3921 1179 4010 purgetur.
1190 3912 1228 3984 Si
1240 3921 1362 3986 autem
1380 3911 1424 3985 ad
1441 3936 1523 3987 con·

286 4027 428 4102 milium
453 4025 657 4100 universale
681 4025 969 4099 anniversarium
994 4048 1182 4100 occurrere
1206 4024 1371 4113 noluerit,
1396 4035 1438 4100 ut
1462 4025 1522 4100 vel

304 4141 353 4213 ibi
370 4164 478 4214 causa
496 4140 573 4214 eius
590 4140 814 4225 terminetur,
830 4138 905 4236 ipse
930 4139 1022 4213 inse
1043 4138 1281 4212 damnationis
1305 4138 1521 4214 sententiam

302 4254 432 4328 dixisse
457 4253 643 4328 iudicetur.
669 4256 839 4350 Tempore
863 4277 948 4326 sane
974 4274 1042 4349 quo
1068 4275 1138 4325 nou
1164 4252 1424 4341 communicat,
1454 4276 1521 4326 nec

303 4368 341 4439 in
362 4393 428 4440 sua
453 4366 603 4441 ecclesia
627 4367 686 4441 vel
710 4364 893 4462 parrochia
914 4365 1164 4440 communicet.
1183 4370 1381 4440 Accusator
1397 4374 1520 4439 autem

303 4482 381 4556 eius
401 4482 432 4556 si
453 4506 637 4581 nunquam
654 4480 777 4555 diebus
794 4504 901 4556 cause
917 4479 1065 4555 dicende
1081 4478 1282 4568 demerita
1304 4479 1519 4554 communio
