3608 5498
941 384 984 451 '-
1007 401 1072 468 aas
1100 420 1148 454 -=

955 575 1144 662 LXXXVI.

533 757 698 855 Gregorii
717 758 1026 834 commonitorium
1043 758 1192 832 Iohanni
1210 758 1387 834 defensori
1398 758 1505 835 'eunti
1524 758 1653 857 Hispa·

432 870 542 946 niam.
559 872 740 971 Imprimis
758 871 1009 971 requirendum
1030 872 1072 947 de
1097 896 1244 968 persona
1262 872 1470 970 Presbyteri
1495 872 1653 948 dilectis-

434 985 517 1060 simi
532 987 655 1062 fratris
668 997 704 1063 et
716 986 910 1086 coepiscopi
925 984 1038 1062 nostri
1051 985 1220 1059 Ianuarii.
1228 988 1275 1059 Et
1288 984 1317 1060 si
1328 985 1379 1060 ita
1393 1010 1430 1061 se
1445 985 1578 1060 veritas
1591 984 1653 1059 ha-

431 1100 501 1189 bet,
519 1100 614 1176 sicut
632 1101 791 1176 eiusdem
808 1099 962 1202 episcopi
981 1098 1103 1199 petitio
1120 1098 1289 1189 continet,
1307 1098 1346 1172 in
1367 1099 1530 1176 ecclesia
1543 1110 1653 1197 atque

430 1210 506 1288 loco
523 1237 587 1288 suo
604 1213 697 1290 idem
715 1213 902 1312 presbyter
919 1212 1034 1289 modis
1058 1211 1223 1287 omnibus
1249 1221 1446 1289 revocetur.
1464 1212 1503 1286 Si
1527 1221 1650 1288 autem

430 1326 566 1400 dictum
592 1327 702 1403 fuerit
724 1327 816 1426 quod
834 1328 926 1404 citra
944 1327 1061 1426 ipsum
1078 1351 1188 1402 causa
1212 1325 1335 1423 aliqua
1360 1335 1456 1400 mota
1481 1325 1559 1400 sive
1576 1348 1652 1423 pro·

430 1439 513 1514 bata
531 1450 596 1530 est,
614 1440 795 1516 subtiliter
817 1441 893 1541 ipso
917 1448 1100 1539 prasente,
1118 1448 1154 1515 et
1177 1461 1296 1536 prose
1316 1439 1489 1515 rationem
1508 1439 1653 1514 redden·

430 1560 478 1642 te,
495 1553 727 1650 quaerendum
746 1564 853 1629 estet
870 1577 989 1650 genus
1010 1578 1139 1641 causae,
1157 1562 1194 1627 et
1218 1553 1342 1628 modus
1366 1552 1593 1650 probationis,
1609 1561 1652 1627 ut

431 1690 475 1741 ex
491 1665 558 1742 hoc
577 1666 745 1764 colligere
765 1666 888 1742 valeas
912 1676 1035 1741 utrum
1061 1665 1179 1742 adhuc
1204 1665 1334 1741 debeat
1358 1667 1396 1740 in
1413 1665 1520 1741 exilio
1536 1666 1653 1742 demo

429 1779 513 1871 rari,
533 1806 581 1854 an
603 1790 699 1856 certe
718 1782 755 1855 in
773 1780 925 1857 ecclesia
941 1789 977 1856 et
993 1779 1107 1855 officio
1132 1802 1196 1853 suo
1223 1779 1393 1855 revocari.
1420 1781 1472 1855 De
1496 1778 1651 1877 episcopi

428 1916 576 1989 persona
593 1894 661 1970 hoc
678 1894 864 1970 fatendum
889 1903 954 1983 est,
971 1903 1012 1968 ut
1033 1896 1064 1967 si
1081 1892 1184 1967 nulla
1202 1903 1327 1970 contra
1345 1918 1428 1969 eum
1451 1893 1652 1968 criminalis

427 2032 548 2098 causa,
561 2033 640 2107 quae
658 2009 764 2084 exilio
781 2007 839 2085 vel
853 2008 1068 2107 depositione
1085 2006 1198 2104 digna
1215 2017 1280 2096 cst,
1294 2017 1390 2082 mota
1407 2007 1484 2082 sive
1502 2006 1649 2105 probata

431 2131 497 2211 est,
509 2121 568 2197 his
586 2123 772 2222 episcopus
789 2122 851 2221 qui
868 2146 909 2198 eo
925 2121 1154 2219 superstitem
1172 2146 1339 2219 perverse
1357 2132 1393 2197 et
1410 2131 1533 2197 contra
1551 2144 1655 2196 cano·

428 2261 492 2311 nes
510 2236 547 2309 in
566 2237 719 2314 ecclesia
736 2239 814 2313 eius
839 2237 994 2313 ordinari
1014 2235 1253 2334 praesumpsit,
1270 2235 1465 2312 sacerdotio
1482 2234 1652 2332 privatos,

431 2348 476 2421 ab
492 2351 588 2423 omni
604 2350 860 2426 'aeclesiastico
877 2350 1076 2424 ministerio
1101 2348 1304 2446 repellatur.
1322 2348 1390 2437 Qui
1410 2348 1517 2423 etiam
1535 2347 1650 2423 eidem

427 2461 657 2538 dilectissimo
674 2464 842 2539 Ianuario
855 2463 959 2539 fratri
973 2474 1009 2538 et
1026 2462 1230 2560 coepiscopo
1247 2472 1366 2537 nostro
1379 2462 1573 2538 tradendus
1584 2470 1651 2551 est,

427 2585 469 2649 ut
481 2586 545 2651 aut
558 2577 601 2652 ab
615 2577 689 2676 ipso
703 2578 738 2652 iu
754 2578 913 2654 custodie
926 2577 1112 2665 habeatur,
1125 2585 1190 2650 aut
1202 2583 1299 2651 certe
1312 2574 1383 2649 hab
1395 2598 1436 2651 eo
1448 2575 1493 2650 ad
1510 2598 1574 2649 nos
1588 2599 1651 2672 per

426 2692 546 2765 omnia
563 2694 841 2768 transmittatur.
858 2693 1023 2794 Episcopi
1036 2713 1122 2764 vero
1136 2688 1294 2786 quicum
1307 2688 1574 2776 ordinaverunt,
1592 2685 1651 2761 rel

426 2804 659 2880 ordinationis
676 2806 754 2881 eius
775 2806 1039 2883 consentientes
1061 2802 1318 2887 interfuerunt,
1339 2802 1376 2875 in
1398 2805 1450 2877 VI
1468 2800 1652 2876 mensibus

426 2918 604 2995 Dominici
620 2921 784 3019 Corporis
797 2929 833 2996 et
851 2921 1050 3016 Sanguinis
1064 2916 1313 2993 communione
1326 2915 1458 3015 privati
1470 2939 1580 3013 agere
1594 2940 1652 3014 pe-

423 3031 616 3108 nitentiam
633 3034 670 3107 in
685 3034 899 3110 monasterio
912 3031 1182 3131 compellantur,
1196 3041 1232 3106 et
1245 3029 1510 3129 suprascriptus
1523 3033 1651 3105 Ianua·
1748 3057 1755 3071 ·

428 3145 504 3219 rius
517 3145 593 3223 loco
605 3156 642 3223 et
653 3147 769 3224 ordini
787 3169 853 3222 suo
865 3146 977 3221 modis
990 3143 1156 3220 omnibus
1172 3144 1393 3220 reformetur.
1407 3143 1446 3217 Si
1458 3166 1544 3219 vero
1556 3147 1650 3219 coin·

424 3369 621 3447 nedictioei
635 3370 760 3447 viatici
775 3394 844 3445 non
858 3380 1021 3467 negetur.
1030 3369 1068 3442 Si
1082 3377 1202 3443 autem
1213 3368 1378 3469 Episcopi
1391 3369 1429 3443 in
1445 3367 1651 3468 praeiudicio

407 3482 765 3582 condempnationis,
790 3483 849 3560 vel
869 3483 1096 3583 depositionis
1114 3482 1299 3558 memorati
1313 3483 1476 3581 Episcopi
1495 3507 1532 3557 so
1546 3490 1644 3557 metu

425 3595 556 3672 iudicis
580 3596 800 3672 consensisse
818 3621 860 3672 ao
876 3596 965 3671 talia
978 3597 1106 3672 fecisse
1119 3621 1185 3670 sua
1198 3606 1321 3694 sponte
1336 3595 1490 3672 'confessi
1504 3594 1650 3684 fuerint,

424 3717 567 3808 tempus
580 3710 658 3785 eius
670 3708 906 3786 breviandum
921 3718 976 3785 est
989 3719 1024 3786 et
1038 3710 1163 3786 modus
1173 3707 1650 3808 penitentiaetemperandus.

426 3822 562 3912 Sincro
574 3822 637 3899 ille
647 3821 709 3921 qui
720 3822 836 3899 locum
848 3823 925 3900 eius
935 3823 1131 3913 invasit‚de
1143 3822 1212 3898 hac
1223 3821 1304 3898 luce
1314 3821 1650 3917 fortassemigrave·

426 3933 484 4024 rit,
493 3944 529 4010 et
542 3933 633 4010 alter
642 3934 890 4010 estordinatus
899 3935 983 4034 quia
993 3933 1106 4010 levior
1120 3933 1226 4032 culpa
1235 3934 1378 4010 videtur
1387 3957 1455 4008 non
1466 3932 1567 4032 quasi
1581 3932 1648 4029 ipsi

428 4048 624 4147 superstiti,
634 4049 695 4124 sed
705 4047 919 4124 successisse
929 4045 1398 4149 defuncto,episcopatusilli
1408 4045 1562 4121 officium
1573 4053 1651 4119 tans

425 4161 774 4238 tummodoaecclesia
786 4160 1083 4252 interdicatur,ut
1093 4161 1130 4235 in
1140 4158 1650 4258 aliaecclesiaquaesacerdote

426 4275 620 4364 vacaverit,
636 4273 668 4348 si
685 4273 821 4350 electus
834 4273 943 4349 fuerit
956 4274 1066 4371 possit
1078 4297 1155 4350 esse
1169 4271 1364 4370 episcopus,
1378 4272 1420 4346 ad
1439 4269 1648 4346 Malachita·

425 4409 509 4459 nam
522 4386 709 4462 ecclesiam
721 4396 841 4463 tamen
852 4411 1036 4486 nunquam
1046 4387 1166 4485 aliquo
1174 4388 1274 4462 modo
1284 4411 1505 4462 reversurus.
1515 4384 1649 4460 Glorio-

425 4525 488 4574 sus
500 4510 620 4576 autem
635 4501 883 4578 Commitiolus
895 4501 1068 4601 quidquid
1087 4499 1280 4599 predictus
1295 4499 1481 4600 episcopus
1498 4523 1560 4598 per
1575 4496 1649 4573 rio-
