3608 5498
824 399 1021 463 -117-

312 520 425 594 vitate
448 518 521 593 tale
538 519 673 616 aliquid
691 545 773 595 oum
792 545 858 594 sua
874 520 1093 595 conscientia
1115 523 1393 619 praesumpsisse.
1410 528 1486 600 Nec
1503 527 1534 598 si

312 640 526 730 temptatum
556 632 685 708 fuisset
705 657 750 708 ex
773 633 911 707 furtiva
937 633 1168 730 usurpatione
1190 634 1257 708 sibi
1287 635 1534 732 praeiudicium

311 744 490 842 generari.
516 746 585 820 Sed
602 745 710 820 etiam
728 745 758 819 si
776 745 814 818 in
835 745 993 844 qualibet
1013 749 1163 824 ecclesia
1185 749 1251 825 hoe
1276 762 1532 850 praesumptum
1623 821 1630 831 .

310 858 432 947 fuerit,
448 868 616 932 asserunt
636 859 895 934 emendandum
919 861 1005 959 quia
1025 885 1096 936 non
1116 863 1297 938 concessio
1313 873 1368 938 est
1384 865 1532 939 Romani

310 973 504 1060 Pontifieis,
522 972 582 1047 sed
601 973 673 1048 sola
691 973 913 1071 surreptione
931 975 1159 1072 presumitur.

816 1200 1019 1286 ouxvuss.

402 1432 765 1529 GregoriusRomano
774 1429 968 1505 Defensori.
978 1429 1160 1504 Perlatum
1170 1430 1215 1504 ad
1224 1443 1352 1506 nosest
1365 1456 1529 1507 reveren-

208 1550 210 1554 ’
305 1546 487 1620 tissimum
512 1533 659 1621 fratrem
677 1553 837 1619 nostrum
856 1543 1031 1618 Basilium
1049 1544 1262 1642 Episcopum
1288 1544 1527 1622 veludunum

306 1659 349 1734 de
360 1658 468 1734 laicis
485 1658 522 1731 in
540 1658 659 1733 causis
676 1657 898 1732 secularibus
915 1659 1093 1756 occupari,
1110 1669 1146 1735 et
1159 1659 1331 1758 praetoriis
1348 1659 1526 1734 inutiliter

304 1773 502 1848 observare.
520 1776 608 1861 Quae
630 1797 686 1847 res
705 1795 816 1870 quum
842 1781 878 1845 et
898 1772 1016 1869 ipsum
1028 1772 1137 1848 vilem
1160 1773 1285 1862 reddit,
1307 1783 1344 1847 et
1358 1798 1524 1849 reveren·

304 1887 392 1963 tiam
414 1886 668 1963 sacerdotalem
685 1886 895 1974 annichilat,
918 1887 1039 1961 statim
1065 1901 1106 1961 ut
1131 1889 1350 1986 experientia
1375 1900 1438 1963 tua
1460 1888 1526 1966 hoc

303 2013 519 2100 praeceptum
537 2001 745 2100 susceperit,
761 2027 845 2075 eum
862 2002 913 2075 ita
929 2002 974 2076 ad
997 2003 1248 2077 revertendum
1265 2002 1430 2077 districta
1448 2029 1526 2079 exe·

305 2118 450 2193 cutione
467 2115 666 2214 compellat,
684 2125 861 2213 quatenus
874 2114 906 2189 ei
920 2114 996 2189 illic
1009 2126 1044 2190 te
1061 2116 1258 2204 insistente,
1271 2120 1304 2187 V
1318 2115 1441 2191 diebus
1457 2118 1525 2192 sub

302 2231 460 2330 qualibet
476 2229 710 2306 excusatione
727 2229 907 2302 immorari
926 2252 996 2302 nou
1013 2229 1131 2315 liccat,
1149 2255 1194 2304 ne
1219 2230 1248 2303 si
1267 2231 1525 2327 quomodolibet

301 2370 384 2420 eum
402 2344 529 2418 ibide'm
548 2343 702 2440 amplius
721 2365 854 2415 moram
872 2341 1002 2418 habere
1015 2344 1231 2441 permiseris
1243 2370 1326 2420 curn
1341 2345 1416 2443 ipso
1428 2348 1523 2444 apud

302 2483 366 2534 nos
383 2459 535 2557 incipias
551 2456 714 2553 graviter
731 2481 807 2531 esse
824 2455 1023 2553 culpabilis.

847 2684 974 2769 CLXX.

371 2916 568 3014 Gregorius
586 2915 739 2991 Athenio
753 2914 984 2990 Subdiacono.
997 2915 1168 2990 Pervenit
1180 2916 1224 2990 ad
1237 2940 1301 2990 nos
1313 2917 1518 2992 Pimenium

298 3031 515 3107 Amalfitaue
540 3030 699 3107 civitatis
725 3030 939 3128 Episcopum
957 3030 994 3102 in
1012 3028 1164 3106 ecclesia
1180 3056 1246 3105 sua
1273 3031 1426 3107 residere
1447 3055 1519 3107 non

297 3171 375 3221 esse
399 3154 618 3232 contentum,
639 3144 699 3220 sed
717 3144 802 3220 foris
820 3169 882 3242 per
909 3144 986 3219 loca
1010 3143 1152 3218 diversa
1178 3143 1316 3240 vagari.
1342 3148 1388 3217 Et
1412 3144 1518 3220 infra.

295 3260 431 3336 Iccirco
442 3258 511 3333 hac
523 3259 588 3333 tibi
600 3259 813 3334 auctoritate
827 3257 1065 3357 praecipimus
1074 3256 1245 3356 quatinus
1257 3257 1324 3333 hoc
1333 3258 1376 3333 de
1389 3267 1518 3334 caetero

295 3373 411 3449 faeere
428 3395 498 3446 non
521 3382 724 3469 presumat,
749 3371 809 3446 sed
827 3372 866 3445 in
882 3370 1032 3446 ecclesia
1050 3396 1115 3444 sua
1128 3370 1337 3445 sacerdotali
1356 3394 1451 3447 more
1465 3397 1518 3447 re·

295 3487 418 3562 sideat.
442 3490 556 3575 Quem
574 3487 604 3559 si
630 3487 719 3561 sorte
736 3511 806 3561 non
832 3485 1019 3561 emendare
1037 3495 1115 3582 post
1139 3495 1238 3558 tuam
1258 3476 1516 3561 interminatio·

294 3625 376 3675 nem
394 3599 606 3697 cognoveris
623 3600 660 3672 in
679 3599 931 3675 monasterium
950 3599 1113 3674 eumdem
1132 3608 1269 3695 putare,
1284 3611 1320 3673 et
1336 3597 1438 3672 nobis
1455 3623 1517 3674 cu·

296 3714 391 3789 rabis
416 3714 526 3788 modis
551 3713 716 3788 omnibus
734 3712 893 3788 iudicare
919 3724 959 3787 ut
987 3712 1073 3810 quid
1098 3712 1216 3788 facere
1240 3711 1368 3789 debeas
1393 3722 1515 3787 nostra

293 3829 380 3905 item
398 3829 622 3927 preceptione
639 3852 845 3925 cognoscas.

780 4055 947 4146 GLXllll.
968 4053 1044 4151 (sic)

386 4276 560 4372 Gregorio
571 4275 736 4350 Athemio
749 4275 972 4351 Subdiacono
982 4274 1197 4372 Campaniae.
1211 4272 1383 4349 Pervenit
1391 4272 1436 4347 ad
1446 4298 1510 4349 nos

289 4387 436 4463 fratrem
454 4399 490 4464 et
505 4390 750 4488 coepiscopum
776 4399 936 4465 nostrum
963 4388 1197 4466 Paschasium
1219 4389 1270 4462 ita
1290 4386 1447 4464 desidem
1473 4399 1510 4464 et

289 4502 544 4601 neglegentem
563 4505 601 4580 in
617 4506 760 4582 cunctis
776 4504 929 4583 existere
943 4515 983 4582 ut
995 4505 1033 4580 in
1046 4504 1146 4580 nullo
1158 4505 1244 4604 quia
1256 4512 1312 4581 est
1323 4505 1509 4602 episcopus
