3608 5498
810 395 1008 457 -144--

298 541 441 592 servare
458 515 633 592 unitatem
653 514 809 613 Spiritus
826 514 864 591 in
882 512 1028 589 vinculo
1046 511 1153 610 pacis.
1170 513 1240 599 Qui
1257 533 1344 608 ergo
1360 534 1427 586 nec
1440 509 1520 586 uui·

296 640 407 706 tatem
424 629 573 727 spiritus
590 654 657 705 nec
674 627 961 704 convinctionem
978 626 1077 725 pacis
1094 626 1269 714 observat,
1286 635 1323 700 et
1339 648 1377 699 se
1390 624 1436 697 ab
1452 626 1520 699 Ec·

296 744 414 819 clesiae
430 743 575 819 vinculo
591 754 698 841 atque
715 769 736 816 a
754 742 976 818 sacerdotum
1003 740 1155 836 collegio
1179 749 1330 838 separat,
1351 737 1518 836 Episcopi

295 882 362 933 nec
379 866 588 956 potestatem
614 867 728 954 potest
751 857 881 933 habere
906 880 972 932 nec
997 855 1177 945 honorem,
1193 853 1255 953 qui
1280 851 1519 951 Episcopatus

295 995 361 1045 nec
378 970 554 1046 unitatem
572 970 687 1046 voluit
703 981 824 1046 tenere
842 995 909 1045 nec
921 995 1055 1070 pacem.
1068 970 1165 1046 Idem
1178 969 1222 1044 ad
1235 967 1411 1044 eumdem.
1424 965 1520 1054 Quid

294 1107 379 1159 vero
395 1084 440 1158 ad
455 1083 649 1159 Novatiani
668 1107 852 1181 personam
870 1084 1024 1181 pertinet
1039 1084 1151 1159 frater
1171 1083 1363 1158 karissime
1379 1080 1423 1155 de
1448 1101 1519 1178 quo

294 1197 502 1273 desiderasti
519 1197 584 1272 tibi
611 1197 730 1286 scribi,
755 1197 839 1295 quia
864 1196 1018 1274 heresim
1045 1195 1310 1284 introduxisset,
1334 1193 1428 1268 scias
1454 1214 1520 1266 nos

294 1311 409 1408 primo
425 1311 463 1384 in
481 1310 555 1386 loco
572 1335 637 1386 uec
655 1311 813 1388 curiosos
830 1335 907 1386 esse
921 1310 1046 1386 dehere
1059 1310 1144 1409 quid
1157 1308 1221 1386 ille
1232 1309 1357 1385 doceat
1372 1331 1457 1383 cum
1470 1305 1520 1380 fo

294 1425 345 1498 ris
361 1424 492 1499 doceat.
510 1423 680 1522 Quisquis
697 1423 758 1499 ille
775 1418 883 1499 estet
903 1423 1175 1523 qualiscumque
1199 1434 1265 1514 cst,
1289 1419 1519 1499 Christianus

294 1560 364 1610 non
381 1537 547 1636 estquis
564 1537 601 1609 in
624 1536 787 1612 Ecclesia
813 1559 881 1610 non
908 1549 972 1614 est.
997 1542 1110 1614 Iactet
1135 1562 1174 1613 se
1198 1537 1283 1613 licet
1307 1546 1344 1612 ct
1368 1531 1519 1633 philoso-

293 1649 414 1747 phiam
432 1649 491 1725 val
508 1649 749 1747 eloquentiam
767 1675 869 1723 suam
888 1649 991 1726 falsis
1006 1651 1155 1727 vocibus
1172 1649 1340 1749 praedicet
1364 1647 1426 1746 qui
1451 1670 1519 1721 neo

293 1763 487 1839 fraternam
501 1764 689 1839 caritatem
704 1789 770 1839 nec
782 1763 1063 1840 ecclesiasticam
1077 1764 1253 1839 unitatem
1266 1761 1395 1849 tenuit,
1407 1759 1518 1834 etiam

296 1877 389 1974 quod
406 1882 506 1976 prius
524 1877 641 1952 fuerat
659 1876 787 1952 emisit.
805 1880 896 1952 Item
914 1878 1047 1954 circam
1066 1879 1184 1952 finem.
1203 1881 1371 1973 Apostate
1384 1895 1469 1948 vero
1480 1880 1519 1946 et

292 1991 488 2066 desertores
506 1991 564 2067 vel
581 1990 777 2065 adversarii
794 2000 831 2066 et
847 1991 964 2069 hostes
978 1993 1114 2070 Christi
1129 1991 1328 2068 Ecclesiam
1343 1988 1518 2084 dissipan-

292 2114 357 2195 tes
382 2129 448 2181 nec
473 2107 504 2179 si
528 2105 636 2181 occisi
658 2105 805 2193 fuerint,
828 2106 970 2181 admitti
992 2107 1189 2184 secuudum
1211 2103 1421 2204 Apostolum
1441 2123 1519 2199 pos·

293 2219 437 2293 suntad
455 2218 626 2294 Ecclesiae
645 2242 780 2316 pacem,
792 2218 880 2316 quin
893 2244 960 2295 nec
974 2220 1121 2317 spiritus
1139 2243 1204 2294 nec
1217 2217 1379 2294 ecclcsiae
1395 2224 1518 2290 tenue

292 2331 695 2409 runtuuitatem.1dem
713 2333 758 2406 ad
775 2335 951 2428 Magnum
968 2334 1011 2408 de
1033 2333 1165 2409 eodem.
1190 2336 1314 2430 Neque
1339 2328 1516 2404 Dominus

291 2455 410 2519 noster
427 2444 553 2520 Ihesus
566 2444 733 2519 Christus
746 2469 830 2521 cum
844 2444 882 2516 in
895 2445 1096 2543 Evangelio
1108 2468 1172 2521 suo
1184 2454 1378 2521 testaretur
1390 2442 1516 2517 adver·

291 2558 403 2632 sarios
420 2582 503 2634 suos
519 2583 596 2633 esse
611 2582 671 2634 eos
687 2558 749 2656 qui
764 2582 887 2633 secum
901 2583 970 2634 nou
984 2570 1104 2635 essent
1116 2558 1273 2657 aliquam
1287 2557 1442 2656 speciem
1454 2554 1516 2629 he-

291 2695 407 2748 reseos
424 2671 640 2768 designavit,
658 2671 719 2746 sed
736 2694 858 2747 omnes
874 2673 1019 2746 omnino
1035 2670 1098 2769 qui
1114 2695 1236 2746 secum
1249 2692 1320 2744 non
1333 2676 1462 2756 essent,
1478 2674 1515 2740 et

290 2809 412 2860 secum
430 2808 500 2858 non
518 2784 730 2881 colligentes
745 2808 898 2881 gregem
915 2810 1022 2860 suum
1047 2792 1270 2882 spargerent,
1291 2779 1514 2857 adversarios

288 2923 365 2974 esse
382 2898 536 2974 ostendit
552 2898 683 2973 dicens.
701 2897 771 2985 Qui
788 2909 929 2973 nonest
947 2922 1100 2986 mecum,
1117 2897 1309 2971 adversum
1327 2919 1384 2970 me
1397 2904 1464 2983 est,
1476 2902 1514 2969 et

289 3011 350 3109 qui
369 3036 510 3087 mecum
527 3035 597 3086 non
615 3011 756 3107 colligit
773 3011 922 3109 spargit.
938 3015 1030 3087 Item
1047 3011 1172 3087 beatus
1185 3010 1376 3109 Apostolus
1388 3009 1513 3084 Iohan-

288 3148 352 3199 nes
369 3149 437 3200 nec
453 3125 529 3223 ipse
546 3124 659 3198 ullam
677 3123 831 3200 heresim
848 3136 913 3200 aut
929 3151 1074 3224 scysma
1092 3125 1265 3201 discrevit
1285 3134 1349 3199 aut
1373 3122 1513 3221 aliquos

288 3238 474 3334 speciatim
492 3263 529 3313 se
547 3263 650 3337 pares
667 3239 784 3337 posuit
808 3238 868 3312 sed
893 3239 1082 3315 universos
1098 3239 1160 3338 qui
1177 3238 1220 3314 de
1245 3238 1396 3314 ecclesia
1421 3237 1513 3311 exis-

288 3360 378 3439 sent,
394 3351 526 3451 quique
541 3362 665 3427 contra
683 3352 883 3428 Ecclesiam
908 3353 1066 3428 lacerent
1092 3352 1333 3428 AntIchristos
1358 3348 1513 3449 appella·

287 3462 342 3537 vit
359 3463 490 3539 diceus.
507 3463 670 3539 Audistis
686 3465 778 3563 quod
796 3464 1044 3540 Antichristus
1061 3466 1172 3556 venit,
1189 3490 1288 3540 nuuc
1304 3461 1511 3539 antichristi

289 3576 394 3651 multi
413 3577 500 3654 facti
518 3587 613 3652 suut.
630 3578 733 3654 Unde
750 3578 1002 3675 cognoscimus
1018 3577 1102 3676 quia
1118 3579 1314 3653 novissima
1335 3578 1422 3652 hora
1447 3585 1512 3652 est.

287 3692 343 3763 Ex
359 3690 459 3765 nobis
476 3691 641 3766 exierunt
658 3692 720 3766 sed
736 3714 807 3765 non
824 3700 928 3766 erant
944 3715 988 3766 ex
1003 3690 1114 3766 nobis.
1131 3691 1169 3764 Si
1183 3691 1338 3768 fuissent
1348 3716 1394 3767 ex
1409 3689 1511 3768 uobis

287 3801 484 3878 mansissent
505 3802 700 3880 nobiseum.
718 3804 820 3880 Unde
836 3815 983 3903 apparet
998 3804 1220 3879 adversarios
1237 3802 1380 3878 Domini
1396 3812 1432 3878 et
1448 3827 1512 3876 an·

287 3914 470 3991 tichristcs
478 3939 556 3992 esse
564 3940 652 4015 quos
660 3927 799 3992 constet
814 3942 836 3989 a
849 3917 999 3992 caritate
1011 3926 1118 4014 atque
1130 3915 1176 3989 ab
1188 3915 1327 3991 unitate
1338 3914 1510 3992 Ecclesia

288 4028 485 4104 recessisse.
498 4032 588 4104 Item
602 4029 641 4102 in
654 4029 894 4128 sequentibus.
907 4029 1070 4105 Ecclesia
1083 4054 1155 4103 una
1169 4037 1224 4104 est
1236 4054 1397 4127 quaeuna
1410 4030 1510 4104 intus

287 4150 324 4214 ot
341 4139 426 4214 soris
443 4164 520 4217 esse
537 4165 608 4216 nou
625 4152 749 4240 potest.
767 4142 805 4215 Si
822 4143 917 4240 apud
933 4141 1176 4217 Novatianum
1194 4154 1249 4218 est
1268 4142 1363 4241 apud
1381 4143 1511 4218 Corne·

286 4252 375 4327 lium
394 4278 465 4328 non
483 4255 561 4331 fuit.
579 4256 617 4329 Si
635 4280 720 4330 vero
737 4256 832 4354 apud
850 4256 1056 4331 Cornelium
1074 4255 1155 4344 fuit,
1173 4255 1235 4354 qui
1253 4257 1409 4331 Fabiano
1426 4255 1509 4354 Epi·

287 4390 390 4464 scopo
414 4367 578 4463 legitima
602 4368 823 4445 ordinatione
848 4368 1032 4458 successit,
1059 4378 1094 4445 et
1119 4393 1224 4467 quem
1242 4378 1370 4468 praeter
1395 4393 1512 4447 sacer-

286 4477 372 4553 dotii
389 4476 557 4555 honorem
571 4479 732 4555 martirio
748 4504 887 4579 quoque
901 4480 1076 4556 Dominus
1093 4481 1328 4578 significavit,
1340 4483 1507 4559 Novatia-
