3608 5498
803 393 999 486 ..31ss-

287 515 413 604 batioo,
430 525 502 591 tam
523 514 565 591 do
582 515 702 591 eodem
720 512 1054 612 castello,qua1ndo
1070 509 1167 585 villis
1184 510 1228 587 ad
1246 536 1284 586 se
1297 512 1507 610 pertinenti·

288 628 366 720 bus,
376 630 486 704 situm
501 628 601 705 estin
611 628 789 704 territorio
802 628 904 704 silvae
917 626 1088 716 candidae,
1097 636 1243 724 praestat
1254 626 1507 702 annueXauri

287 744 424 820 solidos.
442 749 532 820 Item
551 744 588 818 in
605 744 675 819 alio
692 743 841 820 certicio
862 754 954 819 tomo
971 741 1202 818 Lateranensi
1227 742 1365 838 legitur
1382 741 1509 823 Buria·

286 883 375 933 num
391 857 500 933 situm
519 856 555 932 in
573 859 745 936 comitatu
762 859 853 932 iuris
869 856 963 933 beati
982 856 1079 932 Petri
1096 882 1173 938 esse
1188 881 1271 931 cum
1285 853 1454 945 castellis,
1470 868 1508 930 et

285 970 395 1061 viliis,
407 987 444 1047 et
457 970 639 1062 8888188118,
652 971 765 1060 silvis,
778 979 815 1046 et
827 970 944 1062 terris,
956 997 1019 1055 seu
1033 971 1127 1060 1888,
1137 980 1173 1046 81
1185 969 1351 1045 omnibus
1359 969 1392 1044 ei
1402 969 1509 1068 perti·

288 1085 469 1161 nantibus.
485 1089 575 1161 Item
601 1085 787 1161 invenitur
804 1084 842 1158 in
860 1082 930 1160 8118
954 1096 1048 1161 tomo
1065 1088 1197 1184 Papam
1218 1086 1257 1159 B.
1273 1083 1408 1160 locasse
1433 1082 1508 1159 cui*

288 1199 369 1273 dam
398 1200 519 1284 comiti
538 1199 802 1275 Ariminensem
827 1199 1038 1286 comitatum
1056 1224 1139 1275 oum
1155 1197 1322 1274 omnibus
1338 1200 1415 1279 suis
1432 1221 1509 1296 per-

287 1312 461 1402 tinentiis,
478 1338 644 1389 unacum
657 1311 819 1389 ecclesia
833 1323 967 1389 sanotae
976 1313 1099 1389 Marisa
1112 1313 1343 1413 quae-dieitur
1355 1313 1394 1386 in
1407 1321 1508 1389 turre

288 1452 401 1520 muro,
409 1454 493 1503 oum
506 1429 681 1518 omnibns,
695 1438 731 1504 et
744 1454 828 1504 oum
841 1426 941 1527 plebe
954 1427 1071 1504 sanati
1089 1426 1346 1504 Paternianum
1364 1426 1402 1500 in
1419 1426 1509 1502 inte·

287 1564 355 1637 gro
371 1566 450 1639 quae
463 1551 517 1617 est
530 1542 620 1615 iuris
633 1553 766 1617 888818
783 1540 906 1616 Mariae
919 1564 999 1638 quae
1015 1539 1149 1616 dieitur
1166 1539 1204 1614 in
1220 1554 1320 1615 turre
1337 1562 1438 1614 novo.
1455 1537 1510 1613 Si·

289 1653 424 1730 militer
446 1653 643 1729 aeclesiam
667 1664 800 1728 sanctae
825 1654 949 1729 Mariae
974 1677 1053 1751 quae
1077 1652 1212 1729 dicitur
1233 1651 1271 1726 in
1295 1651 1509 1748 Argumino‚

291 1791 375 1841 oum
390 1766 481 1842 88118
495 1768 610 1842 saneti
625 1766 796 1842 Theodori
810 1766 848 1841 in
861 1766 1004 1864 integro
1020 1793 1104 1843 cum
1117 1766 1281 1842 omnibus
1294 1776 1331 1842 et
1342 1775 1507 1842 sanctum

290 1879 486 1976 Georgium
506 1881 543 1954 in
562 1879 703 1977 integro
720 1879 781 1978 qui
807 1888 862 1956 est
886 1881 1022 1980 positus
1046 1880 1147 1954 iuxta
1176 1880 1292 1954 forum
1309 1879 1508 1979 publicum,

291 2018 374 2069 cunr
400 1993 565 2069 omnibus
589 1993 675 2083 suis,
692 1993 871 2093 simulque
896 1993 1116 2069 territorium
1142 1994 1327 2090 integrum
1345 1991 1437 2092 quod
1453 2003 1510 2067 est

289 2106 400 2183 castri
419 2105 583 2194 Conchae,
602 2132 685 2182 cum
699 2106 775 2182 suis
788 2106 1006 2205 publicariis,
1019 2117 1055 2182 et
1067 2106 1299 2181 armamaniis
1311 2105 1510 2182 eteoclesia

287 2222 403 2296 saneti
429 2221 611 2319 Stephani.
628 2224 675 2296 Et
700 2221 924 2296 medietatem
941 2221 984 2296 de
1013 2222 1186 2297 oomitatu
1204 2217 1397 2309 Pensauro,
1423 2245 1507 2294 curn

288 2334 431 2434 publiea
453 2344 490 2409 et
506 2334 672 2409 armariis
689 2334 765 2409 suis
783 2335 876 2409 infra
893 2335 1078 2410 civitatem
1096 2334 1222 2432 ipsam,
1239 2333 1298 2410 vel
1316 2335 1402 2409 foris
1420 2335 1511 2432 posi·

287 2448 335 2521 tis
357 2456 532 2544 quantum
558 2447 604 2521 ad
630 2447 854 2523 medietatem
880 2447 994 2546 ipsius
1019 2446 1210 2523 comitatus
1234 2447 1398 2546 pertinet,
1414 2447 1511 2523 siout

288 2558 462 2634 dividitur
483 2559 632 2634 8118818
656 2560 718 2658 qui
748 2559 991 2635 (1181188118118
1017 2585 1130 2658 usque
1146 2561 1192 2635 ad
1208 2560 1360 2636 fluvium
1380 2561 1441 2659 qui
1459 2560 1512 2634 di-

289 2672 385 2748 citur
398 2671 558 2760 ’1881188
571 2697 654 2748 cum
669 2672 832 2748 omnibus
848 2674 894 2747 ad
909 2674 977 2750 hoo
992 2675 1264 2775 pertinentibus.
1276 2678 1318 2749 In
1336 2676 1509 2751 comitatu
1577 2678 1579 2683 ’

289 2785 491 2876 Orbinensi,
513 2785 650 2885 plebem
677 2786 792 2862 sancti
811 2787 909 2862 Petri
925 2812 1005 2888 quas
1022 2787 1156 2879 dicitur
1173 2789 1209 2862 in
1230 2788 1370 2865 Arsioio
1386 2798 1423 2864 et
1439 2787 1512 2886 ple·

290 2899 371 2975 bem
393 2901 510 2975 sancti
527 2901 730 2976 Gaudentii.
743 2904 810 2977 Est
825 2923 910 2977 vero
927 2903 1049 3001 pensio
1065 2901 1317 3003 predictarum
1334 2902 1512 2994 888818818-

288 3039 369 3089 rum
386 3016 451 3089 LX
467 3014 657 3090 solidorum
673 3014 811 3090 denarii
824 3015 1047 3115 papiensium
1060 3016 1217 3114 exeeptis
1233 3015 1462 3091 comitatibus
1474 3027 1511 3091 ot

286 3150 407 3204 oorum
425 3128 661 3228 pertinentiis
678 3131 768 3205 Item
782 3128 820 3203 in
833 3130 984 3227 quodam
1002 3129 1151 3206 santicio
1168 3130 1357 3229 privilegio
1371 3130 1511 3207 inveni-

288 3252 349 3316 tur
361 3266 478 3316 nonus
487 3244 556 3317 Leo
569 3244 665 3340 Papa
674 3240 809 3320 locasse
822 3242 944 3318 comiti
959 3243 1183 3321 Anconitano
1196 3243 1383 3342 praefatum
1402 3244 1510 3320 comi-

288 3363 404 3428 tatum
416 3353 678 3430 Ariminensem
692 3365 729 3431 81
742 3356 906 3454 praefatas
919 3355 998 3431 eius
1007 3355 1188 3433 8888188188
1200 3366 1237 3433 81
1248 3367 1409 3434 castrum
1419 3358 1510 3434 Con·
1621 3367 1623 3373 '

287 3465 368 3558 cha,
392 3477 429 3542 et
451 3467 601 3542 fundum
620 3467 683 3567 qui
700 3467 832 3543 dieitur
849 3469 936 3557 sala,
953 3467 1015 3566 qui
1033 3478 1089 3544 est
1106 3469 1210 3543 iuxta
1227 3469 1364 3568 plebem
1392 3469 1511 3546 sancti

287 3578 468 3667 Iohannis,
486 3604 565 3677 quas
594 3580 727 3657 dicitur
751 3581 789 3655 in
807 3581 918 3657 Rufio.
935 3585 1025 3657 Item
1051 3582 1089 3656 in
1114 3581 1184 3657 8118
1209 3583 1394 3659 invenitur
1418 3582 1510 3658 iuris
1570 3567 1580 3585 ⁶

287 3691 381 3770 beati
395 3694 492 3768 Petri
510 3712 587 3770 esse
603 3694 779 3795 palatium
797 3695 1026 3772 Ariminense
1043 3721 1127 3772 cum
1144 3697 1282 3796 capella
1299 3698 1415 3773 sancti
1432 3701 1510 3796 Ny·

287 3806 377 3880 88181
396 3805 496 3880 iuxta
513 3806 638 3904 posita,
653 3816 690 3883 81
707 3807 822 3883 curtis
835 3808 877 3883 de
891 3810 1026 3907 Campo
1044 3809 1251 3907 longorum
1269 3813 1362 3886 turri
1379 3836 1457 3901 sua,
1473 3822 1511 3886 81

287 3928 446 3995 castrum
478 3944 651 4017 maguum
678 3920 792 3996 latum
815 3947 897 3998 eum
915 3931 1017 3997 ourte
1047 3931 1083 3997 et
1107 3922 1339 4021 apendicibus
1363 3923 1449 4012 suis,
1472 3933 1511 3998 81

286 4031 543 4108 monasterium
562 4042 696 4109 888818
714 4033 838 4109 Mariua
855 4036 892 4109 in
911 4035 1074 4111 Arbulici
1093 4060 1176 4111 cum
1195 4047 1297 4113 curte
1314 4048 1350 4114 et
1366 4037 1510 4136 apendi-

286 4144 1509 4241 811888818818881881888888,81888188888881818888888188818,

286 4267 499 4332 8188818888
519 4258 661 4332 Mazina
678 4283 761 4334 cum
779 4271 893 4352 88818,
909 4274 946 4339 81
958 4263 1128 4339 medietas
1141 4265 1251 4340 castri
1264 4266 1406 4357 Erucio,
1423 4290 1509 4340 oum

286 4369 520 4460 1111888818,
541 4382 578 4447 et
599 4381 759 4449 castrum
777 4383 980 4473 paternum,
997 4384 1033 4450 et
1049 4399 1284 4476 quecumque
1303 4375 1417 4453 188818
1436 4377 1512 4452 fue·

287 4494 410 4574 runta
430 4486 598 4567 Romanis
615 4487 850 4564 Pontificibus
873 4487 1017 4563 cuidam
1037 4488 1203 4565 Marooiae
1220 4489 1410 4568 oomitissae
1428 4491 1511 4564 Ari·
