3608 5498
801 397 996 462 -ms-

821 553 977 643 oxxsst

712 723 762 776 Ex
780 723 835 776 ub.
855 723 869 774 1
888 720 1078 776 Burchardi.

383 857 581 956 Gregorius
605 861 675 935 IIII
700 857 934 935 Theodosium
960 881 1067 956 quem
1094 855 1283 954 Eugenius
1306 862 1509 931 antecessor

287 970 365 1047 eius
382 970 596 1071 presbyterii
611 972 741 1048 honore
757 971 974 1070 privaverat,
995 970 1154 1047 ccclesiae
1179 967 1362 1065 Segininae
1389 991 1511 1044 consc-

287 1084 406 1161 cravit
417 1084 631 1185 episcopum.
644 1085 814 1162 Leontius
831 1086 917 1161 dum
929 1094 1024 1160 esset
1036 1083 1224 1183 presbyter
1235 1082 1416 1181 depositus
1429 1080 1511 1171 fuit,

289 1207 324 1274 et
337 1207 458 1297 postea
471 1198 508 1272 in
523 1197 715 1275 Antiochia
728 1197 929 1295 patriarcha
943 1197 1072 1274 extitit.
1081 1198 1259 1274 Misenum
1273 1197 1477 1295 episcopum
1489 1219 1512 1269 a

288 1310 407 1389 Felice
422 1316 519 1412 Papa
531 1313 751 1402 damnatum,
764 1312 930 1389 Gelasius
939 1335 1124 1388 successor
1135 1312 1214 1389 eius
1223 1320 1259 1387 et
1267 1307 1510 1387 communioni

291 1426 456 1519 reddidit
473 1435 510 1502 et
526 1425 697 1504 ecclesie
714 1450 789 1502 sure
807 1426 974 1503 restituit.

809 1628 985 1715 oxxssss.

644 1833 693 1887 Ex
711 1833 815 1899 gestis
833 1832 865 1887 Β.
884 1832 1030 1888 silvestri
1048 1833 1160 1898 Pspae.

388 1998 420 2068 A
444 2000 568 2071 sancto
592 1992 765 2070 Silvestre
787 2002 825 2071 et
849 1994 1068 2094 presbyteris
1085 1993 1165 2071 eins
1181 1992 1397 2071 colobiorum
1424 2015 1513 2066 usus

293 2108 447 2206 sumpsit
464 2108 622 2199 initium,
639 2118 675 2185 et
693 2112 838 2185 Marcus
851 2119 887 2184 et
899 2109 1027 2200 Iulius,
1040 2118 1077 2184 et
1089 2107 1252 2184 Liberius
1264 2131 1304 2184 eo
1316 2106 1438 2182 ordine
1455 2104 1513 2179 usi

291 2230 386 2295 sunt.
399 2224 483 2296 Post
496 2220 559 2297 hos
576 2231 695 2297 autem
709 2221 876 2320 quoniam
900 2223 1045 2298 nuditas
1057 2221 1288 2299 brachiorum
1302 2220 1515 2320 culpabatur

292 2334 426 2410 colobia
442 2334 481 2408 in
497 2332 707 2409 dalmaticas
724 2344 944 2411 commutata
957 2344 1052 2411 sunt.
1066 2335 1196 2410 Visum
1211 2345 1266 2412 cst
1277 2334 1372 2411 eninr
1386 2333 1514 2409 melius

291 2447 378 2522 huic
404 2447 578 2547 proposito
601 2446 809 2540 convenire,
827 2449 919 2548 quod
941 2447 1147 2527 accuratius
1172 2448 1290 2547 magis
1313 2445 1516 2548 aspectibus

292 2560 432 2659 placere
450 2559 580 2637 valeat.

836 2670 973 2756 CXXV.

435 2865 484 2917 Ex
502 2863 639 2918 historia
656 2863 823 2919 Anastasii
841 2865 1080 2921 bibliothecarit
1096 2867 1190 2919 Rom.
1210 2864 1375 2921 Ecclesiae.

302 3049 306 3056 ’
389 3017 515 3093 Mundi
533 3040 627 3093 anno
639 3017 834 3117 quinquies
847 3018 1037 3095 millesimo
1049 3020 1153 3098 Dec.
1166 3022 1312 3095 XLIIII.
1324 3018 1446 3093 divine
1463 3017 1517 3090 in-

293 3131 511 3209 carnationis
526 3155 620 3206 anno
636 3130 707 3208 CO.
724 3135 858 3208 XLIIlI
875 3136 1038 3208 Novatus
1057 3136 1223 3208 Romane
1246 3132 1416 3209 ecclesie
1440 3154 1517 3229 prc-

295 3244 418 3343 sbyter
431 3269 506 3319 sese
519 3243 565 3318 ab
577 3243 729 3319 ecclesia
741 3246 932 3344 separavit.
945 3245 1019 3320 Sub
1034 3245 1182 3322 obtentu
1195 3269 1328 3336 eorum,
1340 3245 1403 3344 qui
1416 3242 1516 3319 Decii

295 3366 450 3457 tempore
466 3355 503 3429 in
521 3355 766 3454 persecutione
781 3356 1073 3450 immolaverant,
1088 3368 1125 3436 et
1139 3382 1200 3458 per
1217 3356 1460 3457 penitentiam
1478 3355 1517 3429 in

295 3469 579 3546 communionem
591 3467 637 3544 ab
649 3468 802 3546 ccclesia
815 3482 902 3547 sunt
915 3472 1059 3572 recepti,
1072 3482 1108 3550 et
1120 3472 1196 3573 ipse
1209 3497 1291 3548 cum
1305 3471 1382 3546 suis
1394 3495 1518 3569 sequa·

295 3581 397 3658 cibus
414 3581 540 3682 pulsus
555 3591 619 3658 est.
637 3584 688 3657 De
706 3583 869 3681 paradiso
893 3585 1067 3673 ecclesie,
1090 3585 1268 3661 sententia
1286 3595 1427 3682 patrum
1452 3586 1518 3658 LX

296 3695 358 3796 qui
374 3695 544 3772 sinonicae
560 3720 759 3773 convenere
777 3700 815 3772 in
834 3699 922 3775 urbo
940 3699 1052 3772 Roma
1077 3723 1160 3774 cum
1185 3695 1349 3795 pluribus
1373 3694 1520 3795 presby·

295 3806 384 3884 teris
399 3816 436 3884 et
452 3806 669 3897 diaconibus,
687 3808 898 3907 presidente
916 3807 1082 3886 Cornelio
1097 3808 1258 3909 episcopo
1275 3808 1393 3886 Urbis.

829 4000 984 4088 CXXVI.

534 4202 694 4258 lohannes
714 4203 931 4258 crisostomus
951 4201 1271 4269 superuacaneum.

394 4362 542 4437 Diaconi
555 4373 676 4440 autem
689 4363 752 4463 qui
766 4386 835 4439 non
847 4363 936 4440 berre
950 4372 1118 4453 tractant,
1126 4363 1451 4442 ecclesiasticarum
1462 4390 1517 4465 pe·

298 4472 488 4553 curiarum
507 4499 657 4566 menses,
674 4476 735 4555 sed
751 4500 890 4576 semper
906 4476 948 4554 de
965 4477 1018 4554 eis
1042 4477 1221 4567 fraudant,
1248 4490 1285 4555 et
1309 4479 1404 4578 ipsas
1428 4503 1518 4577 quas
