3608 5498
947 430 994 447 --
1018 395 1086 458 434
1110 427 1151 444 -

435 517 572 594 maiora
588 542 666 595 esse
683 517 882 593 furentium
901 516 1038 593 scelera
1055 542 1162 616 quam
1186 517 1409 593 sacerdotum
1430 514 1564 591 indicia
1582 538 1670 592 een·

438 643 664 721 seamus,aut
676 633 757 732 plns
770 633 1018 708 existimemus
1030 631 1075 705 ad
1089 629 1377 727 impugnandum
1391 651 1491 726 posse
1504 626 1670 700 humana

439 749 638 838 conamina,
655 772 762 846 quam
780 748 872 846 quod
888 747 933 821 ad
946 745 1203 844 protegendum
1218 743 1388 841 praevalet
1404 741 1527 816 divina
1540 739 1670 815 tutela.

438 867 499 937 An
514 864 560 938 ad
576 862 642 938 hoc
659 863 771 938 frater
785 860 974 937 karissime
990 857 1195 956 deponenda
1212 866 1267 932 est
1291 853 1477 931 catholica
1493 851 1671 929 aecclesiae

438 976 610 1072 dignitas,
626 985 663 1052 et
680 975 792 1074 plebis
809 973 1026 1071 interpositae
1044 970 1176 1061 fideles,
1193 981 1299 1069 atque
1325 971 1532 1065 incorrupta
1557 966 1671 1042 maie·

438 1099 522 1163 stas.
540 1091 587 1163 Et
603 1088 833 1164 sacerdotalis
850 1112 989 1185 quoque
1006 1085 1202 1161 aucteritas
1215 1110 1258 1160 ac
1271 1094 1437 1183 potestas,
1449 1092 1491 1158 nt
1504 1082 1669 1157 iudicare

439 1225 477 1276 se
490 1201 584 1277 velle
597 1202 720 1277 dicant
733 1198 959 1276 deaecelesiae
972 1199 1146 1296 proposito
1158 1210 1257 1274 extra
1271 1197 1468 1274 aeclesiam
1479 1195 1669 1272 constituti

438 1314 610 1406 haeretiei,
627 1316 669 1391 de
687 1338 774 1390 sano
790 1314 916 1401 saucii,
932 1313 975 1388 de
992 1313 1135 1409 integro
1150 1312 1345 1400 uulnerati,
1361 1312 1404 1386 de
1429 1320 1547 1386 stante
1563 1309 1671 1408 lapsi,

436 1428 483 1504 de
500 1428 617 1504 iudice
635 1429 698 1518 rei,
715 1429 757 1503 de
775 1428 956 1503 sacerdote
973 1425 1172 1522 sacrilegi?
1188 1429 1236 1499 Et
1252 1434 1330 1522 post
1347 1447 1471 1522 pauca.
1484 1424 1522 1497 Si
1541 1447 1668 1520 pacem

436 1542 631 1643 postulant,
644 1568 744 1617 arma
756 1543 942 1640 deponant.
956 1541 994 1615 Si
1008 1539 1248 1628 satisfaciunt,
1262 1539 1347 1638 qnid
1361 1540 1571 1613 minantur?
1589 1546 1669 1612 Aut

440 1655 471 1729 si
489 1656 763 1745 comminantur,
780 1655 897 1730 sciant
914 1655 998 1753 quia
1016 1680 1037 1728 a
1055 1653 1298 1728 sacerdotibus
1317 1653 1381 1728 Dei
1394 1677 1465 1727 non
1479 1652 1668 1728 timentur.

439 1773 564 1868 Neque
580 1771 676 1845 enim
694 1780 730 1845 et
742 1768 979 1846 antichristus
995 1793 1079 1843 cum
1092 1766 1217 1842 venire
1229 1767 1363 1865 ceperit
1376 1766 1536 1841 introibit
1552 1763 1669 1842 eccle-

440 1883 530 1957 siam
548 1883 633 1981 quia
651 1883 747 1975 mina
764 1893 828 1955 aut
843 1881 955 1955 armis
973 1881 1052 1956 eins
1069 1891 1133 1956 aut
1150 1880 1329 1956 violentiae
1346 1880 1497 1968 ceditur,
1510 1880 1594 1978 quia
1613 1903 1669 1954 re·

441 1996 609 2071 sistentes
626 1995 884 2094 peremiturum
900 2019 938 2070 se
951 2019 1028 2070 esse
1043 1995 1238 2093 profitetur.
1253 2000 1406 2068 Armant
1419 2018 1483 2069 nos
1495 1993 1668 2083 haretici,

441 2110 525 2184 dum
543 2132 607 2184 nos
624 2119 753 2207 putant
769 2133 834 2182 sua
852 2108 1127 2184 comminatione
1145 2107 1282 2183 terreri.
1300 2111 1377 2183 Nec
1393 2107 1430 2180 in
1453 2107 1581 2181 faciem
1600 2131 1667 2182 nos

440 2223 600 2299 deiciunt
616 2223 677 2298 sed
695 2221 813 2318 magis
829 2223 978 2319 erigunt
995 2233 1031 2296 et
1044 2220 1222 2295 accedunt
1234 2219 1320 2293 dum
1334 2218 1402 2320 ipsi
1415 2243 1537 2319 pacem
1551 2243 1668 2317 perse-

441 2336 584 2411 cutione
601 2335 753 2434 peiorem
770 2334 943 2410 fratribus
960 2334 1109 2410 faciunt.
1131 2337 1178 2407 Et
1203 2333 1308 2431 paulo
1331 2342 1419 2433 post.
1445 2335 1598 2407 Oramus
1621 2358 1668 2409 ac

439 2449 673 2547 deprecamur
691 2453 806 2523 Deum
824 2473 930 2546 quem
948 2471 1139 2546 provocare
1152 2447 1204 2521 illi
1219 2456 1255 2522 et
1271 2446 1482 2523 exacerbare
1496 2466 1565 2521 non
1578 2446 1668 2522 desi-

442 2573 545 2652 nunt,
559 2573 603 2637 nt
615 2563 734 2638 lurore
751 2563 906 2660 deposito
919 2563 964 2637 ad
977 2563 1172 2637 sanitatem
1186 2561 1317 2635 mentis
1330 2561 1486 2649 redeant,
1499 2574 1534 2635 et
1547 2560 1668 2656 magis

442 2682 565 2770 petant
578 2672 678 2746 fundi
692 2696 755 2770 pro
767 2698 805 2746 se
822 2697 945 2771 preces
961 2673 1137 2748 antistitis
1152 2698 1259 2771 quam
1273 2674 1339 2772 ipsi
1356 2673 1507 2748 fundant
1519 2675 1669 2770 sangui·

442 2809 523 2859 nem
542 2785 742 2860 sacerdotis.
761 2786 798 2861 Si
817 2796 938 2860 autem
965 2786 1002 2860 in
1027 2787 1148 2862 furore
1174 2811 1238 2862 suo
1263 2789 1534 2886 permanserint,
1559 2799 1668 2886 atque

440 2900 478 2972 in
496 2899 576 2973 istis
593 2899 733 2975 insidiis
751 2925 794 2975 ac
821 2901 928 2975 minis
956 2902 1032 2976 suis
1049 2901 1324 2998 parricidalibus
1341 2901 1534 2978 crudeliter
1550 2925 1666 2999 perse·

441 3015 792 3104 veraverint,nullus
803 3015 868 3090 Dei
877 3016 1041 3092 sacerdos
1051 3015 1277 3091 sicinfirmus
1287 3026 1352 3103 est,
1361 3017 1389 3090 si
1401 3018 1521 3091 iacens
1531 3027 1566 3092 et
1574 3015 1668 3091 abie-

441 3135 534 3215 ctus,
550 3127 610 3226 qui
629 3151 699 3201 non
717 3137 841 3203 contra
859 3127 978 3203 hostes
995 3137 1031 3202 et
1044 3129 1315 3227 impugnatores
1329 3130 1394 3203 Dei
1407 3129 1583 3205 divinitus
1599 3129 1668 3204 eri-

443 3250 589 3337 gantur.
606 3241 696 3316 Eius
720 3241 815 3317 enim
840 3241 1030 3317 humilitas
1055 3251 1091 3317 et
1115 3241 1308 3317 infirmitas
1332 3241 1459 3337 vigore
1483 3252 1520 3317 et
1545 3241 1666 3318 robore

444 3353 586 3427 Domini
604 3354 825 3450 protegentis
841 3355 1031 3431 animetur.
1048 3358 1179 3430 Nostra
1197 3355 1311 3431 nichil
1329 3355 1488 3443 interest,
1505 3367 1569 3432 aut
1585 3378 1666 3453 quo,

442 3475 507 3539 aut
524 3489 593 3563 qno
610 3466 709 3541 modo
725 3492 924 3567 pereamus,
941 3469 1067 3544 mortis
1084 3479 1119 3545 et
1136 3467 1327 3566 sanguinis
1344 3469 1528 3568 praemium
1554 3494 1575 3543 a
1601 3472 1668 3544 Do-

441 3578 542 3653 mino
558 3581 768 3677 percepturi.
793 3580 941 3654 Illorum
966 3581 1082 3656 flenda
1107 3595 1143 3659 et
1167 3584 1396 3660 lamentanda
1420 3585 1579 3661 condicio
1600 3594 1667 3674 est,

360 3723 362 3729 ¹
444 3713 532 3788 quos
548 3690 601 3765 sic
616 3691 777 3765 diabolus
793 3703 949 3781 excecat,
966 3704 1008 3769 ut
1031 3705 1174 3777 aetcrnoe
1194 3697 1371 3792 gehenna
1395 3698 1570 3798 supplicia
1594 3721 1666 3798 non

444 3802 656 3899 cogitantes,
672 3804 877 3880 antichristi
895 3805 965 3879 iam
984 3809 1254 3906 propinquantis
1270 3809 1466 3884 adventum
1492 3819 1669 3887 conentur

444 3917 590 3991 imitari.
607 3905 874 3993 Florentissimo
891 3919 967 3995 illic
984 3919 1079 3995 clero
1095 3930 1215 3996 tecum
1234 3921 1448 4021 presidenti,
1464 3933 1501 3997 et
1516 3924 1668 3997 sanctis·

443 4030 534 4104 sime
551 4040 659 4129 atque
674 4030 893 4129 amplissime
911 4031 1015 4130 plebi,
1033 4030 1156 4128 legere
1172 4044 1208 4109 ta
1225 4033 1365 4108 litteras
1381 4042 1521 4109 nostras
1534 4057 1668 4131 precor.

445 4141 637 4218 Declinent
648 4142 821 4218 autemde
830 4152 948 4219 cetero
961 4144 1101 4219 fortiter
1110 4153 1146 4220 et
1155 4145 1293 4219 evitent
1304 4143 1530 4231 dilectissimi
1542 4145 1667 4220 fratris

445 4255 557 4328 nostri
575 4257 684 4330 verba
702 4266 738 4330 et
755 4255 928 4354 colloquia
946 4281 1081 4347 eorum,
1098 4282 1248 4356 quornm
1269 4281 1383 4333 sermo
1396 4270 1438 4334 ut
1449 4282 1580 4334 cancer
1595 4284 1668 4335 ser-

446 4366 500 4462 pit
516 4367 612 4441 sicut
627 4368 679 4442 ait
697 4369 896 4465 Apostolus.
922 4369 1169 4471 Corrumpunt
1184 4371 1332 4467 ingenia
1345 4371 1447 4460 hona,
1463 4372 1668 4448 confabula-

445 4478 561 4557 tiones
577 4480 748 4576 pessimae.
764 4485 808 4554 111
820 4482 962 4558 iterum.
980 4483 1197 4559 Hoereticurn
1216 4483 1395 4559 hominem
1408 4486 1487 4584 post
1503 4510 1612 4559 unam
1630 4495 1667 4560 et
