3608 5498
812 416 987 478 -03-,0

293 535 448 633 Apostoli
467 534 532 608 hoc
549 543 755 609 statuerunt
772 535 928 610 iussione
946 535 1155 626 Salvatoris‚
1170 548 1210 610 ut
1229 537 1377 612 maiores
1395 549 1430 613 et
1447 539 1513 614 dil·

290 650 455 726 ficiliores
471 648 674 747 questiones
691 672 829 746 semper
849 649 1027 725 adsedem
1054 651 1258 726 referantur
1282 652 1512 750 apostolicam

292 788 522 862 superquam
541 762 710 838 Christus
728 763 933 838 universam
952 765 1138 839 ecclesiam
1158 766 1368 841 construxit.
1385 768 1514 842 Dicen-

290 878 412 977 teipso
422 878 466 952 ob
478 877 622 952 beatum
632 880 779 952 Petrum
790 875 1038 975 Apostolorum
1049 877 1261 974 Principem.
1270 881 1324 952 Tu
1337 903 1375 954 es
1388 879 1513 978 inquid

290 996 420 1067 Petrus
437 1002 474 1067 et
491 1014 597 1086 super
614 990 707 1066 hanc
724 1000 862 1087 petrem
880 990 1051 1066 edificabo
1067 992 1255 1069 ecclesiam
1273 1017 1398 1070 meam.

811 1221 990 1311 Xhllllll.

386 1449 583 1525 Anacletus
600 1451 795 1548 Episcopus
816 1449 998 1524 universis
1023 1451 1274 1549 Episcopis.1n
1291 1477 1383 1530 novo
1406 1465 1513 1531 testa·

291 1575 408 1640 mento
424 1576 502 1663 post
519 1564 703 1638 Christum
722 1564 914 1638 Dominum
933 1571 1094 1637 nostrum
1113 1589 1133 1636 a
1160 1567 1266 1639 Petro
1281 1569 1511 1644 sacerdotalis
1633 1562 1636 1567 ⁴

290 1679 384 1776 cepit
400 1678 493 1753 ordo.
510 1679 603 1766 Quia
629 1679 695 1775 ipsi
722 1678 836 1774 primo
862 1677 1097 1752 Pontificatus
1122 1678 1160 1749 in
1185 1678 1349 1754 Ecclesia
1374 1679 1511 1756 Christi

290 1791 406 1866 elatus
424 1800 488 1879 est,
505 1793 644 1868 dicente
662 1792 813 1866 Domino
828 1792 873 1866 od
890 1816 983 1867 eum.
997 1794 1051 1866 Tu
1065 1817 1104 1866 es
1120 1791 1245 1889 inquid
1260 1797 1388 1869 Petrus
1401 1805 1437 1869 et
1455 1821 1512 1870 su·

290 1905 467 2004 perhanc
492 1917 628 2004 petram
647 1905 842 1981 hedificabo
858 1906 1045 1981 ecclesiam
1073 1930 1199 1994 meam,
1224 1915 1261 1981 et
1285 1916 1382 2005 porte
1404 1908 1510 1982 inferi

290 2041 360 2091 non
385 2019 618 2116 prevalebunt
639 2020 812 2094 adversus
829 2045 919 2107 earn,
936 2029 972 2093 et
988 2017 1053 2093 tibi
1070 2019 1159 2093 dabo
1175 2019 1295 2094 cla'vcs
1321 2021 1424 2116 regni
1446 2046 1512 2098 cae·

289 2131 414 2220 lorum,
431 2143 468 2206 et
484 2142 621 2208 caetera.
640 2133 708 2208 Hic
725 2155 811 2227 ergo
830 2133 968 2229 ligandi
985 2143 1021 2206 et
1039 2132 1199 2206 solvendi
1217 2143 1425 2231 potestatem
1440 2136 1510 2231 pri·

291 2271 370 2319 mus
386 2245 525 2344 accepit
541 2272 563 2320 a
579 2247 738 2321 Domino.

847 2477 917 2560 xL.

387 2698 583 2774 Anocletns
608 2721 735 2771 servus
761 2695 898 2771 Christi
925 2693 1042 2783 lhe'su‚
1068 2694 1145 2769 baeo
1169 2720 1254 2772 vero
1281 2711 1507 2775 sacrosancta

289 2813 449 2886 Romana
466 2809 627 2887 Ecclesia
644 2821 681 2886 et
699 2809 901 2907 Apostolico
918 2809 993 2908 ipse
1011 2809 1113 2884 heato
1134 2813 1239 2886 Petro
1262 2813 1439 2912 Apostolo
1460 2814 1511 2888 di-

289 2926 352 2999 xit.
364 2928 420 2999 Tu
432 2950 471 3000 es
488 2928 618 3001 Petrus
634 2935 670 3000 et
688 2924 824 3023 reliquo
841 2947 954 3021 usque
971 2922 1088 2997 soluta
1101 2934 1138 2997 et
1154 2925 1192 2998 in
1205 2926 1299 3000 caelo.
1315 2926 1459 3000 Adibita
1476 2952 1510 3002 e·
1565 2937 1569 2945 '

289 3038 376 3113 tiam
390 3039 540 3114 societas
553 3040 590 3112 in
603 3039 725 3114 eadem
738 3040 897 3113 Romana
911 3036 1006 3112 Urbe
1019 3036 1216 3112 beatissimi
1230 3038 1390 3136 Apostoli
1404 3038 1508 3113 Pauli

289 3153 386 3227 vasis
401 3152 594 3243 electionis,
611 3153 674 3252 qui
691 3175 762 3226 uno
787 3153 842 3227 die
869 3175 1009 3249 unoque
1034 3161 1189 3249 tempore
1215 3152 1371 3249 glorioso
1396 3162 1508 3228 morto

287 3291 371 3342 cum
389 3270 493 3342 Petro
509 3277 700 3343 coronatus
716 3277 780 3340 est.
798 3269 844 3339 Et
861 3265 965 3339 ambo
981 3275 1144 3340 sanctem
1167 3269 1362 3340 Romanam
1387 3265 1510 3342 Eccle·

288 3381 378 3455 siam
403 3389 714 3469 consecraverunt,
740 3380 891 3478 aliisque
916 3377 1082 3452 omnibus
1107 3377 1255 3452 urbibus
1280 3379 1318 3452 in
1339 3378 1509 3453 universo

291 3494 431 3584 mundo,
447 3519 524 3570 eam
539 3520 606 3569 sua
617 3494 806 3592 proesentis
822 3502 929 3590 atque
946 3490 1147 3566 venerando
1160 3491 1344 3590 triumpho
1356 3491 1510 3591 pertule-

290 3617 384 3682 runt.
402 3612 447 3682 Et
464 3609 547 3685 licet
564 3632 626 3708 pro
642 3608 806 3683 omnibus
823 3606 967 3682 assidua
984 3605 1078 3702 apud
1104 3610 1219 3679 Deum
1244 3607 1403 3680 omnium
1428 3630 1509 3678 sen-

289 3731 427 3796 ctorum
445 3721 617 3797 fundatur
633 3722 755 3811 oratio,
773 3721 831 3795 his
846 3731 967 3796 tamen
986 3720 1093 3797 Urbis
1119 3719 1256 3794 Paulus
1279 3720 1508 3795 beatissimus

289 3834 480 3931 Apostolus
497 3836 665 3910 Rooroms
682 3835 794 3933 primo
810 3834 1022 3932 cirographo
1039 3834 1228 3933 pollicetur
1245 3834 1378 3909 dicens.
1391 3834 1508 3908 Testis

289 3959 343 4023 est
355 3948 443 4023 mihi
458 3952 554 4025 Deus
566 3950 625 4026 cui
639 3949 756 4024 servio
769 3949 807 4022 in
821 3948 949 4045 spiritu
963 3971 1051 4037 meo,
1064 3948 1102 4021 in
1115 3948 1305 4044 evangelio
1319 3946 1403 4020 Filii
1418 3948 1508 4034 eius,
1599 4019 1600 4022 ,

289 4061 381 4158 quod
398 4062 475 4136 sine
492 4063 755 4137 intermissione
774 4062 978 4136 memoriam
997 4061 1109 4136 vestri
1122 4059 1214 4135 focio
1231 4084 1370 4158 semper
1382 4061 1421 4134 in
1435 4084 1509 4134 oro·

289 4173 444 4249 tionibus
462 4176 558 4250 meis.
576 4177 697 4250 Prima
712 4198 800 4270 ergo
815 4174 916 4250 sedes
932 4185 987 4251 est
1002 4174 1125 4251 celesti
1141 4173 1320 4249 beneficio.
1342 4177 1509 4248 Romane

289 4289 469 4377 Ecclesiae,
485 4314 593 4388 quom
611 4300 652 4363 ut
670 4297 904 4364 memoratum
922 4299 987 4379 est,
1004 4288 1201 4363 beatissimi
1220 4291 1347 4363 Petrus
1363 4298 1401 4364 ot
1417 4289 1509 4360 Pau·

291 4402 348 4477 lus
365 4427 429 4478 sno
447 4403 622 4501 martyrio
640 4411 951 4478 consecraverunt.
969 4400 1133 4476 Secunda
1150 4410 1271 4474 autem
1289 4400 1390 4475 sedes
1414 4399 1508 4497 apud

292 4517 546 4594 Alexandriam
563 4519 657 4593 beati
676 4518 775 4591 Petri
792 4515 934 4590 nomine
950 4539 971 4588 a
990 4517 1111 4590 Marco
1123 4512 1202 4588 eius
1214 4512 1390 4611 discipulo
1400 4523 1508 4610 etque
