3608 5498
814 434 853 449 ..
880 402 922 464 78
948 435 989 447 ..

289 519 405 616 ptione
421 529 617 616 corruptas
635 529 762 618 putant
779 520 846 593 sibi
864 530 928 594 aut
945 521 1116 596 ecclesias
1133 544 1202 595 nou
1221 522 1424 611 convenire,
1446 532 1510 596 aut

287 631 333 706 ab
343 632 520 730 Apostolis
529 632 587 708 vel
596 634 897 732 apostolicisviris
909 635 1197 709 contrarietatem
1211 635 1406 711 inductam.
1420 635 1510 722 Quis

288 748 425 822 nesciat
442 758 505 822 aut
522 748 603 845 quis
620 772 689 822 uon
707 750 871 824 advertat
888 749 924 822 id
936 749 1028 846 quod
1042 773 1064 821 a
1079 748 1244 847 Principe
1258 748 1508 846 Apostolorum

289 863 394 936 Petro
413 865 578 936 Romanae
598 862 765 938 Ecclesia
781 864 953 938 traditum
972 873 1026 937 est
1041 888 1084 938 ac
1098 887 1168 937 non
1181 887 1340 961 unquam
1357 863 1512 938 custodi·

288 984 349 1048 tur
366 975 410 1049 ab
427 977 592 1073 omnibus
609 976 734 1051 debere
751 977 899 1068 servari,
916 1003 982 1054 nec
1000 977 1230 1075 superinduci
1249 985 1314 1051 aut
1331 976 1511 1052 introduci

288 1088 424 1186 aliquid
440 1091 533 1188 quod
544 1101 609 1165 aut
620 1090 872 1165 auctoritatem
885 1116 955 1167 uon
968 1092 1097 1167 habeat
1109 1103 1173 1166 aut
1185 1091 1331 1166 aliunde
1345 1090 1510 1167 videatur

289 1202 449 1299 accipere
468 1203 667 1301 exemplum
681 1209 698 1277 ‘3
712 1205 903 1279 Presartim
917 1231 999 1280 cum
1015 1206 1061 1280 sit
1076 1206 1306 1280 manifestum
1319 1205 1357 1279 in
1371 1229 1512 1280 omnem

291 1315 443 1411 ltaliam,
457 1316 604 1406 Gallias,
619 1318 853 1415 Hyspaniam,
868 1319 1042 1409 Africam,
1058 1331 1164 1417 atque
1179 1319 1340 1395 Siciliam
1362 1318 1513 1393 insulas·

291 1453 360 1526 que
386 1429 649 1520 interiacentes
666 1430 807 1505 nullum
834 1433 1032 1507 instituisse
1050 1433 1231 1523 ecclesias,
1248 1433 1317 1506 nisi
1343 1456 1401 1508 cos
1424 1456 1513 1530 quos

291 1545 505 1621 venerabilis
523 1547 711 1645 Apostolus
726 1551 854 1622 Petrus
866 1558 930 1621 aut
947 1546 1025 1622 eius
1042 1570 1265 1622 successores
1277 1547 1515 1622 instituerunt

292 1661 500 1736 sacerdotes,
518 1667 592 1735 Aut
609 1662 734 1758 legant
751 1664 782 1735 si
799 1662 837 1735 in
854 1662 911 1736 his
932 1661 1128 1758 provinciis
1148 1662 1243 1736 alius
1266 1662 1513 1760 Apostolorum

292 1774 476 1848 iuvenitur
492 1785 557 1849 aut
573 1775 710 1871 legitur
731 1775 902 1850 docuisse.
921 1775 1021 1862 Quod
1046 1775 1075 1848 si
1094 1798 1165 1849 non
1183 1775 1312 1871 legunt
1329 1776 1413 1874 quia
1430 1771 1533 1849 nus?

292 1913 400 1987 quarn
416 1889 619 1977 inveniunt,
636 1899 771 1988 oportet
788 1912 846 1964 eos
864 1889 931 1964 hoc
947 1888 1048 1985 sequi
1067 1887 1158 1985 qnod
1176 1892 1333 1963 Romana
1352 1887 1514 1964 Ecclesia

292 2002 485 2077 custodita
507 2027 577 2100 qua
600 2027 658 2077 eos
675 2002 891 2101 principium
910 2003 1091 2101 accepisse
1109 2026 1180 2078 non
1197 2003 1344 2078 dubium
1365 2014 1429 2078 est.
1447 2008 1515 2080 Ne·

292 2119 376 2190 dum
395 2117 595 2214 peregrinis
612 2117 867 2192 assertionibus
884 2117 1030 2192 student
1046 2127 1155 2215 caput
1173 2117 1444 2192 institutionum
1462 2119 1516 2191 vi·

294 2231 444 2307 deantur
460 2231 632 2305 omittere.
650 2235 695 2305 Et
712 2240 928 2329 postpauca.
947 2230 985 2303 si
1003 2231 1084 2329 quis
1109 2258 1130 2305 a
1156 2235 1323 2306 Romanae
1344 2231 1515 2307 Ecclesiae

295 2344 580 2419 institutionibus
601 2355 708 2434 errat,
725 2355 788 2418 aut
805 2355 1118 2433 commoneas,·aut
1142 2346 1301 2420 iudicare
1329 2369 1399 2420 nou
1419 2344 1517 2419 diffe-

296 2483 364 2545 ras,
381 2467 444 2532 aut
461 2458 552 2532 seire
570 2458 754 2533 valeamus
772 2483 851 2556 quae
868 2458 953 2547 sint,
966 2484 1045 2557 quar
1058 2468 1122 2534 aut
1135 2459 1313 2534 novitates
1326 2460 1516 2547 inducunt,

295 2581 359 2645 aut
374 2570 524 2645 alterius
541 2596 648 2668 quam
671 2575 836 2645 Romanae
862 2571 1033 2648 Ecclesiae
1058 2572 1266 2646 existimant
1291 2571 1517 2646 consuetudi·

295 2711 377 2760 nem
395 2709 473 2760 esse
490 2686 713 2759 servandam.

802 2916 1006 3000 LXXXVII.

390 3142 621 3217 Innocentius
635 3143 736 3232 Rufo,
751 3142 901 3217 Eusebio
917 3154 953 3216 et
970 3142 1099 3217 ceteris
1117 3141 1300 3239 Episcopis
1318 3143 1518 3217 Macedoui-

296 3256 372 3330 bus.
391 3256 542 3329 Veniam
561 3281 658 3331 nunc
675 3258 720 3331 ad
738 3257 934 3329 maximum
951 3256 1053 3353 quasi
1067 3255 1111 3330 ad
1124 3255 1297 3352 quoddam
1311 3254 1516 3354 themapho-

296 3369 414 3442 tinum
432 3378 468 3443 et
485 3369 578 3468 quod
594 3369 681 3442 mihi
699 3369 846 3442 anxium
863 3394 906 3443 ac
923 3367 1186 3456 difficillimum,
1205 3366 1378 3441 maiorum
1405 3369 1517 3442 revol-

296 3506 379 3554 vam
398 3481 601 3556 sententias.
619 3484 751 3555 Fuerat
767 3481 810 3555 de
827 3479 889 3556 illo
902 3504 1040 3578 quoque
1055 3490 1096 3554 ut
1108 3480 1216 3554 etiam
1230 3479 1298 3577 ipsi
1316 3481 1520 3556 commemi-

298 3595 403 3668 nistis
419 3593 555 3691 aliquid
573 3594 662 3668 utile
679 3595 831 3690 gravius
852 3594 1098 3669 constitutum.
1125 3598 1263 3669 Verum
1289 3595 1457 3692 quoniam
1483 3596 1519 3671 id

298 3731 359 3805 per
378 3730 554 3782 rumorem
574 3706 704 3780 falsum
723 3716 764 3780 ut
780 3706 940 3782 asseritis
953 3715 1155 3782 surrectum
1172 3705 1259 3780 huic
1276 3706 1351 3782 sedi
1368 3718 1404 3782 et
1421 3707 1521 3783 elici-

224 3886 229 3892 .
296 3831 374 3893 tum
392 3844 454 3917 per
470 3818 619 3892 insidias
637 3820 918 3910 demonstrastis,
934 3819 1019 3918 quia
1037 3843 1093 3893 res
1109 3819 1318 3894 adsalutem
1334 3820 1448 3908 rediit,
1462 3845 1521 3895 ve·

297 3932 394 4006 niam
412 3955 475 4006 nos
492 3930 585 4006 hanc
603 3931 641 4005 in
658 3941 800 4006 tantum
819 3932 918 4007 vobis
935 3931 1183 4006 annitentibus
1199 3954 1262 4028 pro
1286 3932 1521 4029 condempna-

298 4046 393 4122 tione
410 4069 505 4120 more
522 4045 712 4143 apostolico
729 4046 977 4143 subrogamus.
996 4049 1042 4119 Et
1066 4045 1171 4119 iufra.
1195 4047 1264 4118 Pro
1288 4049 1409 4119 vestra
1433 4069 1521 4143 ergo

298 4157 546 4254 approbatione
564 4158 694 4233 fratres
711 4158 906 4248 karissimi,
920 4169 956 4232 et
967 4158 1158 4246 sententia,
1171 4181 1214 4232 oo
1227 4157 1464 4254 postulatione
1477 4161 1521 4232 E-

298 4269 481 4366 piscopum
499 4269 692 4343 Photinum
718 4270 890 4345 habetote.
907 4270 1062 4347 Licitum
1088 4281 1143 4346 est
1163 4270 1214 4344 ita
1239 4270 1456 4347 constituere
1481 4279 1522 4346 ut

299 4383 538 4478 deprecamini
556 4393 677 4456 nostra
695 4383 734 4455 iu
751 4381 881 4458 melius
899 4407 1071 4459 conversa
1088 4384 1278 4459 sententia.
