3608 5498
761 395 993 479 ,341-

816 628 967 714 CLVIII.

358 865 436 959 Ego
454 862 629 940 Robertus
647 861 712 938 Dei
730 861 850 959 gratia
872 872 908 938 et
925 864 1049 940 Sancti
1067 866 1164 941 Petri
1183 864 1335 965 Apuliae,
1351 877 1387 943 et
1404 869 1507 944 Cala·

286 976 373 1051 brias
389 986 426 1051 et
435 975 567 1052 Siciliae
579 975 664 1065 dux,
672 976 718 1051 ab
734 974 804 1052 hac
817 967 906 1052 ¹hora
921 987 959 1053 et
975 978 1143 1077 deinceps
1159 1002 1219 1056 ero
1236 980 1351 1057 fidelis
1363 984 1505 1060 Sanctae

288 1094 456 1166 Romana
470 1090 640 1167 Ecclesiae
657 1100 693 1167 et
707 1090 919 1190 Apostolicae
932 1091 1025 1183 Sedi,
1040 1102 1076 1168 et
1089 1091 1154 1168 tibi
1169 1094 1319 1170 Domino
1331 1120 1409 1172 meo
1422 1099 1508 1174 Gra

288 1205 389 1303 gorio
406 1205 605 1281 universali
615 1209 720 1307 Papae
733 1216 770 1282 et
787 1215 905 1282 cetera
922 1214 963 1281 ut
975 1229 1218 1306 supra,usque
1234 1231 1296 1307 pro
1313 1234 1391 1286 meo
1407 1233 1507 1309 posse

287 1326 412 1395 contra
437 1341 560 1394 omnes
584 1317 756 1407 homines,
773 1329 921 1417 excepta
946 1329 1046 1418 parte
1064 1319 1244 1396 Firmanae
1273 1323 1454 1414 marchiae,
1471 1334 1508 1400 et

288 1431 445 1521 Salerno,
462 1441 569 1530 atque
587 1432 729 1521 Amalfi,
745 1432 840 1508 unde
864 1432 982 1510 adhuc
998 1432 1163 1508 diffinitio
1181 1435 1362 1512 facta'non
1380 1447 1443 1514 est.
1461 1441 1509 1514 Et

288 1544 462 1619 adiuvabo
486 1554 533 1634 te,
550 1555 592 1619 ut
615 1544 809 1620 honorifice
834 1555 870 1620 et
896 1572 1023 1623 secure
1047 1557 1169 1624 teneas
1192 1560 1363 1649 papatum
1383 1555 1509 1626 Roma·

288 1685 387 1749 num,
404 1668 441 1734 et
465 1669 584 1735 cetera
609 1669 650 1734 ut
675 1684 794 1758 supra,
811 1685 925 1759 usque
948 1661 992 1765 ad
1017 1659 1111 1737 hanc
1135 1661 1342 1738 fidelitatem
1360 1664 1509 1740 servabo

289 1773 363 1847 tuis
379 1772 644 1849 successoribus
660 1775 706 1847 ad
722 1773 890 1849 honorem
908 1775 1025 1851 sancti
1035 1777 1132 1852 Petri
1145 1777 1328 1864 ordinatis,
1339 1778 1401 1876 qui
1419 1776 1508 1851 mibi

289 1887 320 1961 si
339 1912 417 1962 mea
435 1887 540 1986 culpa
557 1910 629 1962 non
655 1887 869 1964 remanserit
895 1889 1120 1966 firmaverint
1145 1890 1400 1965 investituram
1426 1901 1510 1965 ante

200 2028 202 2036 ⁴
292 2000 381 2076 mihi
400 2001 544 2077 iactam.
563 2001 624 2077 Sic
642 2026 697 2076 me
716 2004 811 2077 Deus
829 2001 987 2092 adiuvet,
1005 2012 1184 2102 utsupra.

387 2120 466 2212 Ego
490 2117 688 2214 Gregorius
714 2120 809 2216 Papa
835 2117 988 2192 investio
1012 2127 1047 2192 te
1073 2118 1226 2194 Roberte
1251 2117 1334 2206 dux,
1356 2117 1398 2192 dc
1415 2128 1512 2193 terra

290 2255 399 2329 quam
416 2229 481 2304 tibi
498 2239 685 2306 cesserunt
700 2240 942 2307 antecessores
967 2230 1035 2305 mei
1053 2230 1224 2307 Nicolaus
1247 2240 1284 2306 ct
1300 2230 1512 2306 Alexander.

292 2347 344 2418 De
361 2342 426 2416 illa
443 2367 528 2419 vero
549 2354 645 2419 terra
670 2368 777 2442 quam
804 2343 938 2420 iniuste
963 2353 1064 2420 tenes
1088 2345 1183 2421 sicut
1208 2353 1262 2420 est
1278 2344 1451 2421 Salernus
1475 2354 1512 2420 et

292 2458 425 2550 Malfia,
440 2468 476 2534 et
489 2483 571 2556 pars
584 2459 754 2534 Marcbiae
771 2459 961 2547 Firmanae,
975 2483 1042 2536 nec
1055 2468 1091 2535 te
1104 2459 1280 2559 patienter
1292 2459 1461 2550 sustineo,
1473 2458 1512 2534 in

294 2571 358 2645 Dei
376 2581 411 2646 et
428 2581 490 2645 tua
508 2571 734 2660 confidentia,
749 2581 790 2646 ut
807 2581 848 2646 tu
865 2582 982 2671 postea
1002 2574 1128 2649 exinde
1145 2575 1190 2649 ad
1207 2574 1375 2650 honorem
1394 2574 1459 2650 Dei
1475 2582 1513 2649 et

295 2685 410 2761 sancti
428 2685 524 2761 Petri
543 2685 594 2760 ita
610 2694 647 2761 te
663 2685 806 2776 habeas,
822 2685 919 2762 sicut
936 2694 971 2760 tc
992 2709 1112 2783 agere,
1128 2697 1165 2762 et
1182 2712 1239 2763 me
1255 2688 1438 2786 suscipere
1454 2687 1512 2762 de·

294 2808 352 2873 cet
368 2799 444 2874 sinc
462 2798 621 2898 periculo
636 2799 766 2874 animae
782 2810 854 2875 tuae
871 2809 907 2876 et
924 2824 1020 2875 meae.

816 3029 984 3116 Gbllllll.

392 3252 470 3346 Ego
483 3249 683 3326 Richardus
696 3249 762 3325 Dei
779 3249 900 3347 gratia
913 3259 949 3325 ct
967 3247 1084 3324 sancti
1097 3247 1195 3322 Petri
1210 3249 1404 3347 Capuanus
1420 3247 1516 3347 prin·

297 3387 380 3461 ceps
397 3362 443 3437 ab
458 3362 527 3439 hac
544 3362 630 3439 bora
648 3373 684 3438 et
701 3362 868 3461 deinceps
892 3386 951 3438 ero
976 3361 1090 3437 fidelis
1107 3363 1249 3437 Sanctae
1265 3365 1433 3436 Romana
1449 3365 1516 3439 Idc-

301 3477 420 3553 clesiac
436 3487 473 3553 et
486 3476 696 3575 Apostolicae
709 3476 804 3567 Sodi,
817 3487 853 3552 et
869 3475 935 3552 tibi
947 3475 1098 3554 Domino
1108 3476 1426 3575 ¹AlexandroPapae
1437 3475 1517 3551 uni-

298 3595 430 3669 versali
449 3594 486 3667 in
504 3593 652 3669 consilio
667 3602 732 3668 aut
748 3593 785 3667 in
804 3593 899 3669 facto
916 3590 1010 3665 unde
1023 3589 1136 3664 vitam
1148 3601 1213 3664 aut
1225 3589 1426 3664 membrum
1440 3615 1517 3690 per-

301 3710 375 3799 das,
389 3709 447 3785 vel
461 3719 588 3808 eaptus
600 3708 652 3782 sis
664 3707 758 3781 mala
771 3705 933 3805 captione
947 3727 1016 3778 non
1030 3725 1099 3778 ero.
1109 3701 1308 3778 Consilium
1321 3703 1412 3800 qucd
1426 3702 1516 3778 mibi

299 3823 494 3900 credideris
511 3832 546 3897 ct
565 3822 822 3897 contradixeris
839 3846 884 3896 ne
909 3817 998 3892 illud
1025 3815 1260 3906 manifestem,
1277 3840 1349 3891 non
1370 3817 1518 3892 manife-

299 3938 398 4012 stabo
417 3962 472 4013 me
490 3935 625 4014 sciente
642 3935 688 4010 ad
705 3945 809 4009 tuum
831 3935 1036 4033 dampnum.
1054 3936 1196 4008 Sanctoe
1212 3936 1379 4008 Romanas
1396 3933 1519 4010 Eccle-

300 4054 362 4128 siae
378 4051 514 4150 tibique
532 4050 672 4125 adiutor
688 4074 748 4125 cro
764 4050 808 4125 ad
828 4050 1021 4126 tenendum
1047 4048 1144 4123 etad
1161 4048 1393 4145 quaerendum
1409 4057 1444 4124 et
1461 4048 1520 4124 de·

303 4166 520 4242 tendendum
538 4163 676 4261 regalia
692 4164 916 4240 sanctiPetri
929 4163 1076 4260 eiusque
1090 4161 1328 4260 possessiones
1341 4171 1439 4237 recta
1452 4161 1520 4238 fide

301 4305 363 4378 pro
381 4303 458 4354 mec
475 4303 574 4376 posse
587 4288 712 4353 contra
724 4302 847 4352 omnes
859 4277 1085 4351 hominesllt
1097 4275 1273 4350 adiuvabo
1285 4286 1381 4368 te,ut
1394 4301 1519 4353 secure

303 4402 339 4467 et
356 4392 547 4467 honorifice
565 4401 688 4467 teneas
703 4395 876 4490 Papatum
891 4393 1091 4464 Romanum
1109 4399 1222 4466 terras
1239 4391 1356 4466 sancti
1369 4391 1467 4467 Petri
1484 4400 1521 4467 et

304 4505 538 4604 principatus,
551 4530 618 4581 nec
631 4505 801 4581 invadere
812 4528 879 4581 nec
895 4504 1081 4604 acquirere
1093 4529 1251 4605 quaram
1264 4529 1331 4584 nec
1343 4505 1452 4583 ctiam
1463 4506 1522 4582 dc·
