3608 5498
802 402 998 463 -155-

292 520 371 595 dem
386 520 637 618 Apostolicam,
650 521 732 596 inde
744 521 852 597 etiam
867 521 1038 619 rescripta
1053 531 1239 596 venerunt.
1261 523 1380 597 Causa
1400 523 1503 598 finita

292 644 357 724 est,
374 634 513 709 utinam
528 659 626 710 error
638 635 829 734 aliquando
841 636 997 709 finiatur.
1009 635 1106 710 Idem
1116 635 1158 708 ad
1171 633 1357 709 Auxilium
1368 635 1509 733 Episco-

294 774 389 847 pum.
403 752 533 824 Utrum
548 749 590 825 de
602 750 753 826 ccclesia
762 749 915 849 pellendi
925 750 999 824 sint
1007 748 1068 847 qui
1078 773 1117 824 eo
1126 749 1343 845 confugiunt
1352 751 1508 826 utfidem

292 863 558 938 fideiussoribus
574 863 757 961 frangant,
772 875 808 942 et
828 865 865 938 in
882 862 1033 940 coneilio
1047 873 1165 938 nostro
1181 886 1288 960 agere
1302 863 1417 961 cupio,
1430 864 1510 939 etsi

291 999 378 1075 opus
394 975 505 1051 fuerit
520 977 564 1051 ad
582 978 708 1052 Sedem
728 977 965 1077 Apostolieam
984 976 1151 1066 scribere,
1167 986 1209 1050 ut
1226 975 1312 1074 quid
1328 977 1429 1075 sequi
1452 978 1510 1053 de-

290 1091 438 1165 beamus
454 1091 619 1167 concordi
637 1092 795 1166 omnium
818 1091 1031 1169 auctoritate
1055 1090 1297 1168 constituatur
1320 1100 1427 1189 atque
1452 1093 1511 1164 fir·

291 1215 417 1280 metur.

815 1399 981 1484 CCXXII.

624 1612 716 1666 Idem
733 1615 766 1665 in
783 1615 814 1665 11
831 1614 915 1683 libro
935 1614 977 1668 de
996 1613 1171 1680 baptismo.

385 1775 593 1874 Cyprianus
610 1774 647 1849 in
665 1775 813 1874 epistola
830 1777 873 1850 ad
892 1780 925 1848 V
943 1777 994 1852 ita
1009 1776 1177 1876 loquitur.
1189 1781 1282 1852 Nam
1297 1802 1363 1853 nec
1381 1781 1510 1854 Petrus

291 1914 395 1987 quem
413 1891 552 1988 primus
569 1891 746 1965 Dominus
759 1890 882 1988 elegit,
899 1901 935 1967 et
951 1916 1058 1990 super
1075 1915 1180 1989 quem
1203 1891 1385 1967 edificavit
1400 1891 1512 1968 eccle-

294 2003 385 2077 siam
403 2030 517 2093 suam,
534 2030 617 2079 cum
636 2029 756 2080 secum
776 2005 911 2079 Paulus
927 2006 969 2081 de
994 2005 1267 2082 circumcisione
1288 2007 1510 2105 postmodum

291 2116 517 2216 disceptaret,
533 2117 742 2194 vendicavit
759 2118 826 2193 sibi
843 2117 978 2218 aliquid
995 2118 1188 2193 insolenter
1213 2128 1277 2192 aut
1298 2127 1510 2214 arroganter

288 2232 495 2331 assumpsit,
520 2243 561 2308 ut
585 2234 720 2310 diceret
744 2258 781 2308 se
806 2233 1002 2332 primatum
1026 2242 1159 2322 tenere,
1181 2242 1217 2307 et
1241 2232 1450 2331 obtemptari
1474 2243 1512 2309 et

288 2347 438 2444 posteris
464 2347 531 2422 sibi
553 2347 671 2447 potius
696 2358 866 2446 oportere,
890 2371 957 2422 nec
978 2345 1139 2445 despexit
1160 2345 1313 2420 Paulum
1334 2348 1427 2444 quod
1446 2351 1512 2423 Ec-

288 2458 407 2534 clesiae
419 2472 623 2558 persecutor
636 2463 772 2538 fuisset.
786 2463 855 2537 Sed
867 2462 1058 2538 consilium
1071 2461 1238 2538 veritatis
1249 2461 1404 2552 admisit,
1413 2471 1448 2537 et
1457 2488 1512 2537 ra-

289 2573 379 2648 tioni
396 2575 571 2672 legitimae
589 2602 697 2675 quam
723 2576 859 2651 Paulus
875 2576 1090 2652 vendicabat
1106 2574 1212 2652 facile
1236 2575 1425 2651 consensit.
1443 2578 1509 2650 Do·

290 2701 500 2766 cumentum
513 2691 652 2768 scilieet
664 2692 764 2767 nobis
777 2701 814 2767 et
824 2689 1019 2766 concordie
1032 2699 1068 2764 et
1080 2689 1262 2786 patientiae
1278 2689 1453 2779 tribuens
1467 2700 1509 2764 ut

292 2827 363 2880 nou
381 2807 611 2903 pertinaciter
633 2817 753 2882 nostra
770 2831 945 2894 amemus
962 2805 1023 2880 sed
1040 2829 1120 2902 quae
1144 2804 1335 2903 aliquando
1352 2830 1373 2877 a
1391 2805 1510 2880 fratri-

290 2917 358 2992 bus
375 2929 411 2994 et
427 2920 577 3017 collegis
593 2921 723 2995 nostris
737 2920 875 2996 utiliter
887 2930 1152 3017 suggeruntur,
1170 2919 1201 2994 si
1218 2920 1291 2993 sint
1303 2944 1390 2994 vera
1404 2928 1439 2994 et
1457 2919 1508 2997 le-

290 3032 432 3127 gitima‚
449 3033 525 3131 ipsa
542 3035 659 3132 potius
676 3045 796 3109 nostra
809 3035 980 3110 dieamus.
993 3039 1038 3108 Et
1051 3034 1145 3107 infra
1160 3033 1400 3129 Augustinus.
1415 3037 1506 3108 Puto

289 3146 381 3242 quod
398 3147 475 3222 sine
493 3147 568 3222 ulla
582 3148 639 3223 sui
655 3148 873 3224 contumelia
888 3149 1095 3247 Cyprianus
1107 3147 1293 3245 episeopus
1307 3151 1412 3222 Petro
1424 3171 1505 3246 apo·

290 3259 378 3335 stolo
403 3271 629 3360 comparatur
653 3271 829 3361 quantum
854 3263 898 3336 ad
923 3262 1091 3361 martyrii
1120 3285 1297 3336 coronam.
1327 3262 1505 3336 Caeterum

289 3375 409 3471 magis
422 3377 538 3451 vereri
551 3377 668 3467 debeo,
680 3402 725 3452 ne
739 3377 776 3451 in
791 3380 935 3452 Petrum
950 3373 1228 3450 contumeliosus
1241 3373 1403 3448 existam.
1416 3373 1506 3460 Quis

289 3488 404 3564 nescit
417 3489 520 3563 illum
535 3491 763 3590 Apostolatus
777 3492 1017 3590 principatum
1030 3489 1180 3565 cuilibet
1191 3488 1407 3587 episcopatui
1418 3514 1505 3586 prm·

288 3600 503 3679 ferendum?
519 3605 580 3680 sed
605 3604 713 3680 etiam
739 3604 769 3679 si
794 3604 904 3679 distat
927 3604 1180 3681 cathedrarum
1206 3604 1337 3700 gratia,
1362 3627 1435 3676 una
1453 3611 1508 3677 est

291 3726 412 3792 tamen
431 3719 599 3817 martyrii
617 3719 742 3815 gloria.

804 3921 987 4006 CCXXIII.

758 4125 877 4180 Idem
904 4123 1032 4178 infra.

384 4290 466 4361 Irsn
483 4288 633 4362 concilia
658 4314 738 4388 quae
759 4314 821 4388 per
838 4287 1004 4384 singulas
1030 4286 1194 4383 regiones
1219 4284 1277 4359 vel
1304 4283 1508 4383 provincias

289 4401 382 4474 fiunt
399 4400 638 4498 plenariorum
657 4403 888 4479 conciliorum
910 4403 1115 4479 auctoritati
1142 4427 1221 4501 quae
1243 4403 1336 4476 fiunt
1360 4425 1405 4476 ex
1431 4401 1509 4474 uni-

288 4537 391 4591 verso
415 4515 497 4592 orbe
520 4516 717 4592 christiano
734 4518 811 4594 sine
835 4517 922 4593 ullis
945 4517 1158 4617 ambagibus
1179 4518 1332 4594 cudunt.
1357 4519 1509 4618 Ipsaque
