3608 5498
584 500 728 575 ΙΙΙῦΙΡΙΤ
752 500 869 576 [roto
893 502 940 575 ΙΙΙ.

374 732 460 844 DE
511 734 741 850 turus
789 730 1155 849 EGGLESIAE

687 992 846 1050 ww*-

535 1538 672 1593 Ericen.
693 1539 838 1608 Apostol.
858 1552 930 1608 cap.
950 1540 1005 1592 xl.

255 1810 549 1954 PRECIPIMVS
568 1880 633 1952 VT
649 1882 701 1954 IN
721 1880 993 1954 POTESTATE
1011 1881 1107 1954 SVA
1131 1903 1193 1952 nus
1210 1903 1374 1954 nccnusm

158 1991 353 2066 Errscorvs
371 2016 522 2065 unusne.
540 1994 579 2066 Sr
597 2017 684 2066 nuru
703 2018 817 2067 aurun
834 2017 1000 2066 nourrrvu
1023 1992 1186 2092 pretiose
1210 1992 1265 2067 illi
1280 2003 1376 2070 ,sunt

160 2103 304 2195 credite,
329 2106 443 2180 multo
460 2105 733 2205 magisoportet
750 2131 832 2183 eum
851 2131 975 2182 curam
1002 2106 1044 2182 de
1070 2106 1232 2205 pecuniis
1255 2130 1376 2204 agere.

159 2221 213 2293 Ita
231 2229 273 2294 ut
289 2230 460 2319 potestate
478 2221 556 2296 eius
569 2220 816 2318 indigentibus
829 2221 948 2297 omnia
960 2220 1213 2320 dispensentur
1225 2246 1288 2321 per
1301 2246 1378 2321 pre·

158 2333 321 2432 sbyteros
337 2346 373 2410 et
389 2335 564 2425 diaeonoS,
578 2344 709 2410 etcum
727 2335 854 2411 timore
870 2335 1037 2434 omnique
1054 2335 1297 2412 sollicitudine
1312 2336 1377 2409 mi·

158 2446 366 2523 nistrentur.
391 2452 446 2524 Ex
461 2448 519 2523 his
535 2459 655 2525 autem
673 2473 754 2547 quae
771 2449 948 2546 indigent,
965 2450 996 2525 si
1021 2459 1143 2526 tamen
1164 2450 1314 2547 indiget,
1331 2449 1376 2524 ad

158 2588 242 2638 suas
258 2564 499 2654 necessitates
516 2573 552 2639 et
569 2563 840 2662 peregrinorum
858 2563 1012 2638 fratrum
1031 2590 1131 2654 usus,
1147 2574 1183 2640 et
1209 2564 1284 2662 ipse
1301 2588 1376 2662 per·

157 2677 277 2774 cipiat,
295 2685 335 2750 ut
353 2675 465 2751 nichil
490 2676 542 2751 eis
567 2675 677 2774 possit
701 2677 846 2752 omnino
869 2677 1001 2768 deesse,
1018 2678 1079 2753 lex
1094 2677 1190 2753 enim
1207 2675 1274 2752 Dei
1291 2703 1379 2776 pree·

158 2789 255 2886 cipit,
281 2800 322 2866 ut
338 2791 400 2888 qui
425 2790 552 2866 altario
569 2791 789 2881 deserviunt,
805 2802 1000 2890 pascantur
1025 2816 1069 2867 ex
1093 2792 1179 2890 ipso,
1199 2789 1284 2889 quia
1308 2815 1376 2865 neo

158 2905 261 2980 miles
278 2904 465 3004 stipendiis
481 2905 631 3005 propriis
647 2930 748 2979 arma
765 2915 890 3012 contra
905 2904 1025 2982 hostes
1042 2903 1204 2980 assumit

741 3107 788 3194 ΙΙ.

603 3312 653 3363 Ex
670 3309 776 3365 etusd.
795 3321 869 3377 cap.
887 3311 927 3363 x.
1014 3381 1016 3386 ³
1064 3392 1066 3397 Ι

255 3472 337 3546 Sint
354 3471 542 3547 manifeste
560 3496 617 3547 res
634 3471 783 3570 propriae
800 3471 966 3570 episcopi,
983 3472 1166 3559 sitamen
1176 3468 1284 3548 habet
1301 3493 1377 3570 pro

160 3584 313 3684 prias,et
329 3585 517 3661 manifeste
535 3585 733 3675 dominice,
741 3595 783 3660 ut
799 3594 1008 3684 potestatem
1025 3584 1154 3662 habeat
1169 3584 1212 3662 de
1225 3585 1377 3685 propriis

161 3701 314 3776 moriens
331 3700 527 3799 episcopus,
552 3701 649 3775 sicut
672 3699 828 3775 voluerit
852 3707 888 3774 et
912 3697 1042 3797 quibus
1058 3697 1214 3775 voluerit
1228 3697 1379 3774 derelin-

159 3838 277 3912 quere.
293 3817 349 3891 Ne
367 3814 435 3891 sub
451 3815 635 3890 occasione
651 3812 975 3891 ecclesiasticarum
989 3836 1212 3911 rerumquae
1224 3811 1377 3912 episcopi

160 3927 364 4025 probantur,
381 3926 654 4002 interdicantur.
671 3927 849 4002 Fortassis
872 3935 937 4001 aut
961 3949 1107 4003 uxorem
1124 3924 1242 4016 habet,
1258 3935 1323 4003 aut
1339 3926 1379 4000 fi·

160 4041 236 4132 lios,
252 4051 316 4117 aut
335 4040 559 4139 propinquos,
576 4049 641 4115 aut
665 4062 798 4128 servos,
815 4049 851 4114 et
876 4037 1012 4112 iustum
1029 4047 1084 4114 est
1100 4037 1195 4136 apud
1211 4039 1325 4141 Deum
1342 4046 1378 4113 et

159 4153 333 4244 homines,
354 4165 395 4229 ut
421 4178 488 4229 neo
504 4152 667 4229 aecclesia
691 4150 947 4228 detrimentum
973 4152 1130 4249 patiatur
1154 4151 1377 4248 ignoratione

161 4293 282 4342 rerum
300 4267 489 4368 pontificis,
501 4292 567 4343 nec
585 4267 664 4342 eius
680 4263 868 4364 propinqui
883 4263 950 4338 sub
962 4264 1108 4340 obtentu
1120 4264 1290 4341 aecclesioe
1301 4286 1378 4364 pro

163 4381 379 4471 scribantur,
392 4390 429 4456 et
441 4381 479 4455 in
496 4405 624 4456 causas
640 4379 802 4455 incidant
814 4402 894 4477 quae
911 4377 955 4453 ud
972 4403 1055 4453 eum
1073 4377 1254 4475 pertinent
1270 4399 1380 4453 mors·

159 4520 229 4595 que
245 4497 323 4571 eius
341 4495 485 4571 iniuriis
502 4495 708 4570 infametur.
