3608 5498
799 393 930 458 -287
957 427 997 444 -

286 512 525 589 insinuatione
543 516 739 612 suggessit,
757 515 987 590 Brumarium
1013 513 1243 615 spectabilem
1270 511 1401 605 virum,
1426 538 1509 588 cum

285 627 396 702 nullis
409 629 612 704 extantibus
626 630 756 719 causis,
770 655 915 705 servum
930 629 1091 705 eeclesiae
1103 628 1321 725 gravissima
1335 628 1419 703 cede
1434 653 1512 701 mu·

288 753 431 832 ctasset,
449 755 537 820 tunc
555 745 661 819 etiam
680 746 724 820 ad
749 746 952 843 augendam
973 743 1152 818 violentie
1169 768 1242 817 sum
1261 742 1512 841 pervicaciam,

287 858 533 959 supradictum
551 859 749 935 antistitem
767 859 998 956 gravissimis
1020 857 1247 935 contumeliis
1271 857 1440 933 affecisse.
1465 860 1512 933 Et

288 970 365 1046 ideo
374 972 504 1047 fratres
516 972 699 1048 karissimi
713 973 743 1048 si
753 1000 774 1048 a
784 974 883 1048 vobis
892 973 1105 1062 admonitus,
1114 971 1158 1047 ad
1167 971 1340 1047 iudicium
1349 979 1512 1045 vostrum

287 1084 626 1186 inquisitionemque
658 1088 876 1176 convenerit,
904 1087 1058 1163 veritate
1083 1086 1256 1174 discussa,
1272 1085 1367 1160 unde
1389 1093 1513 1159 tantus

290 1198 464 1297 superbiae
478 1199 637 1298 spiritus,
649 1211 713 1275 aut
726 1200 906 1277 violentiae
924 1201 1106 1300 conceptio
1122 1199 1278 1289 fluxerit,
1294 1199 1427 1298 quidve
1440 1198 1515 1272 fue·

288 1312 336 1387 rit
352 1337 422 1411 quo
438 1316 596 1413 pontifex
612 1326 714 1391 tanta
735 1316 957 1392 laceraretur
983 1313 1185 1403 insolentia,
1209 1313 1340 1388 nost-ris
1365 1310 1514 1385 auribus

288 1425 458 1503 relatione
474 1427 628 1524 signate.
644 1437 720 1504 Aut
736 1430 766 1503 si
780 1428 870 1505 forto
883 1427 995 1502 simili
1009 1426 1283 1526 praesumptione
1296 1433 1515 1522 contempse·
1546 1415 1552 1439 ”

289 1539 347 1629 rit,
355 1548 562 1638 potestatem
572 1542 640 1617 sibi
650 1543 878 1641 supradictus
890 1540 1046 1641 pontifex
1056 1540 1196 1616 noverit
1208 1563 1284 1616 esse
1298 1562 1514 1627 concessam,

289 1652 460 1751 quatinus
476 1655 570 1753 apud
584 1655 737 1732 iudicem
753 1655 945 1756 provinciae
958 1654 1134 1730 atrocium
1148 1653 1362 1728 iniuriarum
1376 1661 1514 1751 quaerat

289 1767 523 1866 propositione
540 1770 749 1847 vindictam.
1175 1788 1177 1798 '

825 1912 981 1999 xevffl.

386 2109 553 2185 Gelasius
570 2111 750 2202 blaiorioo,
769 2115 901 2188 Sereno
925 2124 961 2188 et
977 2110 1127 2188 Iohanni
1148 2109 1329 2211 episcopis.
1354 2107 1454 2197 Quod
1479 2115 1515 2181 et

290 2221 458 2298 humanis
471 2223 614 2320 legibus
627 2225 664 2299 in
678 2226 780 2301 civili
794 2226 995 2302 temeritate
1008 2225 1214 2315 calcatis,et
1224 2223 1423 2300 reverentia
1437 2220 1516 2296 reli·

291 2336 410 2432 gionis
425 2338 574 2429 abiecta,
587 2340 645 2415 vel
658 2340 911 2417 aecclesiastica
928 2339 1121 2439 privilegia
1138 2338 1278 2415 calcare
1295 2335 1516 2412 contendunt

291 2460 333 2524 ut
355 2449 505 2527 ubilibet
522 2454 560 2527 in
579 2480 776 2554 pauperum
795 2453 955 2554 prosilire
973 2451 1209 2550 dispendium,
1229 2475 1296 2525 nec
1313 2446 1516 2524 huiusmodi

290 2563 416 2638 saltem
440 2568 644 2642 commoniti
666 2569 892 2668 convictique
912 2567 1110 2666 nequitiam
1136 2565 1251 2666 sopire
1276 2563 1517 2652 consentiunt,

291 2688 398 2777 atque
407 2679 506 2754 illata
517 2683 629 2758 sacris
639 2683 966 2759 rebusdetrimenta
979 2679 1124 2769 sarcire,
1133 2676 1383 2755 meritodivini
1393 2700 1517 2750 mune·

292 2793 342 2868 ris
360 2805 446 2870 sunt
463 2797 731 2896 participatione
748 2797 924 2900 privandi.
942 2800 988 2870 Et
1006 2795 1110 2869 iufra.
1131 2797 1351 2892 Quapropter
1365 2789 1517 2865 Dionisii

292 2910 354 3007 qui
371 2911 467 2988 sicut
484 2924 603 2989 vestre
617 2923 737 2988 textus
750 2911 935 2988 relationis
947 2908 1112 2998 ostendit,
1124 2930 1195 2981 non
1208 2907 1323 2982 solum
1337 2906 1518 2980 Vivonen·

292 3025 342 3099 sis
355 3026 505 3104 ecclesie
520 3027 599 3101 iura
613 3028 768 3118 turbare,
781 3026 842 3102 sed
855 3025 963 3101 etiam
978 3046 1166 3122 repensare
1179 3020 1271 3119 quod
1283 3017 1447 3117 nequiter
1459 3017 1518 3092 ad·

293 3139 465 3214 miserant
490 3150 713 3239 respuerunt,
735 3165 835 3216 sacre
857 3135 1119 3215 communionis
1142 3143 1334 3209 arceantur
1357 3156 1517 3218 accessu,

292 3252 402 3330 donec
419 3279 498 3353 quae
514 3253 638 3330 honori
656 3255 778 3330 divino
795 3262 1003 3351 competunt
1019 3251 1160 3326 discant
1176 3249 1303 3324 devota
1326 3255 1445 3322 menta
1461 3244 1520 3320 de·

292 3369 396 3445 ferre.
414 3371 547 3447 Contra
564 3392 653 3469 quos
671 3369 778 3444 etiam
797 3365 969 3467 quicquid
982 3363 1136 3463 publicis
1149 3361 1291 3459 legibus
1303 3360 1364 3457 agi
1379 3359 1520 3459 poterit,

295 3481 442 3558 minime
459 3482 682 3586 negligatur,
695 3492 736 3556 ut
749 3480 809 3579 qui
824 3489 1018 3576 utrumque
1035 3484 1269 3574 tempserunt,
1285 3471 1448 3570 utrisque
1465 3493 1520 3547 co-

294 3594 411 3682 hibiti,
428 3606 501 3671 tam
528 3594 597 3669 sibi
622 3618 731 3692 quam
748 3593 879 3670 ceteris
896 3589 1078 3690 prebeant
1094 3589 1187 3689 quod
1199 3586 1400 3665 necessaria
1413 3584 1518 3660 disei-

294 3707 391 3806 plina
409 3708 522 3807 poscit
539 3706 752 3808 exemplum.

816 3847 992 3932 xovssss.

392 4049 560 4127 Gelasius
577 4047 726 4123 Iohanni
744 4047 906 4146 episeopo
919 4047 1077 4121 Frisano.
1091 4041 1346 4120 Ecclesiastico
1364 4040 1523 4115 ministe-

297 4165 349 4238 ria
363 4188 442 4262 quae
451 4163 647 4261 unicuique
656 4161 813 4237 basilicae
823 4158 980 4235 fidelium
990 4157 1130 4234 devotio
1148 4153 1344 4254 deputavit,
1356 4152 1400 4227 ad
1412 4152 1521 4226 aliam

295 4278 493 4355 aeclesiam
507 4277 607 4353 nullo
618 4275 747 4352 debent
764 4273 982 4371 surripiente
999 4269 1197 4346 transferri.
1210 4269 1258 4342 Et
1275 4266 1353 4341 ideo
1365 4265 1395 4341 si
1412 4265 1524 4340 buius

295 4393 385 4468 iuris
402 4392 581 4491 portitoris
598 4391 721 4490 petitio
738 4387 890 4464 veritate
908 4383 1084 4474 subsistit,
1101 4381 1252 4458 calicem
1272 4404 1377 4478 quem
1404 4378 1523 4454 deces-

295 4532 353 4582 sor
362 4516 448 4582 tuos
456 4504 616 4596 abstulit,
625 4500 796 4579 aecclesiae
805 4500 910 4577 cuins
923 4497 994 4576 fuit
1002 4496 1152 4574 restitue
1160 4493 1238 4571 sine
1247 4491 1522 4570 intermissione.
