3608 5498
805 384 1003 449 -422-

292 503 661 581 communicaverunt.
674 507 767 578 Nam
790 503 819 577 si
838 503 1012 602 speciales
1028 503 1163 603 aliquid
1181 505 1224 581 de
1240 505 1401 603 personis
1419 506 1524 604 prin·

292 616 413 717 cipum
440 615 645 714 requiratur
673 618 889 716 exemplum,
913 619 1040 694 beatus
1066 621 1298 697 Innocentius
1324 624 1422 719 Papa
1449 629 1523 696 Ar·

292 728 462 808 chedium
493 729 742 827 imperatorem
772 733 857 830 quia
886 734 1067 808 consensit
1096 746 1137 809 nt
1166 744 1315 810 sanctus
1339 735 1521 811 Iohannes

292 843 592 921 Chrisostomuse
610 844 692 919 sede
709 870 775 919 sua
791 845 983 945 pelleretur
1000 849 1337 940 excommunicavit,
1349 851 1446 927 siout
1461 851 1521 926 ait

292 956 431 1056 primus
449 955 647 1031 Nicholaus
664 960 760 1056 Papa
777 959 816 1032 in
832 983 897 1035 suo
923 971 1064 1056 regesto
1081 966 1097 1038 Ι
1115 963 1152 1036 in
1177 961 1326 1062 epistola
1342 963 1385 1037 ed
1404 964 1521 1064 impe·

291 1081 444 1148 retorem
463 1069 715 1146 Hludoichum.
734 1071 839 1147 Alius
863 1073 949 1150 item
971 1076 1153 1150 Romanus
1173 1076 1347 1165 Pontiferr,
1365 1076 1520 1174 Stepha-

290 1212 361 1262 nus
377 1185 527 1275 scilicet,
541 1208 663 1281 regem
677 1189 895 1263 Francorum
914 1210 982 1264 nou
998 1197 1071 1262 tam
1084 1211 1146 1286 pro
1160 1187 1237 1262 suis
1248 1187 1519 1287 iniquitatibus,

292 1326 399 1401 quam
418 1324 480 1400 pro
496 1324 538 1375 eo
555 1299 647 1398 quod
662 1310 773 1375 tantae
790 1300 955 1398 potestati
973 1323 1043 1375 non
1060 1310 1138 1375 erat
1154 1299 1256 1374 utilis
1279 1325 1301 1374 a
1327 1324 1439 1397 regno
1455 1303 1519 1378 de·

291 1415 421 1516 posuit,
437 1426 473 1490 et
497 1414 665 1512 Pipinnm
684 1413 933 1488 Karolimanni
960 1414 1184 1512 imperatoris
1208 1425 1344 1512 patrem
1369 1414 1408 1490 in
1433 1417 1518 1493 eius

293 1528 369 1606 loco
394 1526 591 1614 substituit,
615 1550 806 1624 omnesque
831 1528 1077 1623 Francigenas
1102 1529 1303 1603 iuramento
1329 1528 1518 1606 fidelitatis

289 1668 400 1742 quam
418 1640 486 1715 sibi
503 1640 638 1716 fecerat
661 1640 826 1717 absolvit
844 1642 943 1730 Quod
970 1642 1076 1717 etiam
1103 1667 1147 1717 ex
1163 1641 1341 1740 frequenti
1360 1643 1519 1718 auctori-

294 1767 367 1832 tate
383 1778 465 1852 sepe
482 1754 561 1850 agit
578 1762 702 1828 sancta
719 1753 881 1832 aeclesia
906 1780 990 1830 cum
1016 1753 1148 1829 milites
1172 1752 1375 1829 absolutum
1393 1781 1415 1829 a
1432 1755 1516 1831 vin-

290 1866 372 1943 culo
388 1864 581 1940 iuramenti
600 1865 692 1963 quod
709 1865 846 1942 laetum
867 1877 922 1943 est
947 1867 1005 1941 his
1029 1866 1204 1966 episcopis
1228 1866 1291 1964 qui
1315 1868 1515 1964 apostolica

290 1979 503 2056 auctoritate
528 2003 550 2051 a
575 1978 771 2076 pontificali
796 1981 912 2076 gradu
939 1981 1175 2079 deponuntur.
1200 1983 1247 2054 Et
1275 1980 1401 2055 beatus
1427 1987 1517 2057 Am-

291 2094 430 2170 brosius
447 2093 532 2169 licet
549 2103 707 2182 sanctus,
724 2116 794 2168 non
820 2103 942 2170 tamen
959 2091 1176 2166 universalis
1194 2090 1363 2167 aeeclesioe
1379 2092 1517 2191 episco-

289 2234 367 2309 pus,
384 2229 446 2306 pro
470 2204 577 2302 culpe
603 2229 682 2303 quse
706 2206 789 2280 aliis
814 2205 1066 2282 sacerdoribus·
1080 2229 1150 2279 non
1168 2205 1252 2280 adeo
1269 2207 1396 2303 gravis
1414 2207 1515 2286 vide·

288 2325 406 2409 betur,
419 2319 656 2395 Theodoxium
677 2345 850 2417 magnum
869 2321 1118 2418 imperatorem
1132 2320 1451 2396 excommunicans
1464 2324 1514 2398 eb

289 2433 450 2512 aecclesia
468 2431 632 2508 exclusit.
646 2432 716 2519 Qui
733 2433 841 2508 etiam
860 2433 896 2507 in
914 2434 991 2509 suis
1008 2432 1153 2530 scriptis
1169 2433 1324 2508 ostendit
1341 2435 1433 2532 quod
1447 2462 1515 2512 au-

290 2576 370 2625 rum
387 2570 458 2622 non
475 2555 549 2620 tam
576 2546 764 2646 pretiosius
789 2548 838 2623 sit
862 2548 1007 2647 plumbo
1023 2549 1131 2645 quam
1149 2547 1251 2643 regia
1270 2558 1443 2646 potestate
1460 2553 1515 2627 sit

290 2663 394 2739 altior
420 2660 580 2758 dignitas
605 2663 845 2755 sacerdotalis,
868 2665 935 2739 hoc
961 2661 1061 2737 modo
1087 2660 1184 2737 circe
1209 2661 1425 2759 principium
1451 2667 1512 2740 sui

289 2774 475 2876 pastoralis
509 2774 677 2852 scribens.
705 2779 822 2852 Honor
856 2779 985 2852 fratres
1009 2787 1046 2851 et
1071 2774 1274 2850 sublimitas
1300 2776 1512 2875 episcopalis

290 2889 402 2964 nullis
428 2889 557 2986 poterit
586 2891 910 2986 comparationibus
941 2890 1119 2989 adequari.
1146 2888 1183 2962 Si
1214 2912 1342 2985 regum
1374 2889 1512 2988 fulgori

289 3027 473 3103 compares
490 3012 527 3077 et
548 3003 749 3101 principum
776 3004 980 3094 diademati,
997 3004 1103 3099 longe
1129 3001 1198 3076 erit
1222 3001 1384 3090 inferius,
1400 3027 1510 3101 quam

289 3119 319 3194 si
338 3116 472 3218 plumbi
493 3116 678 3192 metallum
697 3118 741 3192 ad
760 3119 840 3192 auri
858 3118 1035 3215 fulgorem
1055 3140 1247 3213 compares,
1265 3116 1402 3215 Quippe
1423 3142 1510 3194 cum

289 3232 412 3307 videas
425 3254 554 3326 regum
568 3230 659 3306 colla
673 3241 708 3306 et
722 3233 925 3331 principum
936 3231 1099 3307 submitti
1109 3231 1263 3328 genibus
1272 3232 1511 3325 sacerdotnm,

288 3356 325 3421 et
353 3344 556 3421 exosculata
586 3367 708 3419 eorum
733 3345 888 3437 dextera,
905 3346 1124 3422 orationibus
1148 3369 1271 3421 eorum
1297 3347 1445 3422 credant
1469 3374 1510 3425 se

287 3457 512 3549 communiri,
529 3457 607 3533 brec
632 3470 764 3535 cuncta
790 3460 918 3537 fratres
943 3461 1020 3536 ideo
1043 3483 1107 3534 nos
1132 3458 1345 3559 praemisisse
1371 3459 1509 3538 debetis

287 3582 570 3668 cognoscerent
594 3574 860 3650 ostenderemus
882 3574 994 3650 nichil
1013 3574 1050 3647 in
1068 3573 1134 3648 hoc
1152 3573 1284 3648 saeculo
1298 3598 1376 3650 esse
1393 3575 1510 3651 excel-

287 3686 421 3762 lentius
437 3686 692 3776 sacerdotibus,
708 3687 822 3764 nichil
840 3687 1031 3763 sublimius
1047 3688 1221 3785 episeopis
1239 3687 1395 3785 reperiri.
1414 3691 1507 3764 Item

286 3824 330 3876 ex
353 3800 489 3898 synodo
513 3799 672 3874 eiusdem
699 3800 941 3898 episcoporum
967 3802 1071 3877 XCV
1093 3810 1276 3899 sumptum
1301 3826 1346 3877 ex
1363 3806 1395 3875 V
1415 3803 1508 3881 libro

287 3914 421 4010 regesti
438 3912 607 3991 eiusdem.
618 3915 919 3991 Praedecessorum
939 3925 1139 3991 nostrornm
1154 3925 1290 3991 statuta
1303 3927 1508 4014 sequentes,

286 4050 345 4103 eos
373 4028 435 4127 qui
464 4028 782 4104 excommunicatis
807 4029 978 4104 fidelitate
1001 4038 1065 4104 aut
1089 4039 1313 4105 sacramento
1341 4029 1507 4107 adstricti

286 4153 374 4217 sunt
389 4141 581 4240 apostolice
598 4144 810 4218 auctoritate
827 4153 1051 4218 sacramento
1075 4142 1304 4231 absolvimus,
1321 4165 1508 4243 quousque

285 4253 352 4354 ipsi
369 4254 414 4328 ad
432 4254 712 4331 satisfactionem
730 4257 879 4332 veniant
895 4267 931 4332 et
955 4282 1001 4333 ne
1025 4258 1077 4333 eis
1101 4267 1206 4333 antea
1224 4256 1430 4333 fidelitatem
1448 4259 1509 4336 ob·

285 4376 443 4456 servent,
460 4368 573 4443 modis
588 4368 753 4443 omnibus
770 4369 1008 4468 probibemus.
