3608 5498
816 405 989 466 -95-

292 523 454 597 honorari
468 522 649 612 debuerat,
662 534 697 598 et
710 524 755 597 ad
767 525 846 598 eius
860 523 1036 598 ricarium
1052 525 1161 599 scribi
1175 537 1216 598 ut
1230 525 1259 598 si
1274 526 1451 603 iudicaret
1465 554 1517 603 re·

292 635 491 711 vocandum
509 661 585 711 esse
603 637 779 712 iudicium
809 649 1042 714 renovaretur
1068 651 1103 714 et
1131 640 1232 716 daret
1257 641 1403 717 iudices.
1429 646 1517 718 Item

291 748 385 826 idem
399 749 437 823 in
451 749 522 823 alia
535 750 692 848 epistola.
703 752 939 839 Quamobrem
953 753 1062 827 nimis
1075 754 1269 830 absurdum
1283 757 1441 854 estquod
1456 758 1518 831 Hi·
1623 850 1625 854 Ι

290 889 432 939 smarus
457 864 757 964 Archiepiscopus
774 866 882 962 fingit
903 866 1047 942 dississe
1073 869 1149 966 (sic)
1175 868 1396 946 Rothardum
1424 882 1518 969 post·

291 1002 398 1076 quam
423 976 599 1055 iudicium
625 980 727 1056 Sedis
750 981 960 1079 Apostolicae
985 983 1192 1078 provocavit
1217 985 1349 1058 iterum
1377 995 1517 1061 mutata

291 1115 378 1169 voce
390 1093 542 1170 aliorum
555 1094 686 1170 iudicia
700 1094 907 1193 postulasse.
916 1096 1016 1182 Quod
1029 1097 1138 1171 etiam
1152 1097 1183 1171 si
1197 1097 1248 1173 ita
1262 1097 1407 1174 fecisset
1421 1099 1517 1175 sicut

292 1216 413 1282 vestra
434 1207 534 1282 novit
558 1208 767 1283 fraternitas
790 1208 835 1283 ab
856 1208 919 1281 illa
945 1211 1063 1286 fuerat
1087 1213 1339 1301 emendandus,
1364 1224 1469 1289 etue
1494 1239 1516 1287 a

293 1320 437 1395 maioris
457 1321 682 1397 auctoritatis
698 1322 862 1397 examine
879 1325 924 1398 ad
942 1326 1089 1400 minoris
1107 1325 1322 1401 valitudinis
1336 1351 1519 1424 provocas-

292 1444 346 1510 set
358 1434 531 1512 iudicium
545 1435 789 1533 corrigendus.
808 1440 854 1511 Et
871 1437 975 1512 infra.
993 1437 1168 1526 Quamvis
1184 1448 1220 1513 et
1238 1439 1268 1512 si
1285 1440 1411 1514 Sedem
1427 1448 1518 1538 Apo·

293 1550 454 1628 stolicam
472 1551 681 1627 nullatenus
697 1551 922 1650 appellasset,
939 1563 1063 1627 contra
1080 1562 1133 1626 tot
1149 1568 1271 1627 tamen
1288 1563 1324 1627 et
1341 1564 1445 1629 tanta
1462 1556 1519 1631 dc·

291 1666 440 1741 cretalia
457 1691 494 1741 se
515 1667 639 1742 efferre
662 1677 808 1756 statuta,
826 1679 861 1742 et
879 1667 1092 1766 Episcopum
1111 1669 1324 1745 inconsultis
1341 1670 1442 1744 nobis
1459 1696 1518 1746 ne·

292 1803 470 1878 quaquam
496 1780 668 1880 deponere
687 1781 782 1857 sicut
805 1806 868 1855 vos
884 1783 975 1858 bene
997 1783 1109 1857 nostis
1134 1784 1314 1859 debuerat.
1340 1789 1387 1859 Et
1411 1785 1515 1860 infra.

292 1895 384 1981 Quia
400 1919 502 1970 sacra
520 1905 655 1969 statuta
673 1906 709 1969 et
725 1884 930 1971 veneranda
947 1897 1098 1985 decreta,
1113 1897 1366 1995 Episcoporum
1384 1924 1512 1974 causas

293 2019 413 2107 utpote
438 2009 572 2084 maiora
598 2008 743 2105 negotia
768 2020 901 2085 nostrae
924 2011 1148 2086 diffiniendas
1178 2036 1342 2087 censurae
1372 2013 1515 2087 manda·

294 2135 434 2200 verunt.

819 2353 990 2436 cxxvii.

388 2579 571 2678 Nycolaus
589 2580 784 2677 Episcopus
807 2583 942 2654 Servus
969 2603 1153 2655 servorum
1172 2579 1237 2656 Dei
1261 2579 1426 2655 Hismaro
1452 2584 1516 2655 Re·

294 2693 407 2769 mensi
425 2693 709 2792 Archiepiscopo.
727 2700 871 2790 Arguta
890 2693 1066 2792 sapientia
1090 2703 1165 2782 tua,
1191 2693 1330 2768 utinam
1356 2693 1394 2768 in
1417 2693 1516 2782 bono,

292 2821 437 2908 accepto
454 2809 576 2884 fomite
589 2808 724 2897 iudicii,
738 2809 926 2884 materiam
941 2805 1168 2905 depositionis
1181 2807 1355 2882 adversus
1368 2805 1516 2881 Rothar·

293 2922 378 2996 dum
395 2923 602 3020 assumpsit,
619 2932 655 2997 ct
667 2923 712 2997 ab
725 2922 854 2998 itinere
868 2921 970 2996 Sedis
985 2920 1198 3017 Apostolicae
1212 2920 1374 3008 removit,
1387 2930 1423 2995 ct
1436 2942 1517 2995 con·

293 3035 463 3110 tinuatim
490 3036 616 3111 Sedent
640 3035 882 3134 Apostolicam
908 3034 1148 3133 appellantem
1173 3033 1368 3121 damnavit,
1384 3045 1421 3108 et
1441 3058 1518 3109 car·

293 3150 404 3226 cerali
421 3151 591 3226 custodire
608 3150 838 3248 mancipavit.
852 3154 899 3223 Et
924 3147 1028 3220 infra.
1046 3145 1247 3241 Privilcgia
1267 3156 1388 3220 tamen
1414 3144 1516 3219 Sedis

292 3262 504 3361 Apostolicae
525 3287 589 3338 vos
605 3262 773 3337 oblivioni
791 3262 930 3338 tradere
955 3260 1164 3334 nullatenus
1188 3259 1360 3334 debuistis
1386 3258 1516 3356 quibus

292 3376 485 3453 venerandi
503 3400 657 3453 canones
674 3377 807 3452 iudicia
824 3377 936 3452 totius
952 3371 1125 3449 Ecclesia
1142 3373 1187 3447 ad
1203 3371 1298 3448 hanc
1315 3371 1445 3447 deferri
1462 3372 1516 3446 iu-

292 3493 385 3580 benc,
402 3502 439 3566 et
455 3491 500 3566 ab
515 3491 579 3566 illa
596 3491 691 3566 sicut
708 3501 855 3567 sanctus
873 3488 1041 3565 Gelasius
1064 3487 1228 3562 meminit
1252 3512 1430 3586 nusquam
1456 3511 1516 3586 ap·

292 3604 417 3702 pellari
434 3615 640 3681 sanxerunt.
660 3611 711 3680 Ac
729 3629 791 3702 per
808 3603 875 3680 hoc
893 3604 1010 3700 ipsum
1029 3603 1071 3677 dc
1088 3602 1253 3677 omnibus
1278 3602 1448 3691 iudicare,
1471 3601 1515 3677 ab

292 3717 354 3791 illa
372 3740 455 3791 vero
471 3717 564 3791 nulli
582 3729 637 3793 est
653 3717 833 3816 appellare
850 3715 1076 3816 permissum.
1102 3715 1171 3791 Sed
1196 3717 1305 3792 etiam
1332 3715 1362 3789 si
1387 3714 1432 3789 ad
1457 3740 1516 3790 ve-

292 3841 406 3906 strum
424 3841 652 3930 provocasset
664 3856 685 3904 a
698 3843 818 3907 nostro
831 3831 974 3918 iudicio,
987 3857 1008 3905 a
1021 3830 1122 3905 vobis
1135 3829 1316 3905 exaltabat
1328 3840 1513 3927 tamquam

291 3942 504 4019 herroneum
521 3943 765 4041 corrigendus.
784 3948 831 4018 Et
848 3944 955 4018 infra.
973 3947 1059 4020 Haec
1077 3944 1207 4042 quippe
1225 3967 1288 4019 nos
1306 3943 1344 4016 in
1370 3943 1515 4018 Rothar·

291 4057 335 4131 do
350 4056 483 4133 iccirco
499 4057 646 4132 noveris
658 4069 818 4155 operatos
835 4067 876 4132 ut
890 4057 1083 4156 privilegia
1097 4059 1198 4133 Sedis
1212 4056 1424 4155 Apostolicoe
1435 4081 1515 4155 quoe

291 4167 383 4243 male
401 4192 422 4241 a
444 4168 546 4243 vobis
563 4167 694 4244 violata
706 4194 784 4245 esse
797 4168 1023 4259 videbantur,
1036 4171 1249 4247 auctoritate
1262 4170 1466 4269 Apostolica
1478 4183 1514 4245 ot

290 4281 461 4356 canonica
479 4292 626 4380 patrum.
638 4281 900 4371 deliberatione,
918 4282 1069 4381 pristino
1085 4282 1229 4359 tandem
1246 4282 1365 4380 genio,
1382 4293 1418 4358 et
1434 4305 1516 4380 pro·

290 4395 366 4492 prio
381 4393 635 4472 decorarentur
651 4395 791 4471 honore.
