3608 5498
809 404 1005 467 -303··

292 534 429 624 queunt
447 525 584 600 victum
603 548 770 623 quaerere.
784 524 959 598 Similiter
976 535 1012 599 et
1029 525 1194 600 debilitas
1210 525 1377 622 corporis,
1394 536 1431 601 et
1449 526 1515 601 hoc

292 639 449 715 iuvando
474 638 683 737 promptius.
701 642 792 712 Tum
819 639 848 712 si
876 639 958 737 quis
983 663 1027 714 ex
1055 640 1167 716 divite
1192 640 1416 716 cecideritin
1434 665 1517 737 ege·
1585 724 1591 735 ,

292 761 432 841 statem,
462 762 498 826 et
532 751 686 827 maxime
714 751 792 826 sinc
823 751 911 826 vitio
936 777 1011 842 suo,
1039 753 1101 829 sed
1127 762 1192 828 ant
1216 752 1423 842 latrociniis,
1452 763 1517 827 aut

291 864 557 963 proscriptione,
574 873 638 937 aut
662 863 855 938 calumniis
880 889 960 964 quse
989 866 1142 943 babebat
1165 867 1337 943 amiserit.
1354 867 1451 942 Idem
1478 867 1516 940 in

290 979 420 1056 eodem.
442 977 640 1054 Pulchrum
666 1001 805 1075 qnoque
822 988 887 1066 est,
911 979 1130 1079 propensiori
1156 979 1235 1056 eius
1261 979 1383 1055 haberi
1411 980 1517 1054 ratio-

291 1094 465 1192 namqui
491 1092 558 1168 tibi
583 1101 647 1166 aut
663 1091 876 1168 beneficium
895 1093 1037 1190 aliquod
1054 1103 1119 1168 ant
1145 1118 1278 1167 munus
1302 1091 1467 1180 eontulit,
1484 1091 1515 1165 si

292 1208 366 1307 ipsc
383 1205 633 1283 necessitatem
652 1205 788 1280 incidit.
803 1206 897 1293 Quid
914 1207 1009 1281 enim
1024 1215 1095 1281 tam
1111 1208 1202 1282 citra
1220 1206 1389 1295 officium,
1407 1231 1514 1305 qnam

291 1345 361 1409 nou
380 1321 524 1396 reddere
542 1320 635 1418 qnod
651 1320 858 1421 acceperis?
881 1325 958 1397 Nec
975 1347 1142 1398 mensura
1160 1322 1265 1422 parit,
1282 1321 1342 1398 sed
1361 1320 1514 1396 uberiori

297 1435 515 1511 reddendum
532 1433 686 1508 arbitror
702 1441 738 1508 et
754 1459 860 1509 nsum
880 1459 1029 1533 pensare
1050 1435 1243 1526 beneficiis,
1260 1446 1302 1511 ut
1326 1445 1363 1510 et
1378 1445 1419 1510 tu
1436 1435 1517 1510 sub

294 1549 420 1625 venias
437 1557 571 1648 quanto
587 1547 665 1624 eius
682 1573 871 1624 erumnam
898 1549 1059 1647 repellas.
1077 1550 1219 1626 Etenim
1247 1549 1429 1647 superiore
1445 1574 1516 1625 non

294 1686 370 1736 esse
389 1661 426 1735 in
445 1660 627 1736 referendo
643 1685 750 1759 qnam
777 1661 814 1734 in
845 1661 1020 1737 efferendo
1044 1663 1226 1753 beneficio,
1243 1662 1310 1738 hoc
1336 1673 1390 1739 est
1407 1663 1518 1738 mino-

296 1800 371 1850 rem
396 1799 482 1850 esse.
501 1774 676 1862 Quoniam
702 1774 764 1872 qui
789 1775 884 1872 prior
910 1777 1074 1868 contulit,
1092 1788 1248 1876 tempore
1272 1777 1435 1876 superior
1452 1786 1518 1866 est,

296 1888 519 1964 humanitate
536 1888 641 1989 prior.
659 1889 755 1963 Idem
775 1888 813 1962 in
830 1890 961 1966 eodem.
979 1891 1048 1979 Qui
1067 1892 1161 1967 enim
1180 1916 1250 1966 uon
1269 1891 1410 1991 repellit
1427 1918 1448 1966 a
1465 1915 1518 1966 so·

295 2001 350 2077 cio
368 2001 537 2076 iniuriam
556 2000 585 2074 si
604 2010 729 2099 potest,
746 2003 919 2078 tamenin
932 2005 1033 2096 vitio,
1050 2031 1157 2106 quam
1177 2007 1237 2084 ille
1255 2008 1318 2106 qni
1336 2007 1432 2081 facit.
1446 2009 1520 2082 Un-

293 2115 335 2190 de
360 2125 508 2192 sanctus
525 2119 669 2214 Moyses
694 2113 780 2190 hinc
797 2115 898 2213 prius
914 2143 1016 2194 orsus
1035 2130 1090 2195 est
1106 2130 1363 2218 temptamenta
1380 2119 1518 2194 bellica·

295 2230 525 2305 fortitudinis
537 2234 635 2305 Num
653 2255 736 2305 curn
756 2230 906 2306 vidisset
922 2232 1101 2309 Hebreum
1116 2234 1161 2308 ab
1171 2232 1331 2333 Egyptio
1348 2231 1519 2305 iniuriam

291 2344 540 2445 accipientem,
557 2343 725 2434 defendit,
742 2344 791 2419 ita
799 2353 848 2420 nt
864 2347 1066 2445 Egyptium
1081 2355 1257 2423 sterneret
1274 2355 1310 2421 et
1327 2345 1517 2420 absconde·

293 2468 347 2532 rct
377 2459 414 2530 in
445 2483 601 2532 arenam.
619 2457 783 2532 Salomon
815 2482 954 2557 quoque
979 2460 1040 2535 ait.
1057 2460 1165 2560 Eripe
1190 2486 1271 2536 eum
1302 2459 1443 2558 quidem
1474 2457 1519 2531 ad

293 2583 451 2648 mortem.
468 2573 564 2649 Idem
590 2572 628 2645 in
648 2575 681 2646 ll
699 2573 905 2649 officiorum.
923 2575 1056 2651 Pulcra
1082 2576 1280 2652 liberalitas
1306 2599 1394 2672 erga
1420 2575 1515 2674 ipsos

295 2711 434 2785 quoque
453 2711 624 2785 pauperes
644 2712 846 2761 mensuram
866 2699 999 2779 tenere,
1016 2700 1058 2765 ut
1079 2690 1238 2766 abundes
1255 2689 1429 2789 pluribus,
1447 2712 1518 2763 non
1547 2742 1550 2749 ·

297 2799 513 2875 conciliandi
539 2798 673 2873 favoris
697 2800 817 2896 gratia
843 2801 938 2876 ultra
965 2805 1107 2879 modum
1133 2805 1256 2881 flucre.
1274 2803 1452 2903 Quicquid
1476 2827 1520 2878 ex

293 2915 424 2990 affeetu
443 2914 500 3012 pio
516 2939 559 2988 ac
577 2914 716 2990 siucero
734 2915 922 3012 promitur,
940 2917 1006 2993 hoc
1023 2918 1190 2993 decorum
1214 2929 1277 2994 est.
1293 2921 1375 2993 Non
1400 2940 1520 3013 super·

295 3029 386 3103 fluas
403 3028 647 3104 edificationes
659 3028 822 3124 aggredi,
832 3029 893 3104 sed
907 3052 977 3105 non
996 3031 1269 3128 praetermittere
1286 3029 1518 3106 necessarias.

295 3145 341 3216 Et
358 3141 511 3216 maxime
536 3141 708 3217 sacerdoti
735 3141 802 3217 hoc
827 3144 1007 3232 convenit,
1023 3167 1150 3219 ornare
1168 3145 1241 3218 Deo
1265 3142 1439 3240 templum
1462 3143 1520 3216 de·

293 3279 374 3329 coro
403 3278 574 3351 congruo,
590 3266 633 3328 ut
661 3255 769 3330 etiam
801 3254 867 3330 hoc
893 3255 996 3330 cultu
1014 3255 1098 3330 aula
1117 3255 1182 3330 Dei
1200 3253 1433 3356 resplendeat.
1450 3258 1519 3329 Im·

295 3394 422 3466 pensas
440 3368 691 3444 misericordiae
708 3368 964 3444 convenientes
977 3368 1214 3466 frequentare.
1224 3370 1408 3455 Quantum
1422 3390 1519 3465 opor·

294 3495 368 3558 teat
398 3483 525 3578 largiri
552 3483 764 3581 peregrinis,
781 3505 851 3558 non
878 3481 1062 3580 superflua
1091 3480 1150 3556 sed
1182 3481 1429 3579 competentia,
1447 3503 1517 3554 non

295 3596 542 3684 redundantia,
559 3595 621 3670 sed
650 3619 811 3692 congrua
840 3596 1075 3684 humanitati,
1092 3620 1136 3671 ne
1155 3604 1302 3694 sumptu
1320 3619 1516 3693 pauperum

294 3710 448 3784 alienam
468 3708 536 3783 sibi
554 3718 681 3807 querat
707 3709 874 3804 gratiam.
892 3713 947 3784 Ne
974 3708 1235 3784 restrictionem
1253 3733 1341 3805 erga
1359 3708 1518 3796 clericos,

293 3836 356 3897 aut
381 3823 683 3920 indulgentiorem
711 3848 748 3898 se
774 3823 938 3921 praebeat.
960 3822 1123 3897 Alterum
1150 3822 1246 3897 enim
1266 3821 1519 3906 inhumanum,

293 3937 448 4012 alterum
473 3936 672 4036 prodigum.
691 3935 730 4009 Si
759 3946 824 4010 aut
841 3947 1008 4033 sumptus
1032 3935 1123 4009 desit
1148 3935 1365 4024 necessitati,
1381 3957 1469 4033 quos
1497 3959 1519 4007 a

293 4051 443 4126 sordidis
460 4048 715 4146 negotiationis
730 4049 897 4147 aucupiis
915 4048 1096 4124 retrahere
1113 4047 1324 4138 debeas,aut
1342 4047 1518 4145 voluptati

292 4165 497 4265 superfluat.
510 4164 606 4252 Quin
619 4165 728 4240 etiarn
747 4164 935 4239 verborum
950 4162 1106 4260 ipsorum
1120 4173 1156 4236 et
1173 4171 1427 4260 praeceptorum
1441 4186 1519 4237 esso

294 4304 498 4356 mensuram
515 4278 695 4366 convenit,
712 4303 757 4353 ne
782 4288 846 4353 ant
871 4275 983 4350 nimia
1000 4275 1162 4351 remissio
1180 4276 1357 4365 videatur,
1374 4286 1439 4350 aut
1465 4275 1518 4348 ni·

293 4393 364 4466 mia
381 4391 565 4468 severitas.
583 4390 749 4489 Plerique
765 4389 863 4466 enim
887 4387 1106 4464 remissiores
1132 4387 1273 4463 malunt
1297 4412 1373 4463 esse
1399 4397 1441 4461 ut
1465 4387 1519 4461 vi·

299 4507 452 4582 deantur
477 4505 569 4581 boni.
587 4504 656 4578 Sed
680 4503 793 4579 nichil
823 4501 1032 4577 simulatum
1063 4511 1100 4576 et
1128 4501 1251 4579 fictum
1271 4525 1355 4576 vere
1372 4499 1520 4575 virtutis
