3608 5498
804 389 935 456 -270
962 421 1001 436 -

286 535 390 610 scopo
406 511 496 586 iuris
514 511 689 587 districtio
706 522 882 601 servetur,
899 510 985 609 quid
1001 509 1100 585 aliud
1113 510 1247 607 agitur,
1261 509 1330 584 nisi
1345 534 1407 608 per
1423 534 1512 608 quos

287 626 554 703 ecclesiasticus
564 625 913 704 custodiriillicordo
926 624 1513 700 debuitconfundatur.Itemnun-

287 739 419 815 tiatum
441 749 496 815 est
512 739 624 830 nobis,
644 739 729 838 quia
746 741 916 838 quosdam
938 738 1086 815 clericos
1102 740 1163 838 qui
1181 765 1202 812 a
1223 739 1512 815 reverentissimo

287 854 397 930 fratre
422 863 540 930 nostro
561 852 717 930 Iohanne
738 853 899 953 episcopo
923 855 1090 952 exigente
1116 855 1223 954 culpa
1241 854 1281 929 in
1304 853 1510 953 penitentia

287 968 467 1046 commissi
480 979 566 1044 sunt
577 967 759 1044 nesciente
771 992 821 1059 eo,
830 978 893 1043 tua
906 967 987 1042 illos
999 967 1126 1044 exinde
1135 968 1347 1044 auctoritato
1356 967 1512 1044 eieceris.

288 1083 389 1172 Quod
405 1083 436 1157 si
453 1107 581 1159 verum
599 1092 653 1158 est
671 1107 746 1159 rem
763 1092 798 1158 te
815 1083 959 1157 omnino
975 1081 1199 1158 inhonestam
1222 1091 1258 1158 et
1282 1104 1354 1157 non
1370 1081 1513 1171 leviter,

288 1197 538 1294 increpandam
556 1196 683 1273 fecisse
700 1220 905 1294 cognosces.
923 1198 1069 1273 Eosdem
1088 1220 1175 1293 ergo
1188 1195 1340 1272 clericos
1353 1196 1514 1296 episcopo

289 1335 353 1386 sno
366 1311 443 1385 sine
458 1334 551 1385 mora
569 1312 729 1398 restitue,
743 1321 779 1386 et
791 1310 857 1386 hoc
876 1311 1016 1388 decreto
1029 1336 1117 1387 cave
1131 1311 1362 1387 committere.
1376 1310 1468 1398 Quia
1481 1311 1512 1385 si

288 1424 504 1524 neglexeris,
517 1434 655 1500 nostros
666 1433 702 1500 te
716 1425 858 1501 noveris
867 1450 937 1501 non
952 1426 1177 1503 mediocriter
1187 1436 1305 1501 motus
1317 1424 1513 1500 incurrere.

842 1592 963 1677 LXXI.

385 1765 582 1862 Gregorius
599 1764 776 1840 Bonifatio
793 1765 967 1841 defensori
986 1767 1149 1842 Corsicae.
1163 1768 1339 1842 Praetereo
1351 1765 1515 1862 pervenit

289 1879 335 1955 ad
351 1903 414 1953 nos
431 1878 522 1978 quod
539 1877 685 1976 quidam
702 1877 914 1954 clericorum
933 1889 968 1956 te
986 1880 1061 1956 illic
1079 1881 1191 1980 posito
1212 1905 1233 1953 a
1251 1879 1354 1955 laicis
1371 1891 1516 1955 tenean-

290 2001 359 2067 tur.
383 1991 483 2080 Quod
508 1990 538 2065 si
557 1991 607 2064 ita
625 2001 691 2080 est,
716 2001 788 2065 tuae
808 1990 876 2066 hoc
894 1992 1008 2095 culpe
1025 1995 1235 2092 imputatur,
1251 1993 1335 2091 quia
1352 1992 1419 2068 hoc
1437 1993 1514 2068 fieri

289 2107 320 2182 si
337 2107 441 2181 homo
458 2131 555 2182 esses
572 2129 642 2180 non
660 2105 797 2180 habuit.
822 2109 870 2181 Et
887 2107 964 2182 ideo
988 2107 1055 2183 hoc
1081 2108 1222 2183 decreto
1247 2107 1324 2181 fieri
1351 2130 1421 2183 non
1438 2133 1516 2207 per·

292 2220 426 2310 mittas,
443 2218 504 2294 sed
521 2219 552 2293 si
577 2219 659 2318 quis
676 2229 801 2294 contra
826 2219 999 2297 clericum
1024 2246 1170 2297 causam
1196 2219 1362 2296 habuerit
1385 2221 1517 2319 opisco-

294 2357 379 2432 pum
398 2332 513 2433 ipsius
529 2333 643 2408 adeat.
661 2334 761 2421 Quod
779 2334 810 2407 si
828 2333 918 2410 forte
936 2345 1124 2432 suspectus
1141 2333 1262 2425 fuerit,
1274 2343 1440 2409 executor
1456 2334 1517 2409 vel

294 2447 338 2522 ab
355 2447 440 2547 ipso,
457 2459 521 2523 aut
538 2448 568 2521 si
595 2457 631 2524 et
655 2447 722 2524 hoo
747 2459 846 2524 actor
872 2447 1060 2544 refugerit,
1084 2472 1105 2520 a
1131 2455 1193 2521 tua
1218 2453 1273 2521 est
1297 2445 1517 2545 experientia

293 2560 529 2659 deputandus,
546 2560 607 2659 qui
625 2572 744 2659 partes
761 2561 829 2636 sibi
848 2574 973 2636 mutuo
989 2584 1201 2636 consensum
1215 2558 1352 2634 iudices
1365 2559 1517 2657 compel-

291 2671 345 2747 lat
361 2672 507 2769 eligere,
519 2698 541 2746 a
554 2672 684 2772 quibus
701 2675 794 2773 quod
810 2675 921 2751 fuerit
937 2672 1138 2762 definitum,
1154 2671 1213 2747 vel
1227 2681 1301 2762 tua,
1313 2670 1373 2746 vel
1385 2672 1518 2770 episco

291 2785 326 2882 pi
345 2783 585 2861 sollieitudine
602 2797 744 2862 servata
761 2787 841 2885 lege
858 2788 971 2863 modis
986 2786 1152 2862 omnibus
1169 2787 1399 2886 compleatur.
1462 2779 1464 2783 ¹

832 2953 975 3038 LXXII.

387 3124 586 3221 Gregorius
602 3128 759 3200 Romano
776 3125 970 3202 Defensori.
989 3125 1161 3202 Pervenit
1178 3126 1223 3201 ad
1247 3149 1311 3201 nos
1328 3129 1421 3225 quod
1438 3128 1517 3225 qui-

292 3237 373 3313 dam
390 3237 552 3314 homines
571 3239 742 3315 minorem
759 3239 905 3315 omnino
922 3238 1172 3315 discretionem
1191 3247 1364 3329 tenentes,
1381 3240 1419 3313 in
1439 3240 1516 3314 suis

291 3374 356 3424 nos
372 3351 542 3452 periculis
558 3353 744 3452 implicare
762 3353 1099 3450 desideranterque
1116 3351 1167 3426 ita
1188 3350 1316 3426 volunt
1327 3351 1372 3426 ab
1395 3350 1517 3426 aeccle·

291 3465 447 3540 siasticis
464 3465 625 3564 personis
640 3466 793 3558 defendi,
810 3477 852 3543 ut
868 3468 942 3567 ipse
960 3489 1098 3564 quoque
1120 3488 1279 3564 personae
1292 3463 1517 3541 ecclesiasti·

292 3603 344 3653 oae
360 3603 405 3655 ex
424 3602 546 3655 eorum
571 3579 678 3680 culpa
702 3591 903 3657 teneantur.
928 3579 1065 3655 Icciroo
1089 3579 1256 3677 praesenti
1281 3579 1517 3679 praeceptione

292 3690 473 3783 admoneo,
490 3702 525 3768 et
541 3717 604 3793 per
621 3702 657 3769 te
676 3693 824 3770 fratrem
842 3705 878 3770 et
895 3691 1138 3792 coepiscopum
1157 3700 1319 3766 nostrum
1344 3691 1515 3766 domnum

291 3803 495 3896 Iohannem,
512 3813 548 3880 et
564 3814 710 3882 caeteros
730 3805 792 3904 qui
809 3806 981 3883 iuteresse
997 3815 1157 3907 possunt,
1177 3818 1219 3882 ut
1235 3806 1432 3907 patrocinia
1451 3831 1517 3882 aec·

292 3916 494 3992 clesiastica
506 3917 584 3995 sive
599 3944 676 3995 mea
689 3919 895 4020 suscipiatis
907 3920 1052 4019 scripta,
1065 3919 1143 3995 sive
1156 3919 1264 3996 etiam
1279 3919 1429 3995 minime
1442 3920 1518 3994 fue-

292 4029 367 4104 rint
383 4029 529 4120 directa,
542 4031 608 4107 sub
622 4042 722 4107 tanto
738 4033 978 4108 moderamine
996 4032 1152 4108 debeatis
1167 4032 1383 4134 impendere,
1396 4043 1518 4132 quate·

292 4167 362 4216 nus
387 4144 498 4242 siqui
519 4144 556 4218 in
580 4145 687 4220 furtis
704 4144 859 4245 publicis
883 4145 1062 4245 implicati
1087 4155 1183 4236 sunt,
1207 4171 1229 4220 a
1253 4146 1353 4221 nobis
1375 4170 1445 4221 non
1461 4147 1520 4221 vi·

292 4254 445 4330 deantur
461 4256 594 4334 iniuste
611 4259 764 4351 defendi,
781 4284 847 4335 nec
863 4259 1063 4360 opinionem
1082 4259 1176 4335 male
1192 4260 1379 4356 agentium
1398 4285 1442 4336 ex
1466 4260 1520 4333 in·

293 4366 456 4442 discretas
471 4368 686 4446 defensionis
702 4381 785 4447 actu
805 4372 844 4446 in
861 4394 926 4448 nos
943 4372 1016 4447 ullo
1035 4373 1134 4449 modo
1152 4373 1423 4449 transferamus.
1449 4375 1521 4449 Sed

293 4490 468 4576 quantum
491 4480 593 4558 decet
608 4483 808 4560 ecclesiam
824 4483 1053 4577 admonendo,
1077 4485 1227 4564 verbum
1252 4485 1520 4563 intercessionis
