3608 5498
924 395 1121 460 -192-

953 618 1094 702 llbllll.

925 823 1074 889 Epistola
1093 825 1117 875 1.

507 985 705 1081 Gregorius
723 984 760 1058 in
779 984 997 1060 sinodalibus
1014 985 1169 1061 statutis.
1187 989 1229 1060 In
1245 984 1314 1061 hac
1331 994 1456 1060 sancta
1474 989 1633 1061 Romana

412 1097 601 1189 AEcclesia,
618 1124 701 1174 curn
723 1099 846 1174 divina
871 1098 1086 1197 dispensatio
1110 1122 1259 1197 praeesse
1278 1097 1478 1187 mavoluit,
1497 1098 1632 1173 dudum

410 1213 627 1288 consuetudo
640 1223 694 1288 est
707 1212 810 1289 valde
823 1210 1112 1311 reprehensibilis
1124 1221 1255 1302 exorta,
1269 1220 1310 1286 ut
1322 1211 1467 1310 quidam
1480 1212 1526 1286 ad
1538 1211 1631 1288 sacri

410 1322 534 1399 altaris
561 1324 800 1403 ministerium
826 1336 987 1401 cantores
1009 1325 1204 1422 eligantur,
1223 1335 1259 1400 et
1280 1324 1318 1398 in
1344 1325 1554 1401 diaconatus
1578 1350 1632 1400 or·

409 1437 492 1513 dine
509 1439 695 1513 constituti
713 1438 944 1514 modulationi
964 1439 1061 1515 vocis
1078 1438 1288 1528 inserviant,
1306 1463 1393 1538 quos
1405 1439 1451 1514 ad
1464 1441 1632 1538 praedica-

410 1550 516 1625 tionis
533 1552 688 1627 officium
705 1552 1076 1650 helemosinarumque
1101 1550 1232 1625 studiis
1253 1576 1383 1626 vacare
1400 1551 1631 1648 congruebat.

410 1663 511 1739 Unde
529 1665 569 1737 fit
585 1664 796 1763 plerumque
821 1676 862 1740 ut
886 1665 930 1739 ad
954 1691 1098 1741 sacrum
1125 1665 1367 1740 ministerium
1392 1666 1477 1740 dum
1501 1665 1632 1740 blanda

410 1800 479 1850 vox
502 1777 686 1873 quaeritur,
712 1802 873 1875 congrua
898 1779 975 1853 vita
1000 1780 1228 1876 neglegatur,
1253 1790 1289 1855 ct
1314 1791 1440 1856 cantor
1465 1780 1633 1854 minister

410 1892 525 1966 Deum
544 1892 700 1966 moribus
716 1892 873 1981 simulet,
885 1918 968 1969 curn
982 1893 1191 1991 populorum
1209 1893 1357 1975 vocibus
1373 1893 1535 1969 delectat.
1553 1897 1632 1981 Qua

410 2003 453 2080 de
471 2029 507 2080 re
525 2005 690 2103 prasenti
708 2006 848 2081 decreto
865 2006 1084 2098 constitutio
1101 2006 1197 2081 utin
1215 2008 1295 2082 sede
1313 2007 1381 2082 hac
1398 2007 1491 2081 sacri
1505 2007 1632 2081 altaris

411 2119 567 2194 ministri
585 2131 730 2196 cantare
749 2145 819 2196 non
837 2121 998 2212 debeant,
1016 2120 1200 2220 solumque
1226 2121 1448 2218 evangelicae
1467 2121 1631 2197 lectionis

409 2234 566 2310 officium
584 2236 678 2310 inter
697 2237 888 2311 Missurum
906 2234 1116 2337 sollempnia
1129 2233 1305 2309 exolvent.
1318 2234 1478 2309 Psalmos
1493 2257 1577 2308 vero
1589 2258 1633 2309 ac

410 2348 564 2447 reliquas
581 2349 750 2425 lectiones
767 2373 893 2426 censeo
909 2374 972 2448 per
988 2348 1232 2440 subdiaconos,
1243 2349 1303 2424 vel
1317 2349 1348 2423 si
1366 2351 1560 2424 necessitas
1578 2371 1632 2425 co

409 2464 467 2559 git
492 2489 554 2562 per
577 2463 718 2539 ordines
740 2464 895 2540 minores
919 2462 1088 2539 exhiberi.
1114 2462 1152 2537 Si
1178 2462 1260 2561 quis
1284 2473 1405 2539 autem
1423 2471 1547 2538 contra
1565 2461 1631 2537 hoc

410 2577 591 2653 decretum
610 2602 729 2652 meum
747 2578 871 2654 venire
889 2578 1131 2676 temptaverit,
1148 2577 1338 2654 anathema
1355 2578 1415 2652 sit.

967 2804 1071 2890 XLV.

506 3028 687 3104 Martinus
705 3029 883 3107 Theodoro
900 3031 994 3107 inter
1012 3019 1139 3107 ceterass
1156 3031 1271 3106 Iussio
1296 3040 1456 3129 porrecta
1481 3040 1536 3105 est
1553 3055 1630 3130 prc-

410 3140 566 3238 sbyteris
580 3151 615 3216 et
628 3142 836 3219 diaconibus
852 3171 873 3218 a
892 3145 1063 3242 Calliope,
1075 3145 1113 3217 in
1127 3168 1197 3242 qua
1209 3143 1426 3218 humilitatis
1440 3168 1526 3218 meac
1538 3143 1630 3218 abie-

410 3255 481 3328 ctio
498 3255 748 3332 continebatur
766 3281 806 3332 eo
822 3259 913 3356 qnod
931 3256 1190 3354 inregulariter
1206 3266 1242 3333 et
1263 3257 1339 3332 sine
1358 3257 1438 3354 lege
1456 3257 1631 3355 episcopa·

409 3376 488 3442 tum
501 3367 727 3460 invasissem,
741 3379 776 3445 et
785 3395 855 3445 non
864 3396 978 3448 essem
991 3371 1126 3468 dignus
1137 3369 1175 3443 in
1191 3369 1390 3468 Apostolica
1401 3370 1501 3460 Sede,
1511 3369 1631 3445 etideo

411 3505 468 3555 me
486 3481 523 3555 in
543 3483 680 3579 regiam
699 3484 823 3560 urbem
840 3486 1025 3577 translato,
1042 3485 1134 3562 alter
1150 3485 1189 3558 in
1208 3508 1284 3560 meo
1309 3485 1384 3560 loco
1400 3483 1632 3559 substituere·

412 3605 472 3669 tur
489 3596 651 3671 antistes.
668 3598 767 3684 Quod
785 3624 970 3698 nunquam
988 3600 1124 3674 factum
1144 3607 1209 3688 est,
1225 3622 1292 3674 nec
1310 3597 1387 3672 fieri
1405 3596 1521 3671 habet.
1537 3597 1645 3685 Quia

409 3707 560 3783 inomni
578 3709 653 3786 loco
670 3711 972 3812 Archiprasbyter
988 3721 1024 3789 et
1042 3711 1336 3800 Archidiuconus,
1360 3720 1397 3785 et
1420 3709 1628 3786 Primicerei

410 3829 667 3919 repraesentant
683 3822 800 3899 vicem
818 3825 1002 3900 Pontificis
1019 3826 1058 3900 in
1075 3824 1153 3900 eius
1169 3822 1339 3900 absentia.
1356 3826 1403 3898 Et
1419 3833 1558 3899 caetera.

957 4017 1080 4102 XLVI.

651 4229 700 4279 Ex
718 4229 850 4281 concilio
869 4230 941 4280 1111.
961 4231 986 4281 1.
1005 4232 1242 4297 Episcoporum
1260 4231 1386 4283 van.

504 4387 718 4463 Anastasius
735 4389 929 4488 Presbyter
947 4391 1113 4466 Cardinis
1130 4390 1254 4479 nostri,
1272 4410 1377 4489 quem
1396 4415 1459 4466 nos
1472 4391 1509 4464 in
1523 4391 1628 4466 titulo

408 4498 502 4572 beati
522 4500 683 4575 Marcelli
701 4503 861 4577 blartiris
877 4513 913 4577 et
932 4503 1115 4578 Pontifiois
1132 4503 1387 4590 ordinavimus,
1404 4516 1527 4578 contra
1549 4529 1629 4578 san·
