3608 5498
802 449 843 462 -
867 413 933 479 230
957 448 999 461 -·

290 562 405 614 versa,
421 534 604 612 Mendicat
620 533 746 610 infelix
761 534 799 608 in
816 534 943 634 plateis
957 534 1087 625 clerus,
1099 544 1134 611 et
1150 533 1273 609 servili
1291 556 1394 633 opere
1412 558 1510 609 man-

288 651 439 749 cipatus,
457 647 598 746 publica
620 648 662 723 de
680 647 836 746 quolibet
852 648 1008 747 deposcit
1031 647 1299 738 helemosinam,
1316 648 1378 747 qui
1402 672 1446 723 ex
1470 671 1511 724 oo

289 761 407 859 magis
424 761 629 861 despicitur,
647 786 669 834 a
686 761 819 851 cuntis,
839 762 982 840 miseria
999 762 1177 840 desolatus
1194 763 1287 838 iuste
1305 769 1453 859 putatur
1465 762 1510 838 ad

287 875 382 951 hanc
407 874 644 971 ignominiam
670 865 864 951 devenisse.
890 875 997 952 Solus
1021 876 1207 975 episcopus
1231 873 1380 951 incubat
1399 873 1511 964 donis,

287 987 384 1064 solus
397 988 513 1063 utitur
526 987 736 1078 ministerio,
749 989 845 1064 solus
857 988 925 1064 sibi
938 989 1105 1065 vendicat
1122 987 1303 1077 universa,
1320 984 1417 1062 solus
1434 1010 1513 1085 par-

287 1113 341 1178 tes
358 1101 497 1178 invadit
512 1100 660 1194 alienas,
677 1100 774 1178 solus
789 1103 920 1179 occidit
932 1104 1131 1193 universos,
1144 1100 1230 1178 hinc
1243 1100 1351 1177 etiam
1369 1108 1511 1199 propter

289 1214 479 1289 avaritiam
496 1214 721 1290 sacerdotum
739 1239 878 1315 semper
896 1215 975 1291 odia
994 1223 1232 1312 consurgunt,
1248 1212 1335 1289 binc
1359 1210 1514 1311 episcopi

289 1336 508 1404 accusantur
524 1351 546 1400 a
562 1325 714 1421 clericis,
732 1326 819 1404 binc
836 1328 1053 1428 principium
1070 1328 1159 1418 litis,
1174 1328 1259 1403 bino
1284 1325 1514 1402 detractionis

292 1463 412 1529 causa,
429 1437 515 1514 hinc
539 1437 641 1535 origo
657 1439 698 1514 fit
710 1439 883 1514 criminis.
900 1443 1045 1518 Etenim
1064 1443 1095 1518 si
1120 1442 1368 1541 unusquisque
1385 1440 1423 1515 in
1448 1440 1515 1517 hoc

292 1553 425 1629 mundo
442 1551 634 1628 visibiliter
658 1552 836 1651 possidere
854 1557 1055 1647 mandatur,
1071 1567 1113 1633 ut
1133 1582 1199 1631 sua
1214 1565 1357 1631 tantum
1375 1555 1424 1630 sit
1438 1576 1515 1653 pos·

290 1665 445 1743 sessione
458 1675 657 1757 contentus,
670 1692 712 1743 ac
725 1693 782 1743 res
794 1692 865 1744 nou
878 1669 1027 1745 invadat
1039 1670 1186 1760 alienas,
1200 1692 1270 1744 non
1283 1691 1416 1764 agrum
1429 1692 1515 1766 pau·

291 1778 495 1880 peristollat
503 1801 573 1853 non
582 1779 737 1869 vineam,
746 1805 815 1857 non
828 1782 1100 1859 subiunctorum
1113 1782 1260 1882 aliquid,
1270 1805 1340 1856 non
1349 1778 1514 1871 famulos,

291 1917 362 1968 non
387 1892 558 1983 fructum,
583 1903 716 1991 quanto
737 1895 856 1992 magis
877 1897 939 1994 qui
957 1897 1128 1973 aecclesiae
1144 1897 1209 1973 Dei
1235 1920 1385 1996 praeesse
1401 1895 1516 1985 debet,

291 2009 343 2084 ita
355 2009 392 2082 in
406 2007 571 2082 omnibus
582 2033 727 2085 servare
739 2010 927 2100 iustitiam,
944 2020 986 2084 ut
1001 2009 1068 2086 boc
1081 2009 1149 2084 sibi
1163 2009 1338 2099 vendicet,
1350 2007 1443 2107 quod
1456 2007 1513 2083 sui

292 2120 384 2196 iuris
408 2146 485 2198 essa
508 2122 721 2218 cognoscit?
746 2123 874 2198 Aliena
896 2113 967 2201 non
994 2125 1120 2224 rapiat,
1143 2125 1262 2201 aliena
1286 2148 1357 2199 non
1373 2133 1514 2220 tangat,

291 2234 466 2336 aqualem
483 2260 522 2310 se
537 2235 676 2310 caeteris
701 2235 820 2311 faciat.
847 2241 893 2312 Et
915 2238 1011 2314 sicut
1036 2239 1114 2314 sinc
1139 2238 1195 2313 his
1212 2238 1249 2312 in
1267 2238 1428 2315 aecclesia
1445 2261 1516 2313 non

293 2350 375 2439 fuit,
388 2348 439 2424 ita
453 2357 490 2424 et
502 2347 580 2423 sine
594 2348 651 2423 his
667 2348 706 2423 in
720 2349 910 2426 ministerii
923 2351 1185 2450 dispensatione
1199 2375 1269 2427 non
1283 2351 1394 2425 vivat.
1411 2353 1517 2428 Certe

294 2472 336 2538 ut
358 2463 435 2563 ipse
455 2462 598 2552 novisti,
615 2463 676 2562 qui
693 2463 886 2540 visibiliter
905 2463 943 2537 in
962 2464 1028 2541 hoo
1045 2464 1178 2539 mundo
1195 2462 1419 2539 insinuandis
1435 2463 1520 2539 alie·

293 2602 393 2667 num,
405 2586 597 2651 accusatur
608 2600 630 2648 a
643 2600 807 2674 paupere,
823 2578 1015 2653 damnatur
1031 2604 1052 2652 a
1070 2577 1196 2654 iudice.
1219 2582 1273 2654 lta
1292 2578 1330 2652 in
1356 2577 1519 2654 aecclesia

294 2690 361 2765 Dei
381 2715 465 2765 cunr
491 2688 737 2788 unusquisque
762 2690 937 2789 stipendia
958 2691 1167 2790 suspendit,
1190 2692 1324 2768 clamat
1340 2691 1385 2767 ad
1401 2691 1520 2766 Domi·

294 2829 395 2894 num,
411 2802 559 2880 auditur
571 2829 593 2877 a
607 2803 760 2880 Christo.
771 2809 849 2882 Nec
866 2805 1029 2883 differtur
1042 2805 1190 2881 ultionis
1203 2806 1391 2895 sententia,
1404 2806 1435 2879 si
1448 2829 1520 2880 non

294 2918 465 2994 sedantur
483 2916 662 2993 universa.
679 2919 872 2996 Moderatio
888 2919 986 2995 enim
1013 2918 1080 2995 Dei
1106 2944 1149 2995 ac
1174 2918 1297 3018 pietas,
1322 2918 1437 2994 solum
1460 2943 1521 2995 no·

294 3041 411 3109 strum
425 3031 577 3108 reditum
591 3033 730 3131 quoerit,
742 3058 785 3108 ac
802 3057 865 3109 nos
882 3034 983 3133 cupit
1000 3034 1108 3132 longa
1125 3060 1190 3109 sua
1204 3033 1359 3110 bonitate
1373 3032 1519 3110 salvari.

296 3140 335 3220 si
353 3169 422 3220 non
435 3145 669 3235 convertitur,
682 3145 714 3219 si
728 3146 808 3221 duri
825 3146 907 3223 colli
922 3173 1060 3238 sumus,
1076 3148 1158 3222 siin
1177 3146 1332 3247 peccatis
1345 3171 1458 3246 usque
1475 3148 1520 3224 ad

298 3268 445 3336 mortem
459 3257 586 3336 illicite
599 3259 847 3358 perduramus,
859 3261 1001 3339 assidue
1015 3270 1221 3362 peccantem
1239 3259 1334 3336 sicut
1346 3259 1520 3360 scriptum

296 3383 351 3451 est
367 3377 465 3451 Deus
481 3397 551 3450 non
570 3374 769 3452 miseretur.

837 3510 980 3596 ov1111.

746 3689 839 3744 Idem
857 3687 902 3743 ad
920 3688 1068 3743 eundem.

393 3830 470 3905 Nec
482 3846 551 3924 ego
562 3824 641 3903 dico
650 3825 884 3924 presentibus
898 3822 1081 3924 Episcopis
1093 3822 1182 3910 suis,
1195 3833 1304 3922 atqua
1315 3821 1521 3899 astantibus

300 3943 339 4017 in
365 3938 493 4015 altario
518 3937 744 4037 presbyteros
769 3961 869 4036 posse
895 3947 1119 4015 sacramenta
1143 3937 1329 4027 conficere,
1352 3936 1413 4013 sod
1437 3935 1523 4034 qnia

300 4056 475 4155 scriptum
494 4061 558 4130 est.
575 4052 781 4151 Presbyteri
800 4050 958 4151 dupplici
977 4049 1109 4125 honore
1126 4047 1356 4137 honorantur,
1369 4047 1524 4124 maxime

301 4170 363 4269 qui
381 4168 543 4244 laborant
559 4166 596 4240 in
613 4166 722 4242 verbo
740 4167 805 4242 Dei
825 4165 1018 4266 praedicare
1037 4186 1096 4239 eos
1113 4163 1223 4238 decet.
1240 4161 1337 4239 Utile
1355 4170 1409 4237 est
1420 4160 1525 4237 bene·

300 4283 428 4359 dicere.
445 4283 655 4379 congruum
675 4290 730 4356 est
745 4281 969 4356 confirmare.
994 4276 1173 4354 Convenit
1198 4275 1344 4351 reddere
1367 4299 1525 4351 commu·

301 4395 454 4470 nionem.
466 4398 620 4472 Necesse
630 4404 684 4470 est
693 4394 839 4470 visitare
853 4395 1024 4482 infirmos,
1040 4415 1141 4466 orare
1151 4414 1213 4490 pro
1226 4389 1406 4480 invalidis,
1418 4399 1526 4488 atque

302 4507 421 4585 omnia
437 4506 503 4585 Dei
520 4518 743 4588 sacramenta
760 4507 946 4606 complere.
962 4510 1077 4584 Nemo
1092 4505 1153 4583 hic
1170 4504 1414 4605 episcoporum
1433 4503 1527 4581 invi·
