3608 5498
797 396 993 460 -308-

287 516 462 615 persequi,
474 542 518 593 ao
532 516 575 592 de
591 515 724 591 talibus
742 515 914 591 ultionem
935 537 1011 590 reos
1029 514 1168 591 mereri.
1184 514 1285 603 Quod
1297 515 1328 589 si
1347 516 1513 592 multitu*
1534 593 1538 600 ,

287 630 330 704 do
342 630 498 705 violenta
511 630 632 707 civilis
648 629 880 728 apparitionis
896 639 932 705 et
948 630 1159 705 executione
1176 639 1212 704 et
1225 630 1444 706 adminiculo
1455 655 1511 706 or·

287 742 410 819 diuum
429 767 667 844 possessorum
687 743 746 819 vel
764 767 834 820 non
847 743 1001 841 potuerit
1013 743 1231 842 praesentari,
1244 745 1337 842 quod
1349 769 1387 819 se
1400 745 1512 820 armis

287 867 351 931 aut
367 858 525 933 locorum
546 855 755 934 difficultate
772 865 926 948 tueatur,
943 857 1100 956 presides
1118 857 1381 956 provinciarum
1400 859 1509 934 etiarn
1563 889 1566 892 ·

288 969 437 1045 militari
447 970 579 1045 auxilio
591 994 654 1068 per
667 968 827 1069 publicas
840 968 979 1046 litteras
991 970 1512 1069 appetitooompetentomvin·

288 1082 420 1159 dictam
438 1083 501 1159 tali
519 1083 682 1159 excessui
697 1105 768 1157 non
794 1092 986 1159 morentur.
1010 1085 1103 1158 Data
1127 1087 1215 1158 VIII
1239 1083 1311 1159 lral.
1333 1085 1418 1159 Maii
1438 1088 1512 1159 Ma·

289 1196 430 1273 diolani.
449 1200 627 1273 Houorato
643 1206 679 1273 et
697 1196 912 1273 Eutichiauo
928 1195 1147 1272 oonsulibus.

821 1452 823 1457 »
844 1398 948 1483 0111.

702 1605 750 1656 Ex
768 1602 905 1657 historia
922 1602 1097 1656 Anastasit.

388 1766 641 1862 Promulgavit
657 1773 780 1840 autem
797 1767 994 1862 Imperator
1011 1763 1235 1838 lastinianus
1251 1763 1400 1837 formam
1420 1764 1461 1840 de
1479 1789 1513 1838 e·

291 1875 444 1975 piscopis
460 1887 496 1952 et
511 1877 745 1967 oeehonomis,
762 1884 798 1952 at
813 1875 1115 1975 orphanotrophis,
1132 1872 1376 1967 exenodochis,
1394 1902 1438 1952 ue
1455 1876 1514 1952 he

292 1990 441 2066 reditate
457 1991 687 2089 possiderent,
705 1990 775 2065 nisi
794 1991 893 2089 prius
910 2016 1016 2090 quam
1037 1990 1333 2090 promoverentur
1346 1985 1513 2066 habuisse

291 2103 537 2200 probarentur,
550 2105 592 2180 de
606 2105 736 2203 quibus
749 2113 785 2178 et
796 2112 1051 2180 testamentum
1066 2105 1228 2181 amittere
1239 2102 1447 2204 potuissent.
1458 2104 1513 2179 Ab

291 2217 377 2299 hora
394 2243 479 2294 vero
496 2243 566 2318 qua
585 2227 888 2317 promoverentur,
905 2216 1083 2294 nemiuem
1110 2217 1240 2293 habere
1259 2217 1443 2293 licentiam
1461 2217 1513 2290 di-

290 2332 471 2424 sponendi,
488 2333 548 2409 sed
565 2332 683 2408 omnia
701 2332 814 2430 ipsius
831 2331 1073 2408 venerabilem
1091 2330 1235 2405 domum
1253 2330 1456 2407 hereditari.

847 2533 962 2618 oxll.

518 2739 567 2791 Ex
584 2738 668 2792 llbro
687 2736 886 2792 novellarum
902 2736 1013 2802 logum
1031 2747 1104 2802 rap.
1124 2736 1293 2792 ccccm.

363 2900 400 2973 Si
414 2899 495 2998 quis
508 2899 661 2977 clericus
674 2899 849 2998 cuiusque
861 2898 1008 2994 gradus,
1021 2899 1097 2975 sive
1111 2900 1378 2975 administrator
1391 2899 1513 2975 cuius-

293 3038 446 3112 cumque
472 3014 541 3090 looi
567 3014 737 3111 religiosi,
762 3012 821 3089 vel
845 3025 929 3087 ante
952 3014 1266 3102 consecrationem,
1286 3014 1346 3088 vol
1364 3014 1514 3087 admini-

292 3127 514 3217 strationem,
531 3126 589 3202 vel
607 3128 652 3203 ad
669 3151 794 3202 curam
812 3126 878 3200 sibi
892 3126 1130 3218 commissam,
1144 3127 1202 3204 vel
1216 3137 1347 3225 postea,
1360 3126 1515 3202 voluerit

292 3240 428 3339 aliquid
441 3241 483 3316 de
496 3241 646 3341 propriis
659 3241 783 3317 offerre
795 3239 965 3316 [eeclesiae
978 3241 1016 3314 in
1030 3265 1101 3340 qua
1113 3251 1353 3332 consecratur,
1367 3241 1425 3316 vel
1438 3241 1514 3317 loeo

293 3354 398 3428 ouius
411 3354 757 3431 administrationem
771 3353 830 3430 vel
843 3379 966 3429 curam
982 3355 1126 3453 recepit,
1139 3378 1208 3428 non
1222 3355 1335 3430 solum
1350 3378 1419 3429 non
1439 3379 1514 3453 pro

292 3466 457 3542 hibernus
482 3467 549 3543 hoo
572 3468 661 3557 fieri,
678 3467 739 3543 sed
756 3467 874 3564 magis
891 3483 1095 3541 exortamur
1111 3467 1198 3540 talia
1215 3491 1278 3566 pro
1298 3467 1414 3543 saluta
1437 3468 1515 3542 ani·

293 3605 361 3654 nrm
377 3583 453 3655 sum
469 3580 596 3657 faeere.
613 3585 687 3657 Nos
703 3580 799 3656 enim
821 3581 884 3655 illa
908 3587 1051 3653 tantum
1076 3579 1151 3654 dari
1174 3581 1413 3679 prohibemus,
1431 3606 1510 3680 qum

292 3691 496 3789 specialiter
511 3692 722 3791 quibusdam
741 3693 900 3792 personis
921 3703 1147 3793 prmstantur,
1172 3717 1242 3770 non
1268 3720 1310 3771 ea
1335 3721 1415 3794 quae
1432 3722 1513 3771 san·

294 3802 363 3879 otis
380 3802 553 3879 aeeclesiis
570 3805 629 3880 vel
647 3805 826 3901 religiosis
843 3806 930 3884 locis
946 3808 1153 3883 offeruntur.

843 4006 975 4092 Glllll.

626 4211 676 4262 Ex
695 4207 766 4262 eod.
787 4210 964 4263 rusrtrnano
984 4213 1112 4264 constit.
1134 4214 1174 4264 11.

297 4326 315 4415 fs
391 4373 588 4469 Imperator
605 4371 829 4446 lastinianus
847 4378 1039 4468 Augustus
1055 4372 1195 4449 Iuliano
1213 4374 1368 4474 praetorii
1393 4374 1484 4475 praef
1504 4417 1516 4434 ·

294 4493 363 4559 ctu.
379 4485 430 4560 ,Ut
446 4483 494 4558 sit
510 4484 605 4560 inter
621 4484 785 4574 divinum
803 4483 1057 4583 publicumque
1074 4487 1131 4561 ius
1148 4496 1184 4563 et
1202 4488 1342 4586 privata
1363 4512 1516 4564 commo-
