3608 5498
819 405 859 420 ..
885 371 928 434 34
953 405 994 421 ..

291 490 387 564 brari
404 489 625 586 conscripsit.
652 489 718 562 His
741 499 778 565 et
801 489 885 564 aliis
910 489 1185 588 quamplurimis
1211 491 1393 590 exemplis,
1417 503 1516 592 patet

292 602 396 702 plura
420 627 507 691 esse,
524 627 632 701 quam
650 605 723 677 XX
735 627 811 700 cap.
824 605 968 701 Nyceni
981 604 1135 692 concilii,
1152 614 1189 681 et
1205 629 1326 680 veram
1341 630 1418 683 esse
1432 631 1518 706 prae·

291 719 423 794 dictam
446 718 529 792 lulii
546 721 612 791 PP.
629 717 824 814 epistolam.
842 717 952 791 Nobis
968 728 1088 792 autem
1107 718 1252 815 quidam
1275 718 1428 793 fratrum
1454 743 1513 793 no·

292 842 447 906 strorum
466 831 697 907 Aurientales
715 830 835 905 testati
859 839 945 903 sunt
962 853 1000 904 se
1027 828 1158 904 vidisse
1185 830 1388 907 Concilium
1413 834 1519 909 Nice·

291 969 391 1032 num,
404 943 539 1019 habens
552 943 720 1042 potiorem
737 942 1114 1039 llll⁰'evangeliorum
1130 945 1517 1040 magnitudinemcon-

289 1055 408 1132 tineus
425 1057 462 1130 in
479 1082 519 1132 se
536 1057 711 1132 sessiones
728 1057 995 1154 Episcoporum,
1012 1067 1049 1131 et
1062 1057 1353 1149 introductiones,
1367 1061 1517 1137 iudicia-

290 1195 360 1268 que
377 1173 598 1270 querimonia
615 1182 723 1271 atque
749 1171 979 1246 diffinitiones
1004 1180 1040 1245 et
1064 1171 1338 1248 constitutiones
1362 1198 1429 1250 nec
1446 1196 1517 1259 non

284 1296 326 1360 et
343 1287 623 1386 subscriptiones
640 1311 772 1364 eorum.

667 1536 812 1609 ΙΝῦΙΡΙΤ
837 1536 953 1610 trote
978 1532 1137 1607 enimus.

496 1733 507 1745 ·
608 1709 669 1793 Ex
696 1668 876 1795 concilio
894 1711 1036 1795 Nicone
1064 1730 1145 1812 cop.
1173 1709 1233 1792 Vl.

385 1971 552 2046 Aorrovn
570 1989 796 2037 consvnrvoo
815 1989 1013 2053 orrisuvm,
1029 1965 1072 2040 de
1085 1989 1156 2063 qua
1173 1963 1300 2038 scribit
1318 1962 1516 2039 Anacletus

288 2078 326 2151 iu
344 2078 451 2152 tertia
467 2077 615 2174 epistola
628 2103 704 2166 sua,
718 2087 759 2152 ut
776 2077 883 2153 Urbis
901 2081 1009 2154 Rome
1028 2079 1224 2176 Episcopus
1241 2077 1370 2152 babeat
1382 2077 1515 2175 princi·

288 2202 411 2288 patum
436 2202 473 2266 et
494 2191 743 2266 suburbicaria
760 2191 837 2267 loca
854 2190 946 2266 idest
964 2214 1078 2286 regna
1103 2216 1183 2289 quae
1207 2201 1296 2266 tunc
1320 2201 1424 2265 erant
1449 2189 1516 2265 sub

290 2306 377 2381 urbe
402 2315 439 2380 ct
458 2328 598 2380 omnem
620 2306 842 2402 provinciam
863 2331 929 2380 sua
947 2304 1189 2380 sollicitudine
1214 2304 1401 2400 gubernet.
1427 2306 1516 2390 Quae

287 2443 373 2494 vero
389 2420 484 2516 apud
501 2423 689 2516 Egyptum
710 2431 807 2507 sunt,
825 2419 1052 2494 Alexandriae
1071 2417 1268 2515 Episcopus
1284 2416 1442 2491 omnium
1456 2416 1516 2490 ba-

286 2531 369 2606 beat
386 2531 677 2608 sollicitudinem.
695 2533 871 2608 Similiter
891 2544 1012 2608 autem
1026 2541 1062 2606 et
1075 2533 1171 2607 circa
1186 2529 1413 2605 Antiochiam
1429 2529 1516 2604 etin

287 2644 417 2721 ceteris
443 2645 637 2741 provinciis
662 2646 854 2742 privilegia
877 2645 1018 2743 propria
1035 2653 1226 2720 serventur
1242 2641 1414 2718 ecclesiis.
1432 2640 1515 2714 Alia

286 2758 475 2832 translatio
487 2759 540 2833 sic
553 2758 669 2833 habet.
684 2759 842 2857 Antiqua
857 2759 1076 2835 consuetudo
1090 2766 1296 2855 permaneat
1309 2756 1347 2829 iu
1358 2758 1515 2852 Egypto,

287 2871 345 2947 vel
362 2872 463 2946 Libia
481 2883 517 2947 et
536 2872 731 2970 Pentapoli,
749 2883 790 2948 ut
812 2872 1080 2949 Alexandrinus
1104 2871 1302 2969 Episcopus
1327 2868 1456 2943 horum
1480 2891 1515 2943 ο·

288 2983 426 3058 mnium
444 2985 573 3060 habeat
591 2995 811 3083 potestatem,
829 3010 936 3084 quam
954 2985 1100 3084 quidem
1118 2992 1154 3059 et
1172 2985 1329 3058 Romano
1342 2981 1515 3080 Episcopo

287 3098 421 3196 pariter
430 3120 505 3172 mos
514 3109 577 3173 est.
591 3099 766 3174 Similiter
778 3108 899 3174 autem
914 3109 950 3173 et
958 3099 1053 3197 apud
1067 3096 1295 3172 Antiochiam
1305 3102 1514 3193 ceterasque

287 3210 491 3308 provincias
508 3236 574 3285 sua
590 3211 785 3308 privilegia
803 3212 1000 3310 unicuique
1017 3220 1209 3287 serventur
1225 3205 1396 3284 ecclesie.

684 3442 729 3525 Π.
748 3440 808 3525 Ex
826 3439 957 3526 eodem
976 3460 1057 3542 cop.
1076 3438 1118 3521 l.

362 3668 535 3740 Servetur
559 3676 596 3741 et
619 3667 689 3741 ista
706 3668 897 3756 sententia,
914 3675 956 3739 ut
971 3664 1021 3754 hi,
1038 3663 1098 3762 qui
1116 3662 1162 3736 ab
1178 3662 1261 3736 aliis
1277 3661 1517 3739 exeommuni-

291 3786 432 3866 cantur,
449 3777 495 3853 ab
510 3778 593 3852 aliis
609 3779 655 3852 ad
672 3780 958 3855 communionem
973 3800 1044 3852 non
1058 3775 1289 3873 recipiantur.
1302 3773 1519 3872 Requiratur

287 3915 372 3966 sane
391 3891 420 3964 si
439 3892 528 3967 forte
544 3892 667 3991 aliqua
685 3892 945 3989 indignatione,
961 3901 1026 3965 aut
1042 3889 1279 3978 contentione,
1303 3901 1368 3962 aut
1392 3886 1517 3985 aliqua

288 4004 521 4080 commotione
538 4006 703 4103 Episcopi
721 4005 779 4080 sui
804 4002 1107 4081 excommunicati
1132 4012 1228 4077 sunt.
1253 4004 1302 4077 Ut
1327 4023 1414 4096 ergo
1438 3998 1515 4074 hoec

287 4115 399 4212 digna
417 4116 554 4214 possint
569 4117 831 4193 examinatione
851 4116 1023 4216 perquiri,
1040 4126 1136 4191 recte
1152 4114 1273 4190 visum
1291 4123 1346 4190 est
1363 4137 1425 4210 per
1442 4113 1514 4186 sin·

288 4228 394 4324 gulos
412 4251 526 4303 anuos
543 4230 582 4302 in
599 4229 756 4326 singulis
773 4229 976 4330 quibusque
994 4228 1201 4327 provinciis,
1216 4226 1272 4302 bis
1288 4227 1327 4301 in
1351 4249 1446 4300 anno
1470 4229 1515 4300 E·

287 4341 511 4439 piscoporum
530 4342 722 4418 concilium
736 4343 826 4433 fieri,
841 4353 882 4417 ut
899 4341 1009 4416 simul
1022 4340 1059 4414 iu
1075 4365 1187 4414 unum
1202 4338 1457 4414 couvenientes
1470 4362 1515 4415 ex

288 4456 384 4527 omni
395 4454 794 4553 provinciahuiusmodi
807 4457 1013 4531 examinent
1026 4453 1238 4552 questiones.
1248 4454 1297 4528 Ut
1311 4451 1515 4527 itademum
