3608 5498
939 349 1090 410 -ss-

403 477 456 547 Ile
474 471 679 571 principatu
698 472 946 570 Apostolorum
970 473 1066 549 Petri
1090 482 1126 547 et
1147 472 1262 546 Pauli.
1279 474 1364 570 Cap.
1388 475 1462 550 CII.
1480 474 1623 551 CCXX.

403 587 707 797 Quogiiriiiilliic)
730 703 925 775 Romanam
952 700 1152 778 Ecclesiam
1175 701 1345 777 universo
1368 702 1444 777 orbi
1463 704 1626 801 praetule-

474 825 570 890 runt.
588 816 673 913 Cap.
690 817 727 890 L.

403 930 502 1017 Quod
520 930 587 1027 ipsi
606 954 684 1004 eam
703 929 855 1027 primam
873 930 1026 1006 fecerint
1042 932 1173 1006 sedem.
1191 930 1357 1029 Capitulo
1374 933 1505 1007 eodem.

402 1043 503 1130 Quod
516 1068 578 1142 pro
591 1044 712 1119 eadem
727 1043 1050 1141 specialiterorent.
1060 1044 1145 1141 Cap.
1155 1044 1240 1119 item
1251 1044 1288 1117 in
1298 1044 1420 1119 eodem
1433 1055 1470 1120 et
1479 1048 1624 1120 XLVII.

402 1159 685 1371 Quoiiiiriiuno
706 1273 763 1348 die
785 1284 820 1348 et
843 1297 913 1348 uno
938 1284 1096 1370 tempore
1122 1273 1215 1370 passi
1243 1273 1389 1348 suerint.
1415 1276 1499 1374 Cep.
1526 1278 1562 1351 L.
1588 1287 1624 1351 et

475 1389 707 1464 CCXXVIII.
775 1412 778 1419 ·

403 1502 503 1588 Quod
541 1513 614 1576 tres
651 1501 866 1599 principales
904 1500 1004 1576 sedes
1042 1500 1077 1573 in
1120 1501 1203 1576 orbe
1240 1502 1502 1578 constituerint.
1539 1505 1625 1603 Cep.

474 1616 560 1691 item
578 1619 615 1689 L.

402 1732 501 1819 Quod
514 1755 638 1806 eorum
655 1732 946 1807 constitutionem
965 1732 1103 1806 Nicone
1120 1729 1274 1804 Sinodus
1292 1740 1417 1806 soeuta
1430 1730 1487 1805 sit.
1500 1732 1586 1828 Cap.
1599 1734 1623 1804 Ι.

345 1908 351 1919 .
404 1872 409 1881 ’
474 1856 511 1922 et
527 1847 644 1919 XXX.
662 1846 700 1919 in
716 1845 777 1918 lib.
794 1847 880 1919 IIII⁰
897 1869 972 1944 cap.
990 1845 1118 1920 XCIII.

401 1958 502 2046 Quod
526 1946 768 2033 Alexandrina
799 1959 899 2033 sedes
932 1958 1074 2032 subdita
1099 1958 1147 2032 sit
1174 1963 1349 2034 Romane.
1385 1960 1469 2057 Cap.
1500 1962 1561 2033 VI.
1587 1970 1623 2033 et
1764 1997 1771 2007 ·

474 2075 626 2182 XVIIII.
644 2083 680 2147 et
697 2075 814 2147 XXV.
832 2084 867 2148 et
885 2074 954 2148 CC.

407 2191 495 2263 Item
514 2188 556 2262 de
574 2187 783 2262 Antioecna.
801 2187 955 2285 Capitul.
973 2188 1125 2260 XXVII.
1142 2197 1178 2261 et
1195 2188 1304 2260 LXX.

404 2303 456 2376 Dc
474 2300 875 2396 Constantinopolitana.
894 2303 978 2399 Cap.
996 2302 1063 2376 CL.
1081 2312 1117 2375 et
1134 2302 1274 2376 CLXV.
1292 2310 1328 2376 et
1345 2301 1432 2376 CCI.

404 2415 504 2502 Quod
522 2418 679 2487 Romana
698 2413 858 2489 Ecclesia
876 2415 1037 2489 omnium
1055 2413 1290 2489 ecclesiarum
1309 2413 1356 2487 sit
1372 2424 1482 2512 caput
1498 2425 1534 2489 et
1550 2440 1623 2489 ma-

477 2537 542 2603 ter.
560 2528 646 2625 Cap.
664 2530 725 2601 VI.
740 2538 776 2602 et
793 2529 964 2603 XXVIII.
983 2530 1055 2602 LX.
1073 2538 1108 2602 et
1126 2529 1292 2602 CXXXI.
1572 2528 1574 2532 ’

409 2643 499 2748 Item
513 2642 556 2716 de
568 2641 690 2716 cadem
705 2665 752 2715 re.
766 2641 851 2739 Cap.
861 2641 948 2716 CCI.
958 2651 994 2716 et
1008 2642 1275 2717 CCXXXVIII.
1289 2652 1325 2717 et
1338 2643 1624 2719 CCXXXVIIII.

406 2755 506 2842 Quod
523 2755 797 2829 fundamentum
823 2765 859 2828 et
884 2754 995 2829 forma
1022 2755 1069 2829 sit
1086 2754 1245 2830 omnium
1273 2754 1518 2832 ecelesiarum.
1540 2757 1625 2852 Cap.

407 2983 506 3070 Quod
522 2983 644 3057 eadem
662 2981 820 3078 singulis
838 2983 986 3058 urbibus
1003 2994 1067 3058 aut
1080 2984 1270 3082 Episcopos
1287 2983 1418 3058 direxit
1434 2994 1498 3059 aut
1515 2982 1625 3079 dirigi

479 3096 595 3171 iussit.
612 3098 697 3195 Cap.
714 3099 859 3172 XLVII.
876 3109 912 3173 et
928 3101 983 3173 LI.
1000 3107 1037 3172 et
1054 3099 1162 3172 LIIII.
1183 3099 1382 3172 LXXXVI.

407 3210 506 3297 Quod
524 3210 646 3284 eadem
664 3209 936 3285 Patriarchatus
953 3220 989 3285 et
1007 3209 1344 3308 Archiepisoopatus
1370 3209 1539 3285 instituit.
1558 3208 1623 3285 Ca·

478 3322 602 3420 pitulis
619 3323 704 3398 item
721 3322 763 3397 de
782 3322 914 3398 eisdem
932 3336 967 3398 et
985 3324 1187 3398 CXXXVI.

409 3436 507 3523 Quod
525 3459 594 3510 non
613 3435 727 3510 solum
754 3436 960 3512 Occidentis
985 3438 1045 3510 sod
1071 3437 1180 3513 otiam
1207 3436 1365 3512 Orientis
1390 3436 1556 3535 Episcopi
1581 3435 1626 3510 ab

478 3549 600 3624 eadem
626 3549 793 3625 honorem
820 3550 1099 3627 consecrationis
1123 3550 1337 3651 acceperint.
1363 3551 1447 3647 Cap.
1472 3551 1625 3624 XVIIII.

480 3665 642 3739 LXXVI.
659 3673 695 3738 et
712 3665 856 3739 XCIIII.

407 3778 508 3866 Quod
524 3777 688 3852 omnibus
704 3778 865 3854 ecclesiis
882 3779 1017 3874 largita
1033 3785 1088 3852 est
1104 3802 1207 3852 suam
1226 3777 1343 3852 vicem
1358 3801 1426 3852 nou
1440 3774 1624 3874 potestatis

479 3891 751 3989 plenitudinem.
768 3893 853 3989 Cap.
871 3893 1026 3967 CXIII.

408 4004 507 4092 Quod
522 4003 567 4078 ab
585 4005 706 4079 eadem
724 4005 845 4078 unitas
862 4007 1092 4082 sacerdotalis
1109 4017 1185 4082 orta
1202 4009 1258 4081 sit.
1276 4008 1360 4104 Cap.
1379 4007 1418 4081 C.
1436 4007 1533 4078 XIII.

409 4119 509 4205 Quod
546 4118 705 4216 Apostoli
731 4120 998 4195 constituerunt
1028 4120 1165 4195 nullam
1196 4119 1321 4194 debere
1356 4119 1434 4195 fieri
1463 4118 1626 4193 sinodum

479 4231 612 4330 absque
628 4233 850 4309 auctoritate.
868 4234 952 4334 Cap.
970 4237 1079 4310 LXX.

409 4346 509 4432 Quod
508 4347 694 4534 Xgpnerale
712 4347 866 4445 synodos
884 4350 996 4446 ipsam
1018 4373 1214 4426 convocare
1232 4349 1365 4425 debeat.
1383 4348 1468 4446 Cap.
1482 4349 1578 4420 VIII.
1591 4357 1628 4424 et

481 4463 508 4534 L
583 4463 643 4534 VI.
