3608 5498
800 395 996 457 -112-

287 516 369 591 vobi
387 517 431 590 ad
449 516 604 590 fortioris
619 516 755 612 gradus
773 516 940 589 honorem
953 524 1077 590 contra
1091 538 1222 590 morem
1237 515 1440 591 nullomodo
1456 540 1513 592 co·

286 641 442 726 geretur,
460 631 527 705 hoc
543 631 638 706 enim
656 630 723 705 sibi
742 631 819 704 fieri
837 653 905 703 non
926 628 1140 727 provehendi
1166 629 1287 725 gratia
1313 630 1373 704 sed
1398 655 1511 706 causa

286 743 560 840 ingratitudinis
578 743 791 840 perhibebat.
809 746 877 816 Pro
894 767 965 840 qua
983 768 1020 817 re
1038 752 1125 818 tunc
1143 743 1213 816 iam
1232 754 1366 819 sanctae
1381 769 1511 820 memo

287 859 349 931 riae
365 859 527 933 decessor
544 868 662 932 noster
676 857 819 955 scriptis
833 856 908 930 suis
921 857 1041 929 Natali
1056 857 1161 930 fratri
1175 857 1378 955 coepiscopo
1391 869 1511 932 nostro

287 972 530 1060 interdixerat,
548 997 592 1046 ne
615 972 824 1070 praedictum
851 975 1070 1044 Honoratum
1098 969 1393 1045 Archidiaconem
1418 971 1513 1071 inri5

288 1095 364 1157 tum
386 1084 595 1181 proveheret
612 1109 703 1158 nove
717 1084 870 1158 dolorem
884 1091 1051 1178 concepte
1066 1081 1340 1176 ingratitudinis
1354 1083 1392 1156 in
1406 1083 1510 1158 corde

289 1197 468 1271 retineret.
483 1198 644 1294 Cumque
658 1206 726 1271 eta
743 1222 797 1269 mo
812 1197 885 1270 hac
900 1194 1012 1270 eidem
1028 1218 1250 1292 summopere
1261 1196 1395 1271 fuerint
1408 1197 1517 1272 inter·

288 1310 393 1397 dicta,
411 1334 480 1384 non
498 1311 612 1385 solum
632 1311 798 1384 mandata
816 1309 879 1383 Dei
900 1309 1111 1405 neglegens,
1124 1311 1186 1385 sed
1199 1323 1235 1385 ot
1247 1310 1380 1408 scripta
1393 1325 1517 1386 nostra

287 1436 518 1498 contemnens
535 1424 745 1522 prephatum
766 1422 1058 1497 Archidiaconom
1077 1422 1180 1521 quasi
1197 1423 1241 1497 ad
1259 1423 1440 1498 fortiorem
1455 1423 1516 1498 ho-

287 1559 408 1611 norem
424 1539 620 1635 provehens
633 1547 783 1612 conatus
799 1546 853 1611 est
870 1534 996 1609 callido
1021 1536 1226 1630 degradare.
1244 1538 1346 1613 Unde
1365 1546 1515 1612 auctum

288 1661 342 1725 est
360 1660 400 1724 ut
416 1652 536 1724 eodem
557 1650 813 1726 Archidiacono
830 1649 905 1723 loeo
922 1672 986 1723 suo
1004 1660 1096 1723 moto
1118 1651 1323 1740 accersiret,
1348 1652 1410 1749 qui
1436 1652 1516 1726 eius

288 1761 530 1860 obtemperare
550 1763 706 1838 moribus
723 1761 904 1860 potuisset.
922 1766 1035 1850 Quem
1056 1767 1275 1839 Honoratum
1289 1765 1519 1841 Archidiaoo·

287 1901 374 1949 num
392 1877 605 1950 arbitratum
623 1876 777 1950 antistiti
791 1876 1216 1977 suoaliundedisplicere
1230 1904 1300 1954 non
1316 1904 1426 1978 posse,
1440 1879 1512 1954 nisi

289 1991 382 2089 quod
401 2016 483 2065 eum
501 2018 588 2064 vasa
614 2016 718 2066 sacra
742 1991 818 2065 suis
835 1992 919 2065 dare
938 1992 1144 2088 parentibus
1162 1992 1377 2090 prohibebat.
1394 1997 1512 2082 Quam

286 2130 433 2180 causam
459 2105 582 2179 subtili
609 2106 789 2179 voluimus
814 2114 849 2180 et
873 2114 962 2178 tunc
987 2115 1121 2181 sanctae
1147 2107 1325 2181 memoriae
1350 2108 1514 2182 decessor

289 2243 390 2293 meus
406 2229 442 2293 et
459 2244 557 2294 nuno
573 2242 642 2316 ego
658 2219 888 2315 indagatione
906 2219 1119 2318 perquirere.
1138 2222 1205 2296 Sed
1223 2231 1260 2296 et
1277 2221 1332 2295 sui
1350 2246 1514 2296 suorum·

291 2356 359 2429 que
377 2342 523 2407 actuum
542 2333 707 2408 conscius
724 2356 909 2430 personam
936 2334 981 2406 ad
1007 2335 1182 2410 iudicium
1208 2335 1442 2433 postpositum
1459 2336 1519 2411 de·

292 2447 437 2521 stinare.
455 2448 557 2522 Unde
575 2447 829 2546 experientiam
855 2456 955 2518 tuam
974 2448 1158 2543 praesentis
1175 2448 1340 2547 praecepti
1365 2448 1519 2524 auotori-

289 2568 363 2632 tate
380 2559 551 2633 duximus
570 2559 798 2647 fulciendam,
815 2567 994 2655 quatenus
1014 2561 1233 2636 conveniens
1251 2562 1288 2634 in
1306 2561 1427 2637 solana
1446 2566 1518 2637 Na·

290 2672 398 2746 talem
416 2674 563 2747 fratrem
578 2673 904 2771 Coepiscopumquo
920 2681 1081 2746 nostrum
1096 2675 1222 2748 saltem
1237 2685 1289 2750 tot
1301 2674 1446 2773 scriptis
1458 2676 1518 2751 ad·

290 2785 465 2859 monitum
488 2787 630 2861 studeat
654 2786 846 2872 adhortari,
873 2794 1047 2882 utsupra
1074 2799 1304 2861 memoratum
1331 2786 1518 2863 Archidia·

288 2921 419 2974 conum
436 2899 472 2971 in
492 2923 556 2972 suo
573 2899 694 2972 statim
712 2899 788 2974 loco
805 2894 988 2996 suscipiat.
1007 2900 1107 2986 Quod
1124 2900 1155 2974 si
1172 2900 1290 2976 facere
1307 2900 1374 2977 boo
1391 2911 1517 2976 contu·

290 3013 439 3088 maciter
458 3025 498 3087 ut
515 3014 713 3100 consuevit,
731 3012 821 3087 forte
846 3013 1036 3101 distulerit,
1062 3040 1168 3088 usum
1193 3016 1225 3088 ei
1253 3014 1357 3112 pallei
1383 3016 1446 3113 qui
1471 3017 1518 3090 ab

289 3126 358 3202 bac
375 3127 455 3202 sedo
480 3138 535 3202 est
559 3151 761 3215 concessus
786 3152 831 3201 ex
857 3128 1069 3203 auctoritate
1095 3127 1413 3226 sedisapostolicae
1436 3152 1518 3204 con·

288 3239 462 3316 tradicito.
481 3243 593 3327 Quem
611 3240 642 3313 si
660 3241 769 3314 etiam
786 3242 916 3316 amisso
933 3240 1047 3340 palleo
1068 3240 1186 3316 adhuc
1203 3241 1242 3314 in
1260 3242 1382 3316 eadem
1408 3242 1517 3339 perti·

289 3353 393 3428 nacia
412 3377 637 3451 perseverare
655 3355 889 3450 perspexeris,
915 3354 1092 3430 Dominici
1118 3378 1257 3452 quoque
1285 3354 1451 3452 Corporis
1477 3365 1514 3431 et

290 3467 488 3562 Sanguinis
504 3466 655 3540 eundem
674 3466 873 3542 antistitem
892 3468 1164 3566 participatione
1182 3466 1351 3564 privabis.
1364 3469 1456 3553 Item
1469 3468 1516 3543 ad

290 3581 452 3655 eundem.
472 3585 580 3655 Facto
596 3580 635 3653 in
653 3604 800 3678 persona
826 3606 905 3679 quae
930 3581 1040 3655 luerit
1065 3579 1178 3656 electa
1204 3580 1356 3667 decreto,
1380 3580 1425 3655 ad
1450 3604 1516 3657 nos

290 3694 533 3767 transmittere
551 3693 710 3769 studebis
723 3705 764 3768 ut
775 3719 860 3769 oum
874 3703 993 3768 nostro
1006 3716 1181 3768 consensu
1194 3693 1291 3768 sicut
1302 3692 1430 3790 priscis
1445 3692 1516 3769 fuit

291 3805 509 3904 temporibus
527 3804 758 3880 Salonitanus
774 3806 960 3882 ordinetur
977 3807 1137 3881 antistes.

848 4039 963 4124 otxl.

387 4267 587 4362 Gregorius
604 4265 753 4340 Iohanni
772 4265 988 4341 Siraousano
1006 4267 1187 4364 Episcopo.
1213 4267 1454 4354 Quorumdam
1472 4269 1518 4342 ad

293 4402 357 4453 nos
376 4380 547 4454 relatione
572 4381 735 4477 peruenit
761 4381 926 4455 Cosmam
952 4383 1012 4476 qui
1040 4405 1087 4453 ex
1113 4379 1285 4454 monacho
1310 4379 1517 4454 monasterii

294 4504 429 4567 sanctae
442 4493 596 4567 Luciaea
612 4492 795 4570 decessore
808 4506 870 4568 tuo
882 4492 1095 4568 venerandae
1107 4493 1286 4569 memoria
1298 4492 1522 4568 Maximiano
