3608 5498
812 394 919 453 ..5ss
956 427 983 434 .-

287 523 380 586 recte
399 512 592 598 credentes
610 511 669 585 vel
691 521 895 585 sanctorum
923 521 1064 609 patrum
1091 512 1307 586 iussionibus
1331 514 1510 613 obtempe-

285 636 406 700 rantes
423 625 664 722 permittimus
682 625 766 722 quia
784 626 880 699 inter
896 625 1017 700 fideles
1030 635 1067 700 et
1079 624 1240 700 infideles
1254 650 1387 723 magna
1405 626 1510 703 debet

289 764 367 812 esse
392 737 569 812 discretio.
1280 732 1283 738 ‘

871 967 958 1051 LII.

383 1192 512 1287 Iginus
528 1194 566 1266 iu
584 1193 718 1268 Christi
738 1193 881 1293 nomine
898 1195 1002 1268 alma
1029 1195 1136 1269 Urbis
1162 1199 1280 1270 Romae
1307 1198 1512 1296 Episcopus,

289 1306 396 1381 Salvo
413 1307 450 1379 in
467 1307 632 1380 omnibus
651 1311 816 1381 Romanae
835 1308 1006 1382 Ecclesiae
1024 1309 1226 1406 privilegio
1244 1310 1367 1384 nullus
1386 1321 1513 1386 metro·

290 1419 469 1517 politanus
477 1421 609 1518 absque
619 1431 828 1496 caeterorum
842 1423 1000 1495 omnium
1015 1423 1373 1521 comprovincialium
1382 1424 1514 1522 episco

289 1558 415 1632 porum
433 1535 607 1608 instantia
624 1534 826 1633 aliquorum
852 1535 976 1609 audiat
998 1560 1137 1625 causas,
1164 1537 1249 1635 quia
1275 1538 1386 1613 irritae
1406 1548 1515 1613 erunt

289 1648 394 1722 aliter
410 1658 500 1724 actae
517 1673 624 1745 quam
643 1649 680 1721 in
705 1658 898 1744 conspectu
924 1673 1046 1724 eorum
1071 1652 1233 1751 omnium
1257 1653 1440 1728 ventilate.
1467 1657 1513 1727 Et
1625 1737 1627 1742 ,

291 1763 365 1861 ipse
383 1763 413 1837 si
431 1762 557 1838 fecerit
573 1774 779 1838 coerceatur
795 1785 816 1833 a
834 1761 1015 1837 fratribus.

846 1993 951 2076 LVII.

386 2218 617 2293 Eleutherius
636 2218 840 2315 Episcopus.
860 2217 953 2304 Quia
978 2242 1101 2292 omncs
1127 2219 1347 2294 Clericornm
1367 2245 1513 2295 accusa·

291 2332 405 2405 tlones
424 2331 568 2406 difficile
585 2342 639 2405 est
655 2332 700 2406 ad
717 2332 833 2405 sedem
855 2330 1094 2428 ApostolIcam
1108 2332 1249 2421 deferri,
1263 2333 1415 2406 finitima
1434 2333 1516 2431 Epi·

291 2468 476 2543 scoparum
494 2455 637 2520 tantum
654 2445 788 2520 iudicia
805 2445 878 2519 huc
895 2445 1115 2532 deferantur,
1133 2455 1169 2519 et
1185 2446 1295 2520 huius
1312 2456 1445 2521 sanctae
1463 2472 1517 2521 sc·

291 2559 346 2632 dis
363 2558 576 2634 auctoritate
593 2558 778 2648 finiantur,
794 2557 891 2632 sicut
908 2556 953 2631 ab
972 2556 1149 2653 Apostolis
1165 2581 1357 2655 eorumque
1374 2578 1515 2632 succes

292 2670 431 2745 sonibus
449 2671 644 2744 multorum
663 2695 837 2747 consensu
856 2668 1108 2767 Episcoporum
1134 2668 1206 2742 iam
1232 2657 1424 2744 diffinitum
1450 2678 1516 2743 est.

292 2787 368 2858 Nec
384 2783 422 2856 in
448 2808 570 2859 eorum
589 2785 751 2861 ecclesiis
775 2784 838 2857 alii
863 2792 927 2856 aut
952 2791 1193 2878 proponantur
1217 2794 1281 2856 aut
1305 2783 1514 2857 ordinentur

291 2895 1514 2995 antequamhiceorumiusteterminenturnegotiaQuoniamquam·

291 3011 348 3085 vis
365 3011 471 3086 liceat
487 3014 582 3110 apud
599 3013 837 3110 provinciales
854 3022 890 3086 et
908 3007 1194 3104 metropolitanos
1210 3019 1317 3106 atque
1340 3009 1514 3106 primates

292 3148 414 3200 eorum
433 3124 607 3200 ventilare
623 3125 869 3202 accusationes
886 3121 944 3197 vel
961 3119 1229 3196 criminationes
1248 3145 1318 3196 non
1336 3131 1455 3195 tamen
1474 3120 1515 3194 li·

292 3248 350 3313 cet
366 3234 513 3313 definire
529 3263 633 3329 secus
649 3262 756 3336 quam
775 3237 983 3334 praedictum
1001 3245 1065 3309 est.

842 3465 966 3548 LVIII.

392 3693 517 3767 Victor
535 3695 700 3766 Romana
716 3717 759 3766 ac
777 3691 992 3765 universalis
1010 3693 1180 3768 Ecclesiae
1203 3691 1514 3790 Archiepiscopus,

295 3804 501 3905 Theophylo
513 3807 753 3881 Alexandrino
762 3803 988 3878 Patriarchae.
1002 3807 1052 3877 Ila
1066 3827 1129 3878 vos
1143 3804 1259 3879 iudica
1265 3829 1300 3878 re
1312 3805 1357 3879 ad
1371 3809 1517 3902 Aposto-

297 3919 401 3993 licam
420 3920 578 3993 delatum
596 3930 651 3994 est
668 3920 785 3994 sedum
804 3919 896 4018 quod
910 3929 1051 4013 propter
1064 3926 1220 3990 nostram
1234 3916 1334 3990 vobis
1346 3940 1416 3991 non
1430 3915 1516 3991 licet

296 4031 450 4106 diffinire
466 4032 728 4121 auctoritatem,
742 4033 833 4107 idest
847 4031 1099 4128 Episcoporum
1115 4055 1253 4119 causas,
1267 4030 1360 4106 undo
1373 4031 1423 4104 ita
1436 4054 1518 4106 con·

297 4143 465 4217 stitutum
483 4144 596 4243 liquet
612 4156 803 4244 atempore
818 4144 1066 4242 Apostolorum
1080 4155 1116 4221 et
1128 4145 1306 4243 deinceps
1319 4144 1464 4219 Placuit
1476 4153 1517 4218 ut

296 4267 488 4331 accusatus
505 4258 564 4332 vel
582 4258 762 4333 iudicatus
780 4284 801 4331 a
818 4258 1177 4354 comprovincialibus
1201 4259 1239 4332 in
1265 4258 1386 4357 aliqua
1406 4282 1517 4333 causa

298 4370 504 4468 Episcopus,
521 4370 673 4446 licenter
690 4371 843 4469 appellet
860 4379 897 4444 et
912 4370 1017 4443 adeat
1032 4370 1234 4468 apostolice
1258 4371 1351 4446 sedis
1372 4369 1517 4444 Pontifi-

297 4505 388 4566 cem,
403 4481 464 4580 qui
481 4494 546 4557 aut
563 4507 625 4581 per
642 4509 679 4558 se
696 4495 760 4557 aut
773 4509 835 4581 per
848 4483 1002 4557 vicarios
1015 4508 1097 4558 suos
1110 4485 1188 4559 eius
1202 4494 1396 4561 retractare
1409 4507 1516 4579 nego·
