3608 5498
928 368 1101 430 ..10....

399 489 500 572 Quod
516 485 559 561 de
576 484 736 583 qualibet
752 488 876 562 mnndi
894 497 994 586 parte
1010 488 1056 563 ad
1073 490 1233 565 eamdem
1258 490 1469 589 appelletur,
1495 493 1540 567 ab
1557 494 1619 568 illa

472 629 660 702 nusquam.
677 605 762 703 Cap.
780 604 872 679 CIII.
890 605 1073 681 CXXVII.

399 719 499 807 Quod
515 742 648 795 nonum
667 719 875 818 Capitulum
893 717 1181 794 Chalcedonense
1198 717 1240 794 do
1257 717 1505 817 appellatione,
1520 747 1542 795 a
1564 723 1620 797 do·

472 833 580 908 cretis
598 835 666 907 ΡΡ.
685 832 767 906 Iulii
785 844 821 907 et
839 832 996 909 Victoris
1013 832 1062 906 sit
1078 842 1276 929 acceptum.
1294 832 1378 931 Cap.
1391 835 1453 908 XI.
1468 838 1620 910 XXXII.

472 949 599 1022 LVlll.
840 951 847 968 “

403 1061 504 1148 Quod
521 1064 678 1135 Romana
697 1060 805 1136 Sedes
821 1061 930 1135 etiam
947 1060 1157 1135 inferiorum
1175 1059 1386 1136 clericorum
1412 1086 1539 1137 causas
1563 1062 1620 1138 de·

474 1175 654 1250 terminat.
672 1176 756 1274 Cap.
774 1176 940 1251 CXXXI.
959 1176 1143 1251 CXXXII.
1161 1175 1336 1249 CLXlllI.
1355 1175 1495 1249 CLXV.

403 1294 452 1365 Ut
485 1290 684 1366 difficiliora
713 1292 857 1389 negotia
891 1287 1070 1388 gradatim
1099 1288 1144 1362 ad
1177 1312 1254 1362 eam
1289 1288 1504 1363 deferantur.
1538 1291 1622 1389 Cap.

471 1406 623 1478 XVIIII.
640 1408 803 1479 XLVIII.
820 1405 985 1480 XCVIII.
1003 1404 1169 1478 CXXXI.
1187 1401 1347 1477 CCXXI.

398 1519 499 1605 Quod
523 1518 620 1593 solus
645 1523 826 1594 Romanus
851 1518 1018 1594 Pontilex
1034 1516 1168 1614 absque
1192 1515 1553 1613 comprovincialibus
1578 1519 1622 1591 Ε-

471 1632 622 1730 piscopis
639 1633 878 1731 quorumlibet
895 1658 1023 1709 causas
1041 1630 1165 1703 audiat
1177 1629 1269 1726 quod
1289 1629 1379 1703 nulli
1398 1628 1460 1702 alii
1477 1631 1620 1705 Pontifi-

469 1745 503 1820 ci
520 1744 614 1822 licet.
633 1747 717 1845 Cap.
734 1750 833 1823 XIII.
850 1749 942 1821 LVI.

405 1859 504 1947 Quod
529 1860 561 1934 ei
588 1860 695 1936 liccat
712 1860 861 1936 ubilibet
886 1858 1049 1934 sinodum
1077 1855 1254 1931 celebrare
1280 1865 1316 1930 et
1340 1856 1622 1933 consecrationes

472 1973 599 2050 facere.
617 1974 701 2072 Cap.
719 1975 876 2049 CLVIII.
894 1972 1127 2048 CCXXXIII.

399 2087 499 2174 Quod
512 2085 588 2161 sinc
604 2086 679 2160 ulla
693 2087 814 2161 sinodo
831 2086 946 2160 solvat
963 2109 1050 2184 qnos
1069 2083 1193 2181 iniqua
1206 2082 1352 2156 sinodus
1364 2083 1520 2157 damnat.
1534 2085 1619 2182 Cap.

399 2317 498 2403 Quod
512 2315 619 2391 etiam
633 2341 717 2390 cum
729 2316 802 2391 solo
815 2316 964 2391 concilio
981 2312 1194 2390 clericorum
1213 2334 1359 2385 suorum
1372 2310 1517 2385 damnet
1530 2334 1618 2409 quos

469 2439 635 2527 oporteat.
653 2430 738 2526 Cap.
755 2428 792 2502 in
811 2431 862 2503 ll⁰
880 2429 970 2503 libro
989 2428 1161 2501 XXXVI.
1178 2427 1386 2499 XXXVIII.

399 2542 498 2629 Quod
516 2544 648 2640 absque
666 2542 787 2617 sinodo
805 2543 1056 2641 Episcoporum
1074 2538 1300 2614 damnaverit
1314 2537 1514 2636 Episcopos.
1533 2538 1617 2635 Cap.

470 2656 562 2732 CIII.
581 2666 617 2730 et
634 2655 671 2728 in
690 2657 739 2730 ΙΙο
757 2655 817 2730 lib.
834 2659 1089 2731 LXXXVIIII.

399 2770 499 2856 Quod
523 2769 601 2844 sine
625 2769 734 2845 huius
758 2795 932 2846 consensu
958 2770 1060 2844 nulla
1085 2769 1229 2843 sinodus
1254 2767 1455 2866 quempiam
1474 2767 1619 2842 damnet

471 2882 695 2981 Episcopum.
714 2884 799 2982 Cap.
817 2884 1037 2959 CXXXIIII.
1599 2876 1601 2880 Α

399 2997 500 3084 Quod
515 2997 592 3073 haec
610 2997 683 3072 sola
702 2998 812 3087 sedes,
829 2999 906 3073 sine
921 2999 994 3073 ulla
1014 2999 1267 3096 Episcoporum
1286 2996 1407 3071 sinodo
1424 2996 1618 3093 quemlibet

476 3112 620 3186 damnet
637 3112 862 3210 Episcopum.
880 3114 964 3212 Cap.
983 3115 1202 3190 CXXXIIII.

398 3227 450 3301 De
469 3226 677 3301 maturitate
694 3228 881 3302 sententia
899 3228 1109 3326 Apostolicae
1128 3225 1238 3302 Sedis.
1256 3227 1339 3323 Cap.
1363 3226 1565 3300 CXXXIII.
1582 3235 1617 3300 et

469 3341 682 3415 CLXXVII.
701 3341 898 3415 CCXVIII.
915 3343 1094 3417 CCXXII.
1112 3342 1309 3416 CCXXIII.

398 3454 498 3541 Quod
524 3454 735 3553 Apostolicae
754 3455 855 3529 Sedis
881 3456 1054 3533 iudicium
1080 3454 1266 3530 retractari
1293 3477 1363 3528 uon
1388 3455 1507 3552 possit.
1533 3455 1617 3553 Cap.

471 3569 563 3643 CIII.
581 3579 618 3643 et
635 3568 672 3642 in
691 3567 780 3643 libro
797 3570 883 3643 ΙΙΙΙο
901 3570 1013 3644 XCV.

397 3683 496 3769 Quod
514 3682 650 3757 ratione
672 3682 839 3779 exigente
865 3683 941 3781 ipsa
968 3709 1074 3758 sunm
1101 3692 1295 3759 retractare
1321 3682 1507 3758 iudicium.
1532 3685 1616 3784 Cap.

472 3798 690 3869 LXXXVII.
709 3796 910 3871 CXXXIII.
928 3807 964 3873 ot
980 3797 1017 3870 in
1032 3797 1122 3872 libro
1139 3799 1207 3871 ΙΙΙ0
1226 3797 1337 3872 XCII.
1350 3797 1547 3872 CCXXIII.

315 3966 334 3985 ..
396 3911 496 4000 Quod
530 3912 741 3986 necessitate
774 3923 925 4008 cogente
958 3936 1070 3987 novas
1103 3908 1270 3983 instituat
1295 3909 1405 4006 leges.
1440 3909 1525 4008 Cap.
1559 3911 1615 3986 CI.

469 4027 685 4101 CXCVIIII.
703 4027 936 4101 CCXXXVI.

397 4140 496 4225 Quod
512 4139 647 4237 absque
665 4139 743 4214 eius
759 4140 971 4215 auctoritato
988 4139 1080 4214 nihil
1098 4141 1182 4215 nori
1201 4141 1367 4238 praesumi
1385 4141 1489 4216 debet
1506 4142 1543 4213 in
1562 4166 1616 4218 cc-

468 4251 588 4327 clesia.
606 4252 691 4350 Cap·
709 4255 861 4327 XVIIII.
880 4255 986 4329 CCII.
1003 4254 1237 4330 CCXXXVI.
1254 4255 1451 4331 CCXXIII.

323 4463 328 4467 ι
397 4364 497 4450 Quod
513 4388 623 4439 cansa
648 4365 816 4463 exigente
841 4376 1046 4443 sanctorum
1072 4379 1213 4467 patrum
1240 4379 1414 4468 temperet
1438 4369 1614 4445 instituta.

299 4468 319 4488 ”
470 4476 554 4584 Cap.
573 4478 629 4553 CI.
647 4479 722 4554 CV.
740 4480 935 4554 CLXXVI.
953 4480 990 4553 in
1007 4483 1093 4557 IIII⁰
1112 4481 1201 4557 libro
1217 4483 1365 4558 XClIlI.
1381 4483 1493 4561 XCV.
