3608 5498
806 404 1003 468 -268-

289 546 327 597 re
343 520 495 596 nimium
513 523 734 598 admiramur
751 548 818 599 cur
843 522 881 598 in
906 525 960 600 eis
984 524 1238 602 ecclesiastica
1262 549 1333 600 non
1358 528 1514 602 teneatis

288 637 453 733 regulam
471 636 680 736 disciplinae,
702 663 769 715 nec
786 661 846 714 eos
869 638 1040 713 dissolute
1065 647 1243 735 vagantes
1268 639 1306 712 in
1331 639 1446 714 deviis
1469 640 1515 716 ad
1589 699 1592 705 .

158 828 161 835 ,
288 773 449 826 normam
464 752 598 849 sumpti
611 751 717 828 officii
731 752 888 828 districti
901 750 1155 827 moderaminis
1165 749 1266 827 freno
1276 752 1515 850 restringatis.

292 864 436 941 Dicitur
453 864 561 940 etiam
578 865 670 964 quod
687 865 800 964 aliqui
818 891 862 942 ex
878 865 931 940 eis
955 865 998 941 de
1019 865 1294 941 contumacibus
1315 864 1457 942 clericis
1474 876 1516 942 ut

290 978 564 1055 defendicontra
578 1002 642 1055 vos
655 979 812 1070 valeant,
821 980 865 1055 ad
875 980 1007 1055 Vitalis
1022 979 1227 1057 Defensoris
1240 979 1352 1054 nostri
1367 981 1517 1079 patroci-

290 1093 352 1168 nia
362 1094 560 1170 convolare.
566 1095 729 1172 Undead
743 1120 826 1171 eum
840 1094 975 1193 scripta
984 1103 1104 1169 nostra
1114 1093 1324 1184 direximus
1336 1118 1382 1169 ne
1395 1118 1517 1193 quem·

288 1232 398 1306 quam
411 1208 627 1286 clericorum
636 1219 838 1286 vestrorum
852 1217 976 1285 contra
990 1231 1054 1284 vos
1066 1207 1211 1283 valeant
1224 1206 1517 1284 irrationabiliter

293 1322 409 1397 denuo
426 1323 556 1398 audeat
573 1324 767 1399 defensare.
786 1322 854 1398 Sed
872 1322 902 1397 si
920 1320 1034 1420 culpae
1052 1346 1157 1396 casus
1175 1321 1370 1412 emerserit,
1382 1332 1419 1398 et
1434 1346 1518 1420 gra-

291 1437 350 1510 vis
376 1458 446 1511 non
469 1445 535 1526 est,
552 1437 612 1512 sed
629 1460 709 1534 quae
725 1437 869 1512 veniam
894 1445 1074 1513 mereatur
1098 1437 1311 1512 intercessor
1335 1437 1429 1534 apud
1454 1460 1517 1512 vos

291 1551 410 1646 magis
424 1551 592 1627 accedere
606 1550 846 1650 debeatquam
861 1550 1033 1627 defensor.
1042 1554 1097 1627 Ne
1109 1551 1332 1647 ergotemad
1343 1573 1408 1626 nos
1420 1550 1518 1627 dein-

287 1666 422 1762 cepsde
435 1665 676 1741 subiectorum
686 1677 889 1742 vestrorum
899 1675 1105 1765 contemptu
1117 1666 1517 1764 quicquamperveniat,

288 1804 499 1880 praecavere.
518 1783 564 1854 Et
580 1779 686 1878 paulo
704 1792 790 1878 post.
807 1784 924 1868 Quam
937 1779 1182 1855 verecundum
1200 1779 1248 1853 sit
1262 1788 1302 1853 ut
1314 1779 1518 1854 fraternita-

255 1954 258 1961 .
286 1901 358 1969 tem
375 1903 532 1969 vestram
551 1893 739 1970 admonere
756 1894 953 1983 videamur,
973 1903 1154 1992 quatenus
1168 1892 1307 1969 clerum
1325 1918 1433 1967 suum
1450 1895 1518 1970 sub

287 2007 486 2106 disciplinae
505 2008 631 2105 vigore
650 2009 859 2105 restringat,
883 2008 987 2084 credo
1005 2006 1098 2106 quod
1116 2007 1237 2083 eadem
1256 2017 1377 2083 vestra
1393 2009 1519 2084 frater·

289 2121 385 2197 nitas
410 2122 520 2199 tacite
536 2132 573 2198 et
589 2122 666 2223 ipsa
683 2122 892 2200 considerat.

835 2288 958 2374 axvi,

387 2462 585 2559 Gregorius
601 2462 796 2539 Deusdedit
812 2461 974 2560 episcopo
986 2461 1253 2538 Mediolanensi.
1266 2461 1369 2536 Nulli
1382 2474 1438 2540 est
1453 2465 1517 2540 du·

293 2575 393 2650 bium
408 2576 492 2673 quia
506 2577 602 2652 sicut
614 2578 856 2653 sacerdotibus
870 2601 927 2652 res
940 2575 977 2648 in
990 2576 1194 2674 episcopatu
1207 2576 1403 2674 acquisitas
1416 2577 1517 2652 nulla

294 2699 350 2764 est
366 2690 547 2765 alienandi
564 2690 721 2781 licentia,
739 2693 790 2767 ita
807 2700 844 2768 et
868 2692 910 2767 de
928 2691 979 2766 eis
996 2715 1087 2788 quas
1104 2700 1187 2766 ante
1203 2690 1396 2768 habuerint
1420 2693 1518 2792 quic·

291 2826 398 2901 quam
418 2803 578 2879 iudicare
595 2803 776 2880 voluerint
792 2829 861 2879 non
881 2815 1060 2881 vetantur.

831 2981 971 3066 LXVII.

383 3156 581 3251 Gregorius
599 3155 784 3232 Dominico
802 3156 1055 3252 Cartagincnsi
1073 3157 1242 3257 episcopo.
1267 3156 1371 3237 Siout
1394 3168 1517 3234 nostra

291 3267 484 3367 privilegia
501 3269 737 3360 defendimus,
750 3269 801 3343 ita
826 3269 982 3366 singulis
1006 3270 1167 3346 ecclesiis
1192 3295 1258 3345 sua
1283 3271 1516 3348 defendimus

293 3385 327 3456 N
329 3406 369 3459 cc
387 3382 538 3459 cuilibet
551 3383 695 3459 favente
707 3384 827 3481 gratia
840 3383 936 3458 ultra
950 3408 1057 3483 quam
1070 3393 1227 3460 meretur
1240 3385 1435 3483 impertior,
1448 3410 1515 3462 nec

292 3494 360 3568 ulli
377 3498 469 3594 quod
487 3500 543 3571 sui
561 3498 651 3573 iuris
669 3509 724 3574 est
741 3499 927 3595 derogabo,
948 3497 1010 3573 sed
1033 3497 1164 3573 fratros
1189 3521 1285 3573 meos
1309 3522 1371 3597 per
1395 3500 1515 3573 omnia

289 3608 462 3685 bonorare
477 3611 590 3709 cupio.
605 3610 735 3710 Sicquc
749 3611 913 3707 singulos
926 3611 1057 3685 honore
1071 3611 1430 3703 subvehi‚dummodo
1442 3636 1513 3689 non

286 3725 334 3799 sit
351 3724 443 3822 quod
460 3724 565 3800 alteri
582 3725 660 3800 iure
677 3724 721 3799 ab
738 3722 850 3800 altero
867 3726 977 3823 possit
993 3725 1130 3823 opponi.

818 3900 977 3985 LXVIII.

384 4075 806 4173 Gregoriusdugustino
819 4073 980 4173 episcopo
992 4076 1205 4173 Anglorum.
1214 4079 1291 4151 Mos
1299 4085 1354 4152 cst
1366 4082 1512 4174 Aposto-

286 4188 368 4265 Iicae
387 4191 481 4265 sedis
498 4190 659 4265 ordinato
676 4190 847 4287 Episcopo
865 4198 1040 4288 praecepta
1056 4189 1207 4278 tradere,
1224 4198 1265 4263 ut
1281 4190 1324 4264 de
1340 4188 1436 4264 omni
1449 4191 1513 4263 sti-

287 4304 413 4402 pendio
430 4304 521 4402 quod
534 4304 683 4394 accedit,
696 4306 765 4379 IIII
783 4303 933 4378 debeant
949 4303 1026 4378 fieri
1044 4303 1230 4403 portiones.
1243 4308 1323 4380 Una
1341 4303 1511 4379 videlicet

287 4417 460 4518 Episcopo
477 4430 513 4495 ct
526 4413 673 4493 familiae
686 4419 763 4494 eius
776 4427 917 4518 propter
933 4418 1185 4516 ospitalitatem
1198 4427 1306 4516 atque
1318 4418 1511 4517 susceptio-

287 4556 381 4611 nem.
391 4531 473 4609 Alia
481 4533 595 4612 Olera.
608 4532 728 4609 Tertia
740 4531 966 4634 pauperibus.
975 4534 1113 4623 Quarta
1121 4530 1283 4608 ecclesiis
1293 4530 1510 4629 reparandis.
