3608 5498
782 359 1028 442 ‘-4vo·-'

289 500 341 573 sio
362 520 416 598 pp.
438 498 477 571 Si
491 520 705 596 quemquam
718 497 776 572 vel
790 498 828 571 in
845 523 888 574 ac
905 497 994 573 urbe
1011 497 1124 594 regia,
1144 498 1203 574 vel
1216 499 1254 572 in
1266 500 1409 575 ceteris
1435 524 1526 600 pro-

288 609 420 684 vinciis
437 633 516 706 qure
537 609 574 682 in
595 619 668 684 toto
684 608 766 684 orbe
783 608 920 684 diffusae
933 619 1030 697 sunt,
1042 610 1086 685 ad
1100 611 1334 709 Episcopatus
1351 612 1520 708 gradum

288 722 436 820 provehi
446 725 518 797 Deo
530 732 673 797 auctore
687 722 890 817 contigerit,
900 722 999 817 puris
1008 720 1193 796 bominum
1208 723 1400 813 mentibus,
1411 725 1521 799 nuda

288 834 470 911 electionis
487 834 665 910 sententia
682 835 820 910 sincero
836 832 996 909 omnium
1014 833 1145 909 iudicio
1161 835 1372 932 proferatur.
1391 839 1519 912 Nemo

287 949 441 1044 gradum
449 947 644 1033 ,sacerdotii
661 947 768 1049 pretii
788 945 982 1022 venalitate
1007 956 1195 1021 mercetur.
1212 950 1396 1034 Quantum
1413 944 1521 1046 quis·

198 1127 202 1138 .
288 1085 356 1159 que
381 1071 570 1147 mereatur,
596 1082 667 1134 non
694 1070 834 1134 tantum
853 1061 936 1134 dare
954 1060 1110 1135 sufficiat
1126 1061 1322 1137 estimetur.
1347 1062 1520 1141 Profecto

289 1173 387 1249 enim
404 1172 485 1271 quis
501 1173 602 1248 locus
615 1181 738 1263 tutus·
749 1183 785 1248 et
806 1197 886 1271 quae
911 1199 1019 1250 causa
1043 1174 1172 1271 poterit
1187 1200 1265 1251 essa
1281 1186 1466 1267 excusata,
1483 1179 1519 1254 si

289 1284 492 1361 veneranda
508 1286 573 1360 Dei
590 1285 724 1383 templa
740 1286 901 1385 pecuniis
918 1290 1201 1387 expugnentur?
1223 1290 1338 1374 Quem
1364 1314 1518 1365 murum

288 1398 503 1493 integritati,
519 1408 584 1472 ant
600 1397 738 1471 vallum
756 1399 838 1473 fidei
855 1400 1092 1496 providemus,
1112 1400 1143 1474 si
1164 1400 1245 1474 auri
1270 1426 1373 1478 sacra
1397 1402 1520 1479 fames

289 1510 521 1609 penetrabilia
538 1510 744 1585 veneranda
762 1512 962 1611 proserpit?
979 1509 1074 1597 Quid
1091 1511 1243 1609 denique
1260 1523 1408 1589 cautum
1434 1537 1520 1590 esse

288 1623 428 1722 poterit,
444 1634 508 1698 aut
524 1648 692 1699 securum
715 1625 746 1697 si
764 1624 899 1698 sanitas
916 1624 1124 1725 incorrupta
1141 1629 1419 1722 corrumpatur?
1432 1627 1523 1702 Ces·

191 1812 193 1816 ,
290 1747 345 1810 set
358 1735 544 1809 Altaribus
556 1735 746 1811 imminere
759 1737 928 1834 profanus
941 1736 1045 1811 ardor
1057 1737 1222 1825 avaritie,
1238 1763 1260 1810 a
1276 1738 1389 1812 sacris
1405 1738 1521 1814 aditis

288 1846 483 1944 repellatur
500 1848 679 1944 peculiare
701 1847 892 1943 flagitium.
917 1855 972 1925 Ita
998 1860 1120 1926 castus
1144 1861 1181 1925 et
1206 1849 1355 1925 humilis
1380 1853 1521 1927 nostris

241 1953 242 1957 ’
288 1959 506 2057 temporibus
523 1959 680 2054 eligatur
697 1960 903 2058 Episcopus,
925 1972 966 2037 ut
991 1962 1149 2037 locorum
1176 1986 1410 2060 quecumque
1436 1989 1521 2062 per·

290 2071 441 2159 venerit,
458 2072 577 2145 omnia
596 2073 680 2146 vitae
698 2073 845 2170 proprie
863 2073 1071 2171 integritate
1093 2075 1267 2174 purificet.
1283 2079 1364 2150 Non
1386 2079 1518 2173 pretio,

288 2186 348 2260 sed
368 2184 532 2282 precibus
549 2186 733 2260 ordinetur
751 2188 923 2261 Antistes.
940 2191 1095 2262 Tantum
1109 2188 1153 2261 ab
1169 2187 1305 2262 ambitu
1319 2186 1422 2262 debet
1435 2212 1519 2263 esse

289 2298 462 2395 sepositus
480 2309 521 2372 ut
538 2309 718 2396 quaeratur
736 2299 928 2393 cogendus,
943 2309 1091 2395 rogetus
1105 2300 1258 2386 recedat,
1271 2300 1449 2375 invitatus
1467 2301 1521 2375 ef-

291 2411 420 2507 fugiat.
438 2412 520 2486 Sola
538 2407 592 2484 illi
610 2411 830 2507 suffragetur
847 2412 1044 2487 necessitas
1060 2413 1275 2487 excusantis.
1293 2412 1457 2486 Profecto
1482 2437 1522 2488 e-

287 2525 364 2597 nim
382 2524 554 2618 indignus
567 2534 621 2599 est
634 2524 840 2615 sacerdotio,
853 2524 924 2598 nisi
938 2525 1050 2600 fuerit
1062 2526 1246 2600 ordinatus
1258 2523 1405 2598 invitus.
1419 2524 1521 2600 Cum

290 2660 375 2710 sane
392 2636 554 2733 quisquis
571 2635 665 2711 hanc
682 2622 854 2711 sanctam
870 2647 906 2712 et
932 2639 1172 2714 venerandam
1193 2636 1367 2712 antistitis
1391 2637 1520 2713 sedem

289 2749 438 2844 pecunie
455 2748 701 2821 interventum
718 2749 867 2838 subisse,
883 2761 947 2824 aut
963 2751 994 2824 is
1007 2751 1068 2848 qui
1082 2737 1441 2839 alterum'ordinaret,
1454 2750 1520 2826 vel

288 2858 439 2955 eligeret
455 2860 635 2957 accepisse
652 2860 844 2956 detegitur,
862 2862 907 2935 ad
925 2863 1040 2937 instar
1058 2862 1191 2961 publici
1209 2860 1371 2937 criminis
1387 2870 1425 2935 et
1438 2860 1520 2939 lese

289 2973 500 3067 magestatis
520 2973 747 3047 accusatione
765 2973 952 3071 proposita,
972 3001 995 3053 a
1012 2976 1129 3071 gradu
1147 2973 1338 3050 sacerdotis
1363 2973 1523 3051 detrahi

288 3087 364 3159 Nec
387 3083 451 3158 hos
468 3084 582 3159 solum
600 3086 767 3184 deinceps
784 3085 913 3163 bonore
930 3088 1076 3188 privari,
1093 3088 1154 3163 sed
1178 3096 1346 3186 perpetue
1371 3108 1521 3185 quoque

288 3196 446 3269 infamiae
463 3197 650 3294 dampnari
666 3198 904 3289 decernimus,
921 3209 963 3275 ut
978 3224 1065 3299 quos
1083 3201 1225 3275 facinus
1240 3197 1453 3298 coinquinat
1478 3209 1523 3276 at

289 3317 416 3406 aequat,
438 3319 605 3406 utrosque
626 3309 757 3384 similis
776 3334 877 3407 paena
897 3313 1096 3389 comitetur.
1109 3314 1200 3388 Data
1221 3314 1309 3387 VIII
1321 3311 1407 3386 Idus
1419 3312 1524 3387 Mar·

288 3421 332 3496 tii
349 3422 472 3496 Conss.
489 3425 628 3497 Zenone
646 3431 682 3498 et
698 3425 834 3498 Mauro.

798 3589 899 3673 GLII,
925 3587 1005 3685 (sic)

494 3741 543 3792 Ex
562 3739 693 3805 legibus
714 3740 819 3793 caroli
838 3743 872 3794 et
889 3739 1064 3796 Hludovici
1083 3743 1301 3809 rmperetorrs.

384 3875 555 3950 Pervenit
571 3874 616 3948 ad
638 3897 701 3949 nos
726 3875 818 3973 qnod
842 3877 1003 3972 quaedam
1027 3876 1196 3953 aecclesia
1217 3903 1261 3954 ac
1282 3881 1523 3975 monasteria,

292 3988 515 4065 decessorum
534 3999 734 4065 nostrorum
753 3990 988 4064 inmunitates
1012 3989 1190 4077 habentia,
1207 3989 1341 4065 multas
1364 3989 1524 4069 infesta·

292 4103 407 4177 tiones
424 4104 656 4200 patiantur,a
681 4101 905 4199 quibusdam,
930 4125 997 4177 nec
1020 4126 1084 4199 per
1107 4102 1248 4177 easdem
1274 4102 1522 4182 inmunitates

292 4214 404 4288 ullam
422 4216 636 4289 defensionis
653 4215 840 4288 tuitionem
857 4214 986 4289 habere
1005 4214 1157 4303 valeant,
1174 4224 1315 4312 propter
1330 4213 1397 4288 hoc
1415 4219 1519 4312 quod

290 4325 335 4399 ab
348 4326 609 4400 inmunitatum
629 4326 896 4401 temeratoribus
909 4325 1059 4412 dicatur,
1071 4349 1141 4398 non
1154 4325 1236 4421 plus
1249 4325 1520 4404 inmunitatum

291 4435 433 4511 nomine
448 4438 645 4538 complecti,
659 4463 765 4539 qnam
781 4437 938 4514 claustra
952 4436 1158 4514 monasterii
1171 4436 1230 4512 vel
1242 4436 1425 4515 aeoelesis.
1438 4438 1523 4519 Oae·
