3608 5498
803 419 844 436 ..
869 388 935 452 383
959 424 1001 438 ..

850 562 954 648 Lxx.

385 736 582 832 Gregorius
599 735 637 810 in
654 738 723 812 VII
741 735 831 811 libro
849 737 1048 813 moralium.
1065 739 1156 813 Iusti
1173 738 1263 814 iuris
1280 739 1405 814 nullus
1430 762 1524 815 oon-

289 857 346 922 tra
363 851 529 946 potestati
546 851 655 925 huius
671 850 861 926 veritatem
879 861 1043 950 parcunt,
1059 851 1119 925 sed
1136 874 1225 949 quos
1236 851 1352 926 attolli
1365 877 1429 951 per
1443 850 1522 926 ela·

289 962 421 1039 tionem
438 965 674 1063 conspiciunt,
689 990 752 1063 per
768 964 917 1062 spiritus
933 963 1184 1039 auctoritatem
1210 970 1388 1062 premunt.
1413 964 1519 1041 Hinc

288 1086 344 1152 est
360 1078 458 1154 enim
474 1081 566 1178 quod
583 1105 604 1153 a
621 1081 758 1155 deserto
774 1079 904 1153 Moises
921 1077 1069 1154 veniens
1087 1076 1210 1174 Egipti
1229 1101 1354 1174 regem
1380 1102 1424 1152 ex
1450 1103 1520 1152 au-

288 1193 453 1269 ctoritate
469 1195 684 1292 aggreditur
700 1193 832 1269 dicens.
850 1197 936 1268 Haec
953 1193 1041 1268 dicit
1058 1193 1232 1267 Dominus
1245 1196 1343 1269 Deus
1356 1193 1519 1268 Hebreo·

288 1330 380 1382 rum.
396 1311 588 1408 Usquequo
600 1333 670 1384 non
683 1308 740 1383 vis
753 1306 868 1384 subici
882 1305 1020 1382 michi?
1037 1305 1185 1380 Dimitte
1203 1305 1373 1403 populum
1388 1330 1516 1381 meum

288 1431 331 1496 ut
347 1424 525 1500 sacrificet
542 1423 642 1498 mihi.
660 1422 729 1499 Cui
746 1422 832 1498 dum
849 1420 968 1521 plagis
986 1445 1128 1518 pressus
1147 1419 1285 1496 Pharao
1301 1421 1448 1510 diceret,
1461 1419 1517 1496 ite

288 1534 489 1612 sacrificate
505 1538 579 1611 Deo
596 1546 715 1611 vestro
732 1536 770 1609 in
787 1545 884 1609 terra
901 1534 980 1623 hac,
998 1543 1105 1609 aucta
1122 1534 1285 1631 protinus
1297 1533 1517 1610 auctoritate

288 1649 477 1746 respoudit.
495 1654 574 1725 Non
592 1659 707 1748 potest
728 1650 779 1723 ita
797 1648 885 1724 fieri.
903 1647 1194 1721 Abominatioues
1218 1647 1315 1722 enim
1339 1648 1519 1744 Egyptio·

288 1785 369 1835 rum
385 1761 650 1838 immolabimus
666 1762 817 1838 Domino
834 1763 906 1837 Deo
923 1771 1052 1835 nostro.
1070 1761 1165 1836 Hinc
1181 1772 1237 1835 est
1253 1762 1346 1859 quod
1363 1785 1519 1859 peccan-

288 1884 360 1950 tem
375 1900 498 1971 regem
512 1877 658 1951 Nathan
670 1862 885 1973 aggreditur
897 1874 1029 1948 diceus.
1044 1873 1113 1950 Cui
1126 1874 1225 1973 prius
1236 1873 1516 1948 similitudinem

288 1999 487 2088 perpetrate
504 1989 808 2091 prevaricationis
825 1988 993 2077 obiciens,
1010 2011 1163 2085 eumque
1185 2011 1285 2062 reum
1304 1986 1433 2086 proprii
1457 1986 1518 2062 iu-

287 2103 372 2178 dicii
390 2128 477 2180 voce
494 2116 631 2194 tenens,
649 2104 811 2203 protinus
827 2101 993 2177 adiunxit
1009 2101 1140 2176 dicens.
1157 2105 1212 2177 Tu
1229 2126 1268 2175 es
1285 2101 1346 2176 illc
1363 2100 1422 2175 vir
1447 2102 1515 2199 qui

287 2215 405 2292 fecisti
422 2219 516 2294 hanc
534 2243 618 2294 rem.
635 2219 731 2294 Hinc
748 2226 802 2293 est
819 2215 911 2315 quod
927 2215 1029 2290 Acab
1045 2214 1220 2312 superbus
1230 2213 1420 2312 ydolorum
1438 2239 1518 2288 ser·

288 2328 376 2402 vitio
393 2330 575 2418 subactae,
592 2356 674 2406 cum
694 2331 877 2428 increpare
904 2327 1045 2402 Heliam
1071 2351 1284 2424 praesumere
1308 2326 1443 2415 diceus,
1468 2336 1515 2401 tu

287 2465 332 2514 ne
350 2466 387 2515 es
405 2442 465 2517 illc
484 2443 545 2541 qui
563 2444 754 2518 conturbas
770 2441 909 2518 Israel?
926 2439 1049 2515 Helias
1068 2440 1230 2537 protinus
1247 2438 1390 2536 superbi
1411 2440 1516 2534 regis

288 2554 481 2628 stultitiam
491 2555 750 2650 obiurgationis
759 2554 871 2629 libera
880 2553 1091 2627 auctoritate
1102 2553 1280 2650 percussit
1289 2552 1420 2627 dicens.
1428 2557 1515 2627 Non

286 2690 354 2761 ego
371 2668 526 2754 turbavi,
543 2668 604 2742 scd
621 2678 661 2742 tu
679 2678 714 2742 et
732 2669 858 2742 domus
876 2668 987 2764 patris
1004 2668 1069 2755 tui,
1082 2669 1144 2766 qui
1157 2667 1397 2765 dereliquistis
1411 2693 1516 2741 marr-

286 2782 369 2855 data
387 2782 529 2856 Domini
547 2794 583 2857 ct
599 2782 713 2857 secuti
728 2783 814 2857 estis
828 2782 1002 2857 Bahalim.
1017 2784 1111 2858 Hinc
1123 2793 1178 2857 est
1191 2782 1282 2880 quod
1299 2781 1436 2857 Eliseus
1450 2807 1514 2857 ve·

288 2920 364 2968 ram
385 2896 551 2992 magistri
565 2896 804 2972 celsitatidem
820 2921 982 2995 sequens,
995 2896 1158 2972 eumdem
1177 2894 1303 2969 Habab
1315 2896 1359 2969 ad
1372 2921 1409 2970 se
1425 2921 1515 2972 curn

287 3008 451 3105 Iosophat
464 3034 586 3105 regem
600 3010 805 3085 venientem
819 3011 1004 3107 aspiceret,
1017 3036 1060 3085 ex
1075 3021 1175 3085 reatu
1189 3010 1344 3108 perfidiae
1361 3013 1516 3085 confun-

286 3120 339 3194 dit
355 3122 487 3198 dicens.
505 3123 598 3210 Quid
617 3122 703 3196 mihi
721 3133 757 3198 et
774 3122 840 3198 tibi
857 3129 937 3199 est?
949 3125 1050 3199 Vade
1062 3123 1106 3197 ad
1119 3123 1308 3221 prophetas
1321 3122 1433 3220 patris
1449 3124 1509 3198 tui

285 3245 322 3309 et
339 3237 465 3311 matris
480 3247 561 3311 tuae.
579 3235 682 3311 Vivit
699 3236 873 3311 Dominus
891 3240 988 3311 Deus
1005 3236 1228 3313 exercituum
1246 3237 1285 3310 in
1302 3235 1408 3311 cuius
1426 3258 1513 3311 con-

286 3358 411 3445 spectu
428 3360 492 3439 sto,
509 3350 601 3448 quod
618 3350 647 3423 si
666 3373 737 3424 non
755 3351 898 3425 vultum
916 3348 1082 3448 Iosapbat
1099 3349 1197 3445 regis
1214 3347 1312 3424 Iudae
1325 3346 1514 3423 erubesce-

286 3486 373 3549 rem,
390 3486 457 3537 nec
481 3464 712 3538 attendissem
737 3474 773 3538 te
799 3464 953 3561 quidem,
979 3487 1046 3539 nco
1070 3463 1314 3560 respexissem.
1332 3461 1427 3536 Hinc
1452 3472 1513 3537 est

286 3576 378 3672 quod
396 3576 488 3649 idem
506 3577 563 3649 vir
579 3580 740 3651 Neeman
752 3576 797 3650 ad
811 3602 848 3650 se
861 3601 944 3652 cum
958 3576 1059 3673 equis
1072 3586 1108 3650 et
1120 3574 1286 3650 curribus
1303 3574 1512 3649 venientem

286 3698 370 3764 ante
387 3688 543 3763 hostium
560 3690 686 3763 domus
703 3689 781 3762 fixit
797 3699 834 3763 et
845 3688 1058 3764 talentorum
1072 3687 1174 3785 eopia
1186 3711 1229 3762 ac
1246 3687 1403 3763 vestium
1417 3684 1513 3761 fulto

286 3823 356 3874 non
373 3801 540 3888 occurrit,
557 3824 628 3875 uon
646 3801 790 3876 ianuam
809 3800 934 3875 domus
946 3800 1096 3898 aperuit,
1109 3800 1170 3875 sed
1183 3811 1224 3874 ut
1241 3801 1362 3877 lavare
1375 3801 1512 3898 septies

287 3914 325 3986 in
350 3913 497 3988 Iordane
522 3915 703 3989 debuisset
727 3939 787 4014 per
811 3913 979 3988 nuntium
1008 3911 1201 3986 mandavit.
1225 3914 1327 3988 Unde
1351 3923 1387 3988 et
1411 3912 1510 3988 idem

286 4029 446 4101 Neeman
464 4026 579 4103 iratus
596 4027 782 4102 recedebat
799 4026 931 4102 dicens.
957 4024 1130 4099 Putabam
1156 4025 1249 4122 quod
1273 4025 1511 4120 egrederetur

285 4136 331 4211 ad
348 4162 414 4212 me.
428 4139 523 4213 Hinc
539 4148 595 4214 est
612 4139 704 4237 quod
722 4143 850 4215 Petrus
867 4164 950 4214 cum
968 4163 1050 4213 eum
1065 4136 1265 4213 sacerdotes
1278 4148 1314 4212 et
1328 4137 1511 4238 principes

287 4250 396 4324 etiam
412 4274 474 4349 per
490 4251 636 4348 flagella
653 4253 843 4341 sevientes,
861 4253 897 4325 iu
924 4252 1031 4326 lbcsu
1056 4251 1199 4327 nomine
1224 4250 1321 4350 loqui
1346 4251 1512 4351 prohibe-

286 4370 377 4447 rent,
393 4385 476 4436 cum
495 4387 628 4459 magna
645 4366 809 4462 protinus
825 4365 1038 4440 auctoritate
1056 4364 1236 4462 respondit
1251 4365 1383 4439 dicens.
1396 4365 1433 4437 si
1453 4364 1511 4441 iu·

285 4484 382 4546 stum
399 4485 453 4547 est
470 4475 508 4547 in
525 4487 717 4576 conspectu
737 4477 799 4551 Dei
818 4501 881 4550 vos
899 4477 1015 4579 potius
1031 4477 1155 4552 audire
1171 4502 1279 4575 quam
1305 4479 1431 4564 Deum,
1453 4477 1512 4552 iu·
