3608 5498
791 423 831 440 ·-
856 390 922 456 266
947 424 988 440 -

278 508 365 608 quid
382 511 493 586 fuerit
509 509 647 586 fraudis
664 510 866 599 inventum,
882 535 966 587 cum
986 535 1087 609 poena
1104 511 1247 609 legibus
1264 522 1400 591 statuta
1418 518 1495 592 red·

277 627 360 701 dere
385 625 656 723 compellantur.
673 628 726 704 De
750 636 878 703 caetero
895 648 980 700 vcro
996 625 1198 701 cavendum
1222 651 1243 700 a
1268 628 1494 707 fraternitate

277 749 399 816 vestra
425 750 490 830 cst,
507 765 552 817 ne
574 739 807 816 saecularibus
823 740 915 814 viris
931 747 1038 837 atque
1055 761 1126 813 non
1143 739 1211 815 sub
1228 741 1356 837 regula
1373 752 1495 819 vestra

276 854 490 953 degentibus
507 854 702 931 cuiuslibet
719 880 776 931 res
794 853 965 932 aecclesiae
982 853 1247 944 commitantnr,
1261 855 1321 930 sed
1339 856 1495 953 probatis

276 970 319 1044 de
345 980 466 1045 vestro
489 969 607 1045 officio
631 968 783 1046 clericis.
803 973 846 1044 In
871 969 1002 1068 quibus
1027 969 1057 1042 si
1082 969 1168 1068 quid
1193 970 1341 1067 reperiri
1365 973 1495 1070 poterit

277 1082 478 1182 pravitatis,
495 1091 537 1157 ut
561 1082 601 1157 in
617 1082 769 1157 subditis
786 1083 974 1158 emendare
991 1083 1083 1180 qnod
1099 1091 1245 1180 gestum
1263 1094 1317 1161 est
1331 1085 1495 1169 valeatis.

830 1247 938 1332 LXII.

373 1422 573 1518 Gregorius
589 1422 709 1514 Leoni,
727 1421 940 1513 Secundino,
956 1421 1116 1514 Iohanni,
1129 1424 1239 1514 Dono,
1251 1425 1395 1515 lucido,
1408 1428 1494 1500 Tra·

276 1538 358 1611 iano
375 1537 560 1635 Episcopis
577 1537 722 1612 Siciliae.
739 1536 842 1612 Sicut
866 1559 930 1610 nos
952 1536 1052 1612 nobis
1074 1536 1232 1613 invicem
1255 1537 1492 1637 spiritualiter

280 1675 342 1750 per
360 1650 569 1748 Apostolum
597 1675 792 1740 monemur,
809 1650 993 1749 impertire
1014 1651 1213 1726 orationum
1240 1653 1425 1751 suffragia,
1442 1655 1493 1728 ita

280 1765 318 1840 in
335 1763 394 1838 his
410 1789 490 1863 qnae
509 1765 724 1840 necessitate
748 1763 903 1838 iniuncti
930 1763 1120 1859 regiminis
1143 1788 1205 1865 pro
1230 1766 1492 1864 dispensatione

277 1905 399 1956 rerum
416 1901 614 1976 pauperum
627 1881 700 1954 Deo
717 1900 780 1975 per
797 1900 860 1953 nos
877 1877 1013 1952 fuerint
1028 1887 1175 1954 anctore
1191 1879 1495 1978 disposita,sacer·

276 1992 407 2069 dotalia
424 1992 577 2089 dignum
594 2001 649 2068 est
666 2014 736 2065 non
754 1991 873 2067 deesse
886 1990 1029 2067 solacia
1038 1993 1104 2067 lat
1089 2001 1200 2069 torem
1215 1994 1389 2093 siquidem
1407 2021 1495 2094 pree

275 2106 433 2182 sentium
454 2106 650 2180 Adriannm
676 2106 921 2182 Cartularium
939 2115 1018 2181 nost
1020 2131 1100 2181 rum
1125 2108 1169 2182 ad
1195 2110 1396 2204 regendum
1423 2135 1489 2186 aec·

275 2219 395 2296 clasiae
412 2229 492 2295 nost
495 2246 542 2294 rae
560 2220 813 2317 patrimonium
827 2219 1127 2294 Siracusanarum
1150 2220 1319 2298 videlieet
1303 2231 1415 2320 tptar
1416 2222 1493 2297 inm

282 2313 1234 2432 dirigenttfraesternita1vestraenecessar1odux1mus
1247 2335 1495 2410 commendau-

278 2451 376 2539 dum,
394 2460 435 2523 ut
457 2449 494 2523 in
512 2472 582 2547 quo
599 2475 688 2524 usus
705 2450 867 2547 exegerit
883 2455 963 2522 vest
966 2471 1005 2519 ra
949 2445 1158 2521 tsolacia
1183 2447 1384 2524 conferatis.
1400 2451 1495 2537 Qua-

205 2563 375 2638 tinus
399 2562 547 2637 dumt
511 2572 547 2637 et
571 2564 616 2638 ad
640 2564 822 2660 agendum
839 2585 902 2662 per
921 2582 983 2634 vos
1000 2558 1243 2658 corporalibus
1266 2569 1302 2635 e
1286 2561 1363 2637 tad
1379 2560 1494 2636 facili-

275 2687 385 2752 tatem
416 2675 579 2777 explendi
608 2702 688 2776 quae
714 2678 870 2778 repperit
895 2673 1121 2772 spiritalibus
1150 2699 1209 2750 ora
1213 2675 1352 2749 tionum
1382 2676 1493 2767 fuerit

275 2790 391 2866 fultus
408 2790 565 2879 auxiliis,
583 2815 745 2890 prospere
764 2817 805 2866 ea
823 2816 901 2891 qnae
918 2793 952 2868 ei
969 2817 990 2865 a
1008 2791 1135 2866 nobis
1125 2791 1267 2867 iniunct
1268 2816 1289 2864 a
1307 2802 1403 2883 sunt,
1419 2795 1494 2868 Deo

278 2928 417 3004 quoque
443 2915 650 3004 cooperante
675 2904 796 2980 valeat
820 2906 1000 3004 perficere.
1027 2905 1268 3002 Vosmetipsos
1292 2916 1415 2980 autem
1441 2905 1493 2979 ita

274 3029 358 3094 ante
376 3027 608 3119 conspectum
625 3019 878 3116 omnipotentis
899 3019 1041 3094 Domini
1068 3019 1105 3093 iu
1123 3018 1224 3093 bonis
1248 3019 1413 3121 operibus
1437 3019 1495 3095 de·

273 3130 367 3207 betis
391 3131 630 3223 exhiberent
655 3131 812 3209 inveniri
831 3132 869 3205 in
901 3142 1023 3208 vestra
1051 3133 1190 3209 actione
1220 3143 1384 3232 nequeat,
1400 3134 1492 3232 quod

274 3245 334 3321 vel
352 3246 424 3320 Deo
441 3245 561 3322 iudice
579 3245 731 3344 percuti,
750 3246 809 3321 rel
827 3245 985 3345 quolibet
1002 3246 1145 3322 homine
1161 3246 1355 3322 insidiante
1371 3247 1493 3322 valeat

274 3359 550 3435 aecusari.Nam
565 3360 680 3436 eidem
693 3361 839 3459 praefato
856 3361 1051 3438 cartulario
1067 3371 1186 3437 nostro
1203 3361 1438 3451 iniunximus,
1450 3371 1492 3437 ut

273 3474 305 3548 si
320 3473 447 3572 quade
464 3474 766 3551 reverentissimis
779 3474 950 3550 fratribus
963 3475 1095 3550 nostris
1107 3475 1279 3577 episeopis
1292 3476 1491 3551 inordinate

273 3600 394 3664 actum
423 3589 644 3686 cognoverit,
661 3589 761 3687 prius
777 3589 920 3688 quidem
939 3598 1075 3665 secreta
1088 3614 1132 3664 ac
1150 3590 1306 3665 modesta
1330 3588 1493 3664 adhorta-

274 3702 369 3777 tione
388 3702 462 3800 ipse
480 3701 658 3802 corripiat.
671 3706 759 3791 Quae
776 3704 807 3778 si
824 3702 1013 3780 emendata
1030 3725 1099 3775 non
1119 3702 1265 3792 fuerint,
1282 3701 1383 3777 nobis
1400 3701 1491 3778 cele·

279 3816 366 3891 riter
383 3816 593 3892 innotescat.

820 3960 944 4045 LXIII.

370 4161 569 4259 Gregorius
585 4164 743 4238 Romano
763 4162 959 4252 Defensori,
976 4161 1130 4238 Fantino
1154 4162 1342 4253 defensori,
1359 4162 1490 4238 Sabino

273 4275 498 4366 subdiacono,
517 4277 674 4352 Adriano
691 4277 838 4367 notario,
856 4276 1021 4373 Eugenio
1046 4279 1195 4366 notario,
1212 4277 1324 4354 Felici
1350 4277 1491 4352 subdia-

272 4412 371 4480 cono,
396 4391 522 4487 Sergio
551 4392 737 4482 defensori,
754 4391 932 4466 Bonifatio
961 4391 1138 4466 defensori
1167 4419 1189 4466 a
1218 4391 1373 4490 paribus.
1390 4394 1489 4467 Inter

273 4510 414 4581 caetera.
427 4504 467 4579 si
481 4504 562 4607 quis
571 4505 837 4608 Episcoporum,
853 4528 942 4607 quos
957 4506 1138 4585 commissi
1152 4505 1216 4582 tibi
1230 4504 1433 4606 patrimonii
1451 4507 1490 4582 fi-
