3608 5498
812 410 1009 472 -431-
1109 371 1112 375 ⁹

302 533 428 605 Nonne
445 531 514 604 duo
532 554 691 628 passeres
715 555 795 606 asse
819 540 978 605 veneunt
1002 543 1038 607 et
1063 540 1189 608 neuter
1215 554 1336 606 eornm
1362 531 1458 606 cadit
1482 531 1520 604 in

302 654 435 718 terram
453 644 530 719 siue
548 644 661 741 patris
679 644 891 719 voluntate?
909 647 998 720 Cum
1020 644 1080 720 ille
1097 669 1162 720 nec
1180 644 1328 717 minima
1347 643 1424 718 fieri
1442 643 1520 718 siue

236 795 240 799 ·
302 757 365 831 Dei
384 757 569 832 voluntate
595 757 702 847 dicat,
720 758 902 833 existimat
926 758 1057 856 aliquis
1075 785 1216 833 summa
1237 768 1273 833 et
1299 782 1431 853 magna
1456 765 1520 830 aut

300 871 481 948 nesciente
498 883 649 947 autnon
666 872 894 971 permittente
912 874 984 948 Deo
1001 873 1039 946 in
1056 873 1209 949 ecclesia
1227 872 1398 960 Deifieri,
1412 881 1449 947 et
1466 897 1521 945 sa·

300 986 459 1061 cerdotes
483 986 574 1061 idest
591 986 655 1061 Dei
681 987 941 1086 dispensatores
965 997 1072 1061 erunt
1097 1009 1166 1061 non
1185 987 1323 1062 deeius
1341 985 1519 1061 sententia

299 1098 480 1175 ordinati?
495 1098 563 1177 hoc
579 1113 634 1175 est
651 1101 754 1176 tidem
772 1124 842 1175 non
859 1099 989 1176 habere
1006 1125 1077 1200 qua
1094 1102 1264 1191 vivimus,
1281 1100 1348 1176 boc
1372 1110 1427 1175 est
1445 1102 1517 1175 Deo

299 1211 466 1287 honorem
490 1238 561 1289 non
586 1215 681 1290 dare.
698 1214 766 1290 Sed
791 1214 876 1312 quia
901 1224 1000 1288 extra
1026 1213 1212 1290 ecclesiam
1239 1224 1336 1304 sunt,
1352 1213 1412 1288 sed
1440 1237 1520 1311 qum

298 1337 424 1402 contra
440 1327 704 1425 dispositionem
723 1338 760 1402 et
777 1327 1002 1402 traditionem
1019 1326 1200 1423 evangelii
1220 1328 1322 1415 finnt,
1335 1327 1430 1401 sicut
1447 1326 1521 1423 ipso

299 1441 473 1515 Dominus
490 1441 528 1514 in
546 1444 616 1515 XII
635 1439 816 1539 prophetis
838 1440 937 1538 ponit
960 1452 996 1515 et
1020 1440 1117 1515 dicit.
1136 1439 1287 1515 Sibimet
1312 1439 1379 1537 ipsi
1398 1462 1520 1536 regem

300 1553 565 1628 constituerunt
577 1565 614 1629 et
626 1576 696 1627 non
711 1577 773 1651 per
792 1578 857 1629 me.
873 1556 921 1627 Et
938 1553 1081 1626 iterum.
1096 1551 1282 1626 sacrificia
1299 1574 1418 1626 eornm
1433 1561 1522 1625 tam·

299 1690 406 1764 quam
425 1667 527 1765 panis
552 1665 684 1754 luctus,
701 1691 823 1742 omnes
850 1667 912 1765 qui
930 1666 1152 1741 manducant
1169 1690 1210 1740 ea
1227 1665 1518 1740 contaminabun-

298 1789 368 1853 tur.
387 1782 434 1855 Et
458 1805 520 1880 per
537 1780 681 1854 Esaiam
707 1804 846 1878 quoque
865 1779 1021 1876 Spiritus
1040 1782 1197 1855 Sanctus
1221 1777 1354 1853 clamat
1371 1788 1407 1852 et
1423 1777 1520 1851 dicit.

300 1897 354 1969 Ve
373 1895 472 1970 vobis
488 1894 553 1967 filii
572 1895 779 1982 desertores,
797 1895 873 1970 haec
898 1892 986 1967 dicit
1003 1892 1189 1979 Dominus,
1205 1890 1383 1965 habuistis
1408 1889 1521 1965 consi·

298 2005 387 2080 lium
406 2029 475 2080 non
493 2032 555 2106 per
573 2033 641 2094 me,
657 2019 693 2082 et
718 2007 856 2082 fecistis
872 2007 1143 2082 conventionem
1171 2030 1240 2081 non
1266 2031 1328 2104 per
1346 2005 1519 2104 Spiritum

300 2145 430 2207 meum,
446 2121 588 2195 adicere
613 2132 759 2217 peccata
784 2145 892 2218 super
916 2131 1073 2219 peccata,
1098 2131 1134 2195 et
1159 2120 1263 2193 infra.
1280 2122 1424 2195 Movere
1449 2141 1519 2192 non

298 2232 412 2321 debet,
429 2232 540 2307 frater
557 2232 759 2320 karissime,
776 2233 806 2306 si
825 2233 967 2330 quidam
986 2233 1024 2307 in
1042 2233 1212 2309 extremis
1228 2232 1447 2331 temporibus
1463 2259 1521 2307 su·

297 2342 394 2441 perbi
408 2354 444 2419 et
461 2354 702 2433 contumaces,
715 2355 752 2421 et
769 2346 992 2421 sacerdotum
1007 2347 1073 2422 Dei
1090 2346 1297 2435 hostes‚aut
1313 2346 1520 2422 deecclesia

297 2457 470 2532 recedunt
490 2467 554 2531 aut
579 2467 703 2533 contra
720 2457 918 2533 aecclesiam
946 2459 1097 2546 faciunt,
1115 2460 1282 2557 quoniam
1309 2459 1398 2535 tales
1422 2484 1520 2535 nunc

296 2572 436 2645 futuros
460 2581 497 2646 et
521 2571 695 2645 Dominus
719 2581 757 2647 et
784 2571 940 2670 Apostoli
965 2572 1044 2646 eius
1073 2584 1156 2647 ante
1182 2573 1418 2671 praedixerint.
1442 2576 1519 2648 Nec

296 2682 523 2782 praepositum
548 2683 609 2758 sed
634 2708 717 2758 cnm
743 2685 875 2761 deserit
908 2711 929 2759 a
964 2687 1174 2784 quibusdam
1201 2687 1353 2762 miretur
1377 2687 1520 2786 aliquis,

295 2794 461 2891 quoniam
486 2795 603 2893 ipsum
630 2797 822 2871 Dominum
850 2798 1033 2894 magnalia
1063 2812 1099 2875 et
1128 2799 1353 2874 admirabilia
1378 2824 1518 2873 summa

294 2907 495 2996 facientem,
509 2917 544 2982 et
556 2901 711 2983 virtutes
728 2911 792 2983 Dei
813 2911 930 2985 Patris
951 2912 1127 2989 factorum
1147 2937 1292 2988 suorum
1316 2913 1518 2987 testimonio

293 3020 576 3117 comprobantem
593 3020 760 3119 discipuli
778 3023 835 3095 sui
853 3025 1053 3121 requirunt,
1077 3036 1113 3101 et
1138 3035 1258 3101 tamen
1281 3025 1342 3100 ille
1361 3041 1438 3100 'non
1465 3026 1519 3099 in·

293 3133 433 3231 crepuit
457 3134 672 3222 recedentes,
703 3147 768 3210 aut
800 3135 962 3230 graviter
994 3139 1196 3212 cominatus
1220 3150 1284 3227 est,
1309 3139 1370 3213 scd
1397 3139 1517 3233 magis

292 3270 486 3322 conversus
503 3248 547 3322 ud
565 3248 751 3345 Apostolos
771 3248 871 3324 dixit.
888 3252 1073 3349 Numquid
1086 3262 1122 3326 et
1143 3275 1201 3327 vos
1217 3252 1331 3327 uultis
1348 3252 1425 3327 ire?
1438 3254 1518 3327 Ser·

291 3384 382 3433 vans
399 3360 537 3437 scilicet
554 3360 684 3457 legem,
701 3385 772 3457 qua
789 3359 892 3435 bomo
911 3361 1067 3437 libertati
1084 3390 1159 3438 suae
1177 3364 1337 3454 relictus,
1354 3376 1390 3439 et
1406 3363 1445 3436 in
1462 3389 1517 3437 ar·

291 3470 396 3545 bitrio
414 3472 552 3571 proprio
568 3474 798 3561 constitutus,
814 3473 845 3546 si
872 3484 944 3549 met
970 3474 1056 3573 ipse,
1081 3474 1141 3551 vel
1167 3486 1278 3551 morte
1299 3477 1434 3574 appetit
1457 3476 1516 3551 vel

290 3584 455 3659 salutem.
472 3589 601 3660 Petrus
618 3596 739 3660 tamen
755 3585 1027 3683 superedificata
1049 3589 1095 3664 ab
1120 3588 1241 3663 eodem
1267 3589 1416 3664 Domino
1443 3589 1517 3664 sue·

291 3708 347 3772 rat
363 3697 537 3786 aecolesia,
554 3724 649 3772 unns
666 3721 728 3796 pro
744 3697 908 3773 omnibus
926 3698 1083 3798 loquens,
1104 3712 1141 3778 et
1165 3702 1336 3778 aecclesiae
1353 3725 1439 3777 voce
1465 3726 1518 3776 re·

292 3810 465 3908 spondens
481 3810 543 3900 ait,
561 3811 711 3886 Domine
726 3811 771 3884 ad
789 3835 893 3909 quem
912 3812 1035 3891 imus?
1052 3815 1162 3891 verba
1187 3815 1272 3890 vitae
1289 3824 1431 3890 aeternae
1455 3815 1517 3888 ha·

290 3923 1517 4025 bes,etcetera.SignificansscilicetetostendenseosquiaChristo

291 4036 615 4134 recesserintculpa
624 4062 690 4110 sua
700 4037 828 4134 perire,
840 4039 1039 4114 ecclesiam
1053 4051 1173 4117 tamen
1183 4066 1262 4139 quoe
1276 4041 1315 4114 in
1328 4041 1514 4116 Christum

291 4148 423 4234 credat,
440 4157 476 4222 et
493 4172 572 4244 quae
589 4149 699 4223 semel
716 4148 752 4222 id
769 4148 861 4246 quod
879 4155 1088 4248 cognoverit
1112 4164 1244 4242 teneat,
1266 4178 1462 4251 numquam
1482 4178 1516 4228 ο·

290 4260 411 4334 mnino
427 4260 472 4334 ab
489 4285 530 4334 ea
547 4260 738 4348 discedere,
754 4273 790 4336 et
806 4282 865 4335 eos
883 4285 960 4336 esse
977 4261 1187 4350 aecclesiam,
1200 4262 1262 4360 qui
1279 4262 1317 4335 in
1335 4264 1436 4337 domo
1449 4263 1513 4338 Dei

289 4384 548 4470 permanerent.
558 4374 819 4449 Plantationem
833 4395 917 4448 vero
930 4374 1127 4471 plantatam
1142 4399 1163 4447 a
1178 4378 1251 4451 Deo
1266 4378 1370 4450 Patre
1380 4399 1449 4451 nou
1463 4400 1516 4450 es-

288 4511 337 4575 se,
354 4510 440 4584 quos
466 4487 629 4562 videmus
653 4510 723 4562 non
750 4485 922 4561 frumenti
948 4487 1144 4562 stabilitate
1167 4486 1324 4578 solidari,
1347 4487 1407 4563 sed
1425 4497 1514 4563 tam·
