3608 5498
805 393 1002 457 -aol-

833 566 976 650 XXXV.

389 739 564 814 Silvester
582 742 678 838 Papa
696 738 733 812 in
751 739 903 815 concilio
916 740 1152 816 CCLXXVII
1165 739 1430 838 Episcoporum.
1446 741 1513 813 Ne·

291 877 348 927 mo
369 851 542 928 iudicabit
558 851 710 951 primam
728 853 858 943 sedem,
883 854 1052 952 quoniam
1078 877 1201 928 omnes
1228 853 1328 929 sedes
1352 878 1375 926 a
1399 852 1514 951 prima

293 967 375 1043 sedo
392 966 532 1043 iustitia
549 966 753 1042 desiderant
778 968 977 1065 temperari.
994 970 1107 1042 Nemo
1132 966 1178 1040 ab
1195 972 1374 1064 Augusto,
1398 990 1513 1064 neque

290 1081 335 1155 ab
351 1081 447 1155 omni
464 1080 558 1156 clero
576 1105 729 1178 nequeo
755 1081 881 1182 populo
906 1081 1014 1158 iudex
1038 1080 1267 1157 iudicabitur.
1289 1085 1337 1157 Et
1362 1080 1514 1156 subscri·

292 1203 441 1291 pserunt
464 1217 588 1269 omnes
613 1192 777 1291 Episcopi
801 1203 837 1269 et
853 1197 952 1270 XLV
970 1193 1178 1292 Presbyteri
1203 1205 1241 1271 et
1268 1192 1417 1270 Diaconi
1443 1195 1514 1267 VII

292 1317 330 1383 et
349 1312 542 1405 Augustus
560 1306 822 1384 Constantinus
838 1317 875 1384 et
892 1318 1007 1383 mater
1022 1306 1145 1383 Elena.

814 1473 978 1558 XXXVI.

590 1629 640 1679 Ex
659 1626 792 1680 decreto
812 1602 988 1681 Innocentll
1007 1638 1080 1692 cap.
1099 1627 1217 1681 xxm.

388 1761 586 1851 Quaesitum
605 1772 659 1837 est
675 1761 784 1838 ctiam
802 1786 908 1861 super
925 1760 982 1837 his
999 1763 1061 1862 qui
1079 1773 1157 1864 post
1173 1763 1390 1862 baptismum
1404 1760 1515 1836 admi·

295 1877 554 1965 nistraverunt‚
571 1885 688 1952 etant
704 1885 882 1951 tormenta
899 1876 974 1952 sola
991 1890 1242 1967 exercuerunt,
1254 1877 1439 1953 autetiam
1456 1901 1514 1951 ca·

153 1978 182 2011 Χ
289 1989 399 2091 pitale
421 1989 599 2089 protulere
612 1989 839 2066 sententiam.
852 1991 904 2066 De
916 1991 973 2067 bis
986 1991 1100 2068 nichil
1114 1990 1514 2088 legimusamaioribus

290 2104 499 2179 diffinitum.
516 2104 756 2180 Meminerant
772 2104 868 2178 enim
891 2107 1003 2180 aDeo
1028 2103 1274 2204 potestas'bas
1299 2104 1409 2179 fuisse
1434 2128 1516 2181 con·

291 2244 421 2307 cessas,
438 2227 475 2294 et
499 2228 641 2317 propter
666 2216 864 2292 vindictam
891 2217 1088 2308 noxiorum,
1109 2217 1274 2315 gladium
1302 2218 1414 2294 fuisse
1438 2243 1515 2319 per·

291 2332 452 2420 missurn,
470 2341 506 2406 et
527 2331 592 2406 Dei
618 2331 825 2406 ministrum
850 2356 928 2407 esse
954 2333 1078 2408 datum
1104 2331 1141 2405 in
1168 2331 1370 2406 huiusmodi
1397 2332 1514 2406 uindi-

290 2456 396 2522 ctam.
414 2445 592 2533 Quomodo
609 2444 725 2540 igitur
744 2443 1042 2543 reprehenderent
1059 2445 1196 2521 factum
1215 2454 1360 2520 auctore
1374 2447 1447 2519 Deo
1461 2444 1513 2516 vi·

290 2560 415 2634 derent
432 2583 508 2634 esse
525 2562 763 2635 concessum?
781 2561 833 2633 De
849 2557 906 2633 his
922 2583 1009 2656 ergo
1026 2559 1077 2633 ita
1094 2568 1136 2633 ut
1152 2569 1304 2635 actenus
1326 2567 1511 2634 servatum

291 2683 356 2763 est,
380 2673 433 2748 sic
452 2671 636 2760 habemus,
652 2697 698 2748 ne
715 2681 779 2763 aut
795 2671 1021 2770 disciplinam
1040 2682 1213 2761 evertere,
1229 2680 1294 2745 ant
1311 2681 1434 2747 contra
1451 2696 1513 2744 au-

291 2787 491 2862 ctoritatem
518 2785 659 2859 Domini
685 2786 809 2862 venire
834 2786 1033 2862 videamur.
1050 2786 1142 2883 Ipsis
1166 2794 1286 2860 autem
1313 2784 1351 2857 in
1377 2783 1513 2858 ratione

292 2897 467 2974 reddenda
479 2908 582 2994 gesta
595 2924 660 2972 sua
673 2899 794 2973 omnia
815 2898 1068 2975 servabuntur.
1083 2899 1181 2974 Idem
1195 2923 1271 2997 cap.
1284 2900 1402 2971 XXV.
1418 2896 1513 2971 Illud

290 3010 399 3086 ctiam
416 3010 593 3085 sciscitari
611 3010 769 3100 voluisti,
785 3037 833 3085 an
850 3035 974 3109 preces
987 3012 1209 3088 dictantibus
1223 3011 1376 3087 liberum
1390 3033 1513 3086 conce

294 3126 399 3200 datur
417 3124 541 3223 utique
559 3135 636 3222 post
659 3124 875 3224 baptismum
901 3152 924 3200 a
947 3125 1169 3224 principibus
1194 3149 1337 3223 poscere
1362 3134 1511 3199 mortem

290 3238 524 3330 alicuius‚vel
534 3239 712 3335 sanguine
726 3240 768 3314 de
782 3243 1018 3327 reatuQuam
1035 3265 1109 3314 rem
1124 3239 1302 3341 principes
1314 3263 1511 3336 numquam

292 3351 369 3426 sine
387 3351 592 3448 cognitione
610 3352 820 3441 concedunt,
838 3352 899 3427 sed
916 3353 959 3426 ad
981 3352 1119 3429 iudices
1135 3353 1286 3430 crimina
1304 3377 1443 3451 semper
1460 3376 1512 3428 re·

294 3465 456 3555 mittunt,
474 3475 515 3540 ut
530 3490 640 3541 causa
656 3466 804 3561 cognita
820 3466 1026 3544 iudicentur
1042 3491 1121 3566 quae
1138 3491 1222 3543 cum
1240 3466 1420 3566 quaesitori
1438 3466 1514 3541 fue·

291 3579 365 3652 rint
381 3578 557 3675 delegata,
574 3577 632 3654 vol
650 3578 836 3669 absolutio,
852 3580 912 3656 vel
930 3581 1145 3680 dampnatio,
1158 3604 1220 3682 pro
1242 3579 1378 3676 negotii
1400 3578 1514 3678 quoli-

289 3701 362 3767 tate
376 3692 564 3790 profertur,
578 3701 614 3766 ot
626 3691 711 3765 dum
726 3691 848 3789 legum
864 3693 901 3767 in
915 3693 1090 3792 improbos
1103 3703 1291 3771 exercetur
1304 3693 1511 3784 auctoritas,

289 3805 359 3880 erit
375 3805 527 3895 dictator
543 3803 725 3880 immunis.

725 4026 729 4032 ³
814 3930 992 4015 XXXVII.

646 4107 696 4159 Ex
715 4104 847 4160 decreto
866 4108 968 4172 Papae
987 4106 1150 4160 celestini.

384 4260 572 4334 Dooendus
589 4270 644 4335 est
661 4260 823 4358 populns,
835 4284 905 4334 non
920 4261 1134 4360 sequendus,
1146 4283 1280 4359 nosque
1294 4261 1324 4334 si
1342 4259 1511 4335 nesciunt

288 4396 346 4447 eos
363 4372 456 4472 quod
472 4372 592 4464 liceat,
608 4373 746 4472 quodve
764 4397 834 4449 non
852 4374 970 4466 liceat,
992 4398 1227 4469 commonere,
1252 4366 1334 4452 non
1347 4372 1405 4451 his
1429 4397 1512 4452 cun·

290 4511 434 4565 sensum
453 4486 607 4592 praebere
623 4487 803 4571 debemus.
