3608 5498
677 400 874 464 -185-

166 533 202 600 et
219 523 355 623 plebem
374 524 440 600 sibi
458 527 684 601 commissam
702 523 915 613 custodiant,
932 532 974 596 ut
990 533 1073 599 ante
1085 523 1245 598 tribunal
1267 525 1393 599 aeterni

167 637 297 712 iudicis
314 662 357 712 ex
369 639 534 713 omnibus
547 638 614 713 sibi
628 639 830 716 commissis
846 637 1022 712 rationem
1038 639 1197 728 reddant,
1210 647 1245 714 et
1257 660 1328 712 non
1341 639 1394 712 iu·

166 749 302 824 dicium
321 750 382 824 sed
399 748 554 847 gloriam
572 775 635 849 pro
653 753 729 826 suis
746 753 887 828 actibus
903 752 1068 851 accipiat.
1453 758 1455 762 ’

687 980 870 1064 XXVIIII.

263 1200 376 1274 Gaius
392 1199 623 1275 dilectissimo
640 1199 744 1275 fratri
762 1199 874 1275 FeIici
893 1200 1074 1300 Episcopo.
1100 1201 1277 1298 Regiones
1295 1202 1392 1277 sicut

46 1415 48 1418 Δ
167 1312 203 1384 in
222 1311 291 1386 hac
310 1311 395 1387 urbe
409 1313 573 1404 fecimus,
586 1338 649 1412 per
662 1313 829 1411 singulas
843 1313 950 1390 urbes
965 1339 1045 1413 quae
1057 1314 1234 1415 populosa
1246 1314 1394 1406 fuerint,

166 1425 374 1501 diaconibus
390 1426 608 1502 dividantur.

720 1665 826 1747 XXX.

260 1874 435 1949 Silvester
449 1879 544 1972 Papa
557 1873 595 1946 in
610 1872 760 1949 concilio
773 1872 1007 1948 CCLXXVII
1022 1873 1274 1973 Episcoporum
1288 1875 1388 1949 dixit.

166 1988 359 2088 Presbyter
378 1987 579 2064 Cardinalis
597 1989 704 2064 Urbis
721 1991 840 2062 Rcmae
858 1986 928 2061 nisi
947 1988 983 2061 in
1002 1989 1136 2062 XLIIII
1150 1988 1301 2063 testibus
1319 2011 1390 2062 non

170 2102 406 2177 damnabitur.
433 2103 612 2179 Diaconos
637 2101 872 2178 Cardinarius
897 2101 1116 2177 constitutus
1141 2101 1248 2176 Urbis
1273 2104 1392 2178 Romoe

167 2216 236 2290 nisi
257 2217 293 2290 in
312 2220 438 2292 XXVI
455 2241 525 2292 non
543 2216 871 2317 condempnabitur.
888 2214 1145 2305 subdiaconus,
1170 2215 1333 2305 acolitus,
1358 2242 1392 2292 e·

167 2331 335 2420 xorcista,
352 2331 475 2420 lector,
491 2331 669 2421 ostiarius,
686 2331 757 2406 nisi
775 2329 870 2406 sicut
887 2329 1062 2426 scriptum
1081 2337 1134 2404 est
1152 2327 1190 2401 in
1208 2331 1277 2402 VII
1295 2330 1392 2404 testi·

165 2444 232 2518 bus
249 2469 319 2519 uon
333 2445 660 2544 condempnabitur.
673 2449 796 2522 Testes
812 2452 933 2518 autem
950 2450 987 2517 et
999 2451 1225 2517 accusatores
1237 2442 1315 2519 sine
1327 2443 1391 2517 aIi·

168 2582 238 2656 qua
251 2558 324 2632 sint
337 2557 498 2648 infamia,
512 2581 639 2634 uxores
652 2567 688 2634 ot
701 2559 791 2633 filios
801 2557 985 2647 habentes,
998 2566 1035 2631 et
1048 2555 1191 2630 omnino
1205 2555 1390 2632 Christum

166 2670 409 2769 predicantes
434 2674 481 2746 Et
502 2671 689 2747 constituit
705 2681 747 2747 ut
764 2672 903 2748 diaconi
921 2695 991 2746 non
1007 2679 1127 2745 essent
1148 2669 1305 2768 ampIius
1329 2695 1391 2768 per

168 2783 445 2882 parroechiarum
473 2810 623 2861 examen
648 2785 719 2860 nisi
745 2786 825 2876 duo,
849 2795 885 2861 et
909 2783 1048 2860 diaconi
1073 2783 1267 2860 cardinalis
1291 2784 1391 2859 urbis

167 2902 287 2974 Romoe
304 2901 402 2972 VII.-

721 3014 846 3098 XXXI.

409 3211 543 3265 Exinod.
565 3212 627 3275 (stc)
645 3212 676 3264 S.
697 3211 843 3264 silvestri
860 3213 962 3277 Papae
982 3221 1053 3274 cap.
1075 3210 1146 3261 1111.

263 3371 313 3442 Ut
334 3392 354 3440 a
380 3367 595 3442 subdiacono
613 3389 725 3463 usquc
750 3366 793 3439 ad
820 3366 989 3441 lectorem
1013 3388 1136 3439 omnes
1161 3364 1294 3439 subditi
1319 3365 1393 3439 sint

169 3481 316 3556 diacono
334 3479 516 3557 CardinaIi
536 3482 614 3554 viro
632 3480 928 3555 reverentissimo.
950 3482 992 3554 In
1015 3479 1176 3555 ecelesia
1203 3504 1394 3577 repraesen-

168 3604 285 3669 tantes
301 3596 468 3671 bonorem
489 3603 641 3669 tantum.
667 3598 774 3668 Porro
793 3592 959 3668 Pontifici
977 3592 1181 3691 Presbyter,
1200 3593 1390 3682 Diaconus‚

168 3708 414 3782 Subdiaconus
447 3707 609 3782 Acolitus
638 3707 822 3781 Exercista
851 3705 963 3781 Iactor
993 3704 1094 3778 Abba
1123 3703 1322 3779 Monachus
1353 3705 1392 3778 in

169 3821 264 3895 omni
279 3820 354 3897 Ioco
367 3832 576 3920 praesentem
590 3819 896 3919 obsequium,sive
909 3819 946 3893 in
961 3817 1102 3919 publico
1114 3817 1191 3893 sire
1204 3817 1240 3891 in
1254 3817 1393 3914 gremio

168 3935 348 4011 aecclesiae.

710 4049 856 4132 XXXII.

553 4248 603 4297 Ex
623 4246 725 4312 gestis
743 4247 875 4299 Damasi
894 4247 1005 4310 Papaa.

266 4401 403 4476 Liberio
421 4400 651 4476 vehementer
669 4402 844 4476 Constans
857 4403 1052 4499 Imperator
1066 4399 1180 4474 iratus
1193 4408 1258 4487 est,
1271 4408 1307 4473 et
1320 4398 1400 4472 ius·
1492 4412 1494 4418 '

172 4515 221 4590 sit
238 4540 320 4591 eum
343 4527 443 4592 extra
469 4515 652 4595 civitatem
679 4515 849 4593 babitare.
875 4514 1068 4593 Habitabat
1091 4524 1209 4591 autem
1235 4511 1281 4588 ab
1305 4512 1393 4589 urbe
