3608 5498
817 412 1013 478 -loa-

302 531 441 621 Quibus
457 533 610 634 receptis
627 532 788 610 Liberius
805 534 1097 626 communicavit,
1114 534 1344 633 scribensque
1361 532 1524 611 Orienta-

302 645 397 721 libus
412 646 657 723 testimonium
675 646 749 723 illis
765 647 947 746 perhibuit
962 648 1185 725 orthodoxia.

806 851 1023 936 ccxxxlss.

828 1056 865 1107 1n
878 1056 1003 1111 eedem.

398 1218 524 1294 Mundi
541 1240 635 1292 enno
660 1221 713 1291 VI
730 1218 818 1292 ΧΧο
844 1221 965 1295 VIIII⁰
990 1220 1122 1295 diviuae
1147 1220 1405 1298 incarnationis
1428 1246 1523 1298 anno

302 1336 513 1410 DXXVIIII
526 1334 663 1410 decimo
680 1333 874 1408 Iustiniani
888 1333 1039 1432 imperii.
1055 1333 1234 1432 Agapitus
1247 1338 1428 1410 Romanus
1442 1336 1523 1434 Epi·

295 1470 424 1547 scopus
435 1447 631 1525 ascendens
645 1446 986 1546 Constantinopolim
1000 1449 1177 1548 synodum
1191 1448 1386 1525 celebravit
1399 1458 1523 1526 contra

301 1562 453 1662 impium
462 1565 637 1639 Severum
647 1572 684 1638 et
693 1561 873 1637 Iulianum
884 1561 1523 1654 Alicarnasenscm‚etcaeterosTheo

300 1678 491 1776 pasehitas.
500 1681 599 1753 Inter
608 1701 696 1776 quos
709 1686 746 1753 et
754 1676 951 1752 Anthimus
963 1685 1005 1751 ut
1017 1686 1279 1753 consentaneus
1291 1702 1413 1753 eorum
1422 1679 1523 1776 depo

300 1791 404 1883 situs,
416 1818 438 1867 a
451 1792 578 1869 throno
589 1792 767 1890 proiectus
779 1800 845 1880 est,
857 1815 938 1865 oum
955 1790 1206 1889 Episcopatum
1220 1790 1395 1866 tenuisset
1412 1791 1522 1888 regies

299 1905 400 1981 urbis
416 1906 598 1983 mensibus
610 1909 655 1981 X.
672 1909 719 1980 Et
731 1914 960 1981 consecratus
972 1913 1027 1980 cst
1039 1928 1153 2003 proco
1171 1909 1322 1981 Mennas
1335 1904 1522 2004 presbyter

298 2026 335 2092 et
357 2017 593 2095 Xenodochus
611 2022 724 2093 Sanso
741 2016 786 2091 ab
808 2016 964 2114 Agapito
982 2020 1078 2117 Papa
1094 2021 1262 2094 Romano.
1287 2021 1397 2093 Porro
1422 2022 1520 2114 Aga·

299 2131 395 2228 pitus
410 2131 580 2207 dormivit
597 2131 646 2205 ibi
663 2140 699 2206 et
715 2129 890 2207 suecessit
906 2129 939 2205 ei
958 2130 1146 2206 Silverius

794 2359 1026 2445 ooxxxffll.

393 2592 498 2662 Anno
509 2589 582 2663 XX
594 2586 734 2687 imperii
750 2585 944 2661 Iustiniani
962 2594 1066 2686 rapta
1083 2595 1137 2662 est
1155 2591 1264 2662 Roma
1281 2614 1302 2662 a
1328 2588 1466 2681 Gothis,
1483 2598 1519 2665 et

298 2703 394 2799 Papa
412 2700 575 2798 Vigilius
595 2701 693 2776 venit
710 2700 1066 2798 Constantinopolim,
1084 2710 1120 2776 et
1144 2711 1332 2800 susceptus
1344 2702 1391 2777 ab
1406 2706 1521 2802 Impe-

298 2824 415 2890 ratore
431 2840 514 2890 oum
533 2815 674 2912 ingenti
691 2814 833 2904 honore,
851 2814 1117 2912 repromittebat
1129 2815 1247 2892 facere
1260 2817 1436 2893 unitatem
1453 2820 1520 2893 Ec·

296 2928 415 3005 olesiae
439 2929 633 3008 Catholicae
649 2939 686 3006 et
705 2928 1009 3004 anathematizare
1031 2932 1097 3005 ΙΙΙ·
1117 2930 1285 3030 capitula.
1302 2931 1442 3031 Quique
1458 2957 1521 3008 ex-

288 3044 654 3143 communicationem
670 3046 742 3118 IIII
758 3042 936 3119 mensium
953 3044 1049 3120 dedit
1066 3048 1208 3120 Mennae
1225 3045 1519 3144 Constantinopo-

295 3157 408 3234 litano
425 3159 596 3257 Episcopo
613 3160 651 3233 in
669 3157 933 3257 Epithymium.
950 3156 1167 3254 Indignatus
1182 3168 1304 3234 eutem
1321 3163 1517 3258 Imperator

296 3281 420 3346 contre
436 3270 618 3369 Vigilium
642 3280 784 3372 propter
801 3271 1064 3370 Epythimium
1081 3284 1118 3348 et
1134 3272 1220 3373 quia
1244 3272 1429 3349 differebat
1453 3273 1519 3348 im·

297 3385 393 3484 plere
410 3410 490 3484 quae
514 3384 731 3462 videbantur
755 3410 863 3483 super
887 3385 1061 3462 unitatem
1088 3382 1336 3478 ecclesiarum,
1361 3387 1459 3462 misit
1477 3397 1519 3489 ut

295 3500 662 3599 comprehenderetur.
688 3499 758 3588 Qui
775 3508 941 3575 metuens
957 3499 1130 3598 impetum
1151 3499 1390 3598 Imperatoris,
1410 3501 1456 3576 ad
1468 3501 1519 3577 al-

295 3623 372 3690 tare
390 3613 498 3711 Sergi
524 3613 699 3712 Martyris
717 3613 923 3689 monasterii
949 3613 1136 3690 Hormisdc
1160 3613 1336 3712 confugit
1352 3617 1399 3690 Et
1424 3614 1516 3691 idem

297 3736 435 3804 tractus
450 3726 571 3803 tenuit
587 3727 774 3802 columnas
790 3736 972 3826 portantes
990 3726 1114 3803 Altare
1132 3738 1168 3803 et
1184 3727 1250 3804 has
1266 3730 1408 3820 evertit,
1432 3755 1516 3806 oum

294 3851 390 3918 esset
404 3852 442 3918 et
466 3864 609 3940 corpore
634 3842 794 3938 grandis
810 3844 1006 3940 Imperator
1029 3851 1150 3917 autem
1167 3844 1362 3942 penitentia
1385 3844 1517 3920 duetus

295 3954 453 4055 suscepit
469 3958 601 4054 Papam
620 3955 812 4052 Vigilium.
830 3955 899 4042 Qui
926 3963 1113 4051 rogatusa
1138 3956 1318 4033 Theodora
1336 3962 1516 4054 Augusta,

295 4069 453 4167 suscepit
468 4071 638 4143 Mennam
655 4068 903 4144 Patriarcham
923 4070 1355 4170 Constantinopolitanum
1369 4073 1407 4147 in
1420 4072 1517 4147 festi·

295 4181 407 4257 vitate
425 4181 685 4279 Apostolorum.
701 4184 749 4258 Et
761 4182 866 4280 paulo
880 4194 967 4281 post.
978 4185 1145 4260 Ianuario
1157 4207 1242 4261 vero
1256 4206 1424 4263 mensese
1434 4210 1517 4285 sup

294 4294 447 4394 positum
461 4303 517 4371 est
529 4318 658 4370 nomen
671 4299 812 4371 Mennae
829 4297 1050 4374 Putriarchae
1068 4298 1463 4397 Constantinopolitani‚
1479 4310 1516 4376 et

294 4410 522 4507 prepositum
535 4420 590 4484 est
602 4432 730 4485 nomen
743 4410 874 4506 Vigilii
889 4411 1095 4509 praecellens
1107 4413 1144 4486 in
1158 4411 1338 4511 diptichis.
1351 4416 1398 4489 Et
1410 4413 1515 4489 infra.

297 4527 400 4596 Anno
416 4521 561 4620 Imperii
579 4521 771 4599 Iustiniani
788 4526 915 4599 XXVI
932 4524 1027 4599 facta
1045 4534 1100 4599 est
1112 4533 1236 4601 sancta
1249 4535 1285 4600 et
1297 4524 1516 4602 universalis
