3608 5498
663 383 860 446 -199-

148 503 349 582 sensoribus
359 505 510 604 V11‚qui
520 516 660 580 ostensa
673 529 748 579 suae
761 505 990 604 experientiae
1003 505 1158 582 utilitate
1172 506 1373 605 placuerint

147 618 279 694 honore
289 617 488 714 regionario
498 618 719 695 decorentur.
730 621 825 706 Quos
834 618 992 717 quolibet
1000 643 1064 718 per
1072 618 1271 696 absentiam
1285 623 1375 696 Pon·

147 731 255 807 tificis
271 741 308 807 et
324 731 467 807 sedendi
485 731 523 805 in
540 740 719 807 conventu
741 731 953 807 clericorum
979 731 1110 809 habere
1126 731 1310 809 licentiam
1336 743 1373 809 et

146 845 290 921 honoris
316 845 373 919 sui
393 845 584 943 privilegia
602 846 639 919 in
661 844 827 920 omnibus
848 845 1045 921 statuimus
1065 845 1233 922 obtinere.
1254 851 1375 923 Prete-

150 985 209 1035 rea
228 960 259 1034 si
278 959 359 1058 quis
377 959 547 1057 propioris
564 959 681 1036 locum
707 959 857 1035 veniens
879 960 916 1033 in
934 958 1005 1033 alia
1022 960 1171 1036 fortasse
1188 960 1371 1059 provincia

147 1085 291 1172 propter
314 1074 507 1149 utilitatem
535 1074 711 1175 propriam
737 1073 848 1170 degit,
874 1072 972 1148 hunc
994 1091 1138 1150 necesse
1164 1084 1219 1148 est
1244 1074 1373 1172 prima-

148 1198 208 1263 tus
218 1189 295 1265 loco
306 1213 366 1290 per
375 1188 493 1263 omnia
506 1213 644 1278 curare,
653 1197 695 1264 ut
704 1188 764 1263 ille
777 1186 873 1286 prior
885 1185 1110 1262 defensorum
1123 1186 1283 1262 omnium
1296 1211 1372 1285 pos·

149 1302 197 1377 sit
214 1302 379 1391 existere,
395 1302 457 1400 qui
475 1312 511 1377 et
527 1311 609 1379 ante
621 1302 800 1402 prioratus
816 1300 933 1375 locum
951 1299 989 1373 in
1007 1299 1260 1376 ecclesiasticis
1276 1298 1374 1375 utili·

145 1415 281 1490 tatibus
289 1413 466 1512 obsequiis
479 1414 663 1491 Pontificis
676 1437 746 1489 non
759 1412 898 1490 destitis
911 1437 973 1512 per
984 1413 1144 1489 sedulam
1155 1413 1371 1512 presentiam

146 1553 361 1628 permanere.
374 1531 461 1604 Haec
474 1529 596 1627 itaque
607 1526 873 1605 constitutionis
884 1536 1016 1602 nostrae
1026 1526 1180 1618 decreta,
1189 1528 1370 1604 neminem

148 1642 361 1717 Pontificum
378 1642 416 1715 iu
432 1650 547 1716 totum
565 1650 749 1740 partemue
766 1638 927 1739 qualibet
942 1640 1127 1717 occasione
1142 1640 1298 1718 convelli
1314 1640 1372 1717 de·

147 1755 328 1831 cernimus
344 1753 404 1830 vel
422 1754 565 1828 mutari.

688 1981 830 2067 LXIIII.

241 2209 439 2307 Gregorius
452 2213 557 2286 Petro
571 2209 793 2289 Subdiacono
802 2211 950 2310 Syciliae
962 2211 1006 2287 de
1019 2210 1183 2287 diversis.
1195 2214 1294 2286 Inter
1306 2235 1372 2285 οω-

148 2335 233 2401 tera.
247 2329 446 2401 Romawm
459 2324 677 2400 defensorem
692 2325 729 2398 in
744 2325 864 2423 gratia
873 2325 1102 2401 familiariter
1115 2324 1243 2422 recepi,
1251 2347 1371 2400 coram

147 2441 241 2517 clero
266 2440 488 2539 polypticum
513 2439 654 2529 deduxi,
679 2439 944 2538 presbyterium
969 2439 1003 2514 ei
1020 2437 1117 2527 auxi,
1134 2437 1172 2512 in
1190 2437 1266 2513 loco
1287 2461 1371 2513 eum

146 2553 318 2651 superiori
335 2554 429 2628 inter
445 2552 646 2629 defensores
662 2555 774 2655 posui,
798 2554 992 2632 colaudans
1012 2578 1133 2632 coram
1149 2553 1316 2630 omnibus
1333 2554 1372 2627 li·⁴
1516 2584 1519 2588 ·

146 2667 225 2743 dem
242 2667 331 2759 eius,
347 2667 431 2767 quia
448 2667 499 2742 ita
514 2692 552 2743 se
569 2667 605 2741 in
624 2667 790 2768 obsequio
806 2678 869 2745 tuo
887 2668 1038 2745 fideliter
1062 2668 1229 2766 gesserit.
1255 2671 1369 2756 Quem

148 2780 279 2859 iccirco
294 2782 340 2857 ad
356 2793 392 2860 te
409 2782 584 2859 caeleriter
601 2783 849 2860 retransmisit.

709 3010 813 3096 LXV.

244 3237 418 3336 Gregorio
435 3236 548 3312 Probo
566 3237 706 3315 Abbati.
723 3241 822 3314 Inter
837 3246 967 3314 cetera.
984 3239 1145 3328 Quodam
1157 3239 1215 3315 die
1227 3239 1311 3314 dum
1326 3238 1372 3314 ds

148 3350 341 3427 ordinando
358 3350 572 3426 monasterio
588 3351 649 3427 cui
666 3375 816 3450 praeesse
836 3350 1031 3427 dinosceris
1042 3376 1125 3427 cum
1139 3351 1270 3426 vestris
1286 3349 1372 3426 filiis

147 3475 385 3542 tractaremus
400 3476 509 3564 atque
525 3465 587 3540 diu
604 3476 723 3564 aptam
749 3489 934 3564 personam
951 3465 1039 3541 huic
1060 3465 1175 3541 officio
1199 3488 1372 3563 quaerere-

149 3605 240 3669 mus,
256 3605 301 3656 ex
313 3579 530 3679 improvviso
542 3590 577 3656 te
589 3590 626 3656 te
641 3579 869 3678 ingrediente
881 3579 978 3656 cordi
991 3588 1112 3656 nostro
1124 3588 1160 3656 et
1172 3602 1295 3655 eorum
1307 3576 1370 3676 qui

147 3694 331 3771 nobiscum
349 3694 393 3768 ad
409 3695 638 3771 tractandum
655 3694 808 3770 aderant
819 3693 938 3769 subito
954 3702 1080 3769 uatum
1105 3702 1161 3770 est
1178 3699 1220 3767 ut
1235 3699 1272 3768 te
1294 3687 1372 3765 illic

148 3809 321 3886 Abbatem
338 3811 412 3886 Deo
429 3808 578 3909 propitio
593 3808 811 3886 constituere
826 3807 1044 3885 deberemus.

703 4034 827 4119 LXVI.

245 4263 443 4359 Gregorius
454 4261 605 4338 Iohanni
619 4260 789 4361 Episcopo
802 4261 1063 4336 Panormitano.
1075 4261 1175 4335 Inter
1189 4266 1317 4335 cetera.
1329 4260 1370 4332 Si

150 4377 236 4476 quid
252 4378 368 4474 igitur
385 4378 429 4453 de
441 4400 666 4476 quocumque
679 4374 818 4452 Clerico
830 4376 875 4451 ad
891 4399 997 4451 aures
1008 4384 1091 4450 tuas
1103 4373 1267 4472 pervenit
1278 4371 1370 4471 quod

152 4501 189 4567 te
206 4490 299 4566 iuste
316 4491 427 4592 possit
442 4488 629 4583 offendere,
645 4489 752 4568 facile
769 4514 814 4565 ne
831 4489 966 4580 credas,
981 4511 1049 4565 nec
1063 4488 1109 4563 nd
1124 4485 1321 4563 vindictam
1333 4495 1371 4562 te
