3608 5498
818 376 991 438 -71-
1073 430 1077 442 .

291 507 379 585 erat,
396 501 562 573 Romanae
579 499 688 574 cessit
705 498 798 585 Sedi,
815 496 915 571 nulla
932 508 987 572 est
1003 522 1082 595 quae
1099 497 1178 571 eius
1196 521 1265 571 non
1288 497 1335 572 sit
1351 500 1512 576 subiecta

291 610 426 685 ditioni.
453 610 508 684 nd
537 635 644 708 quam
669 634 791 686 omnes
815 611 917 709 quasi
942 611 986 684 ad
1008 620 1116 708 caput
1139 610 1240 684 iuxta
1264 612 1511 708 Apostolorum

293 747 487 822 eorumque
500 749 746 799 successorum
763 725 977 814 sanctiones,
994 724 1159 822 Episcopi
1176 724 1238 821 qui
1255 725 1437 801 voluerint
1453 727 1512 802 vel
1643 775 1646 778 >

290 838 420 936 quibus
437 861 582 913 necesse
599 837 709 912 inerit
725 837 920 933 suffugere,
941 862 1089 935 eamque
1110 836 1291 935 appellare
1308 839 1447 914 debent.
1464 844 1511 915 Et

291 960 369 1050 post
384 976 509 1049 pauca.

392 1065 508 1138 Simul
526 1066 667 1163 quidem
687 1066 885 1163 inspirante
903 1065 1050 1138 Domino
1067 1063 1344 1154 constituerunt,
1357 1066 1512 1140 utnulla

296 1181 396 1254 fieret
413 1179 572 1277 synodus
591 1190 718 1276 praeter
735 1180 891 1254 eiusdem
910 1179 1004 1252 sedis
1029 1178 1291 1253 auctoritatem.
1313 1183 1388 1254 Nec
1413 1180 1512 1255 ullus

292 1293 487 1390 Episcopus
505 1293 574 1366 nisi
592 1293 755 1388 legitima
776 1294 911 1391 synodo
933 1316 997 1367 suo
1014 1302 1170 1390 ternpore
1187 1293 1379 1390 apostolica
1392 1307 1512 1370 aucto·

294 1405 399 1480 ritate
417 1415 610 1481 convocata
623 1430 731 1504 super
748 1406 964 1505 quibuslibet
977 1405 1191 1481 criminibus
1204 1407 1378 1504 pulsatus,
1391 1409 1512 1482 audia-

292 1527 353 1593 tur
369 1518 428 1592 vel
446 1518 634 1593 iudicetur.
652 1519 744 1606 Quia
762 1528 802 1592 ut
817 1518 922 1616 paulo
935 1519 1101 1618 superius
1115 1519 1337 1617 praelibatum
1352 1533 1417 1594 est.
1431 1521 1512 1619 Epi·

289 1655 474 1731 scoporum
492 1632 625 1707 iudicia
642 1643 677 1708 et
695 1659 916 1708 summarum
935 1659 1127 1709 causarum
1141 1632 1286 1729 negotia
1299 1633 1375 1708 sive
1393 1633 1511 1723 dubia,

290 1746 502 1844 Apostolicoe
519 1747 613 1822 sedis
629 1749 840 1822 auctoritato
855 1755 940 1822 sunt
952 1745 1091 1841 agenda
1105 1755 1141 1819 et
1154 1744 1318 1820 finienda.
1332 1749 1379 1819 Et
1391 1748 1510 1819 omnia

289 1859 601 1956 comprovincialia
619 1862 765 1957 negotia
787 1885 850 1958 per
874 1859 1124 1934 auctoritatem
1148 1857 1257 1932 huius
1281 1868 1415 1934 sanctae
1432 1860 1510 1933 uni-

290 1970 442 2047 versalis
468 1972 679 2071 Apostolicae
704 1973 874 2048 Ecclesiae
899 1973 1125 2047 retractanda
1150 1971 1181 2046 si
1206 1970 1317 2045 huius
1342 1972 1511 2048 Ecclesia
1567 2005 1571 2010 ·

296 2085 502 2183 praeceperit
518 2086 691 2161 Pontifex.

844 2305 964 2388 Llllll.

385 2531 638 2608 Dilectissimis
655 2533 827 2608 fratribus
846 2529 1079 2604 Antiochenis
1093 2530 1287 2628 Episcopis‚
1304 2530 1509 2607 Marcellus.

288 2649 364 2720 Nec
382 2669 465 2720 vero
478 2645 586 2721 liceat
598 2647 675 2721 sine
688 2645 893 2744 praeiudicio
906 2646 1005 2717 Item.
1018 2641 1201 2730 Ecclesia,
1216 2645 1275 2719 cui
1289 2643 1327 2718 in
1344 2643 1510 2719 omnibus

289 2757 409 2833 causis
426 2758 575 2834 debetur
597 2759 798 2835 reverentia
823 2754 1007 2843 custodiri,
1025 2754 1161 2831 relictis
1185 2757 1243 2830 his
1268 2757 1511 2834 sacerdotibus

289 2872 406 2969 quiin
424 2874 546 2948 eadem
565 2873 749 2970 provincia
767 2872 832 2948 Dei
850 2870 1022 2947 ecclesias
1045 2879 1137 2944 nutu
1159 2871 1281 2947 divino
1305 2873 1511 2969 gubernant

290 2985 335 3059 ad
351 2984 441 3059 alias
458 2986 647 3060 convalere
664 2986 868 3084 provincias
887 2985 947 3060 vel
971 2983 1125 3058 aliarum
1143 2985 1411 3083 provinciarum
1428 2987 1511 3085 Epi-

290 3122 472 3197 scoporum
491 3099 665 3174 iudicium
682 3100 799 3198 expeti
817 3098 874 3175 vel
893 3099 977 3197 pati.
995 3099 1064 3174 Sed
1080 3099 1245 3173 omnibus
1262 3100 1421 3176 eiusdem
1434 3123 1511 3197 pro

290 3211 420 3288 vinciae
434 3213 616 3310 Episcopis
629 3212 860 3310 congregatis
873 3213 1046 3289 iudicium
1060 3214 1272 3289 auctoritate
1285 3214 1394 3288 huius
1407 3214 1509 3290 Sedis

290 3325 512 3400 terminetur.
530 3327 630 3414 Quod
647 3337 768 3402 tamen
786 3337 828 3402 ut
842 3327 1028 3425 praefatum
1046 3336 1101 3401 est
1118 3352 1180 3425 per
1204 3327 1281 3402 eius
1298 3327 1454 3405 vicarios
1479 3327 1510 3401 si

292 3438 438 3513 libuerit
463 3440 728 3516 retractandum
755 3450 791 3516 et
820 3440 991 3540 quicquid
1016 3439 1149 3514 iniuste
1174 3450 1298 3516 actum
1325 3449 1381 3517 est
1406 3441 1512 3516 resor-

297 3553 476 3626 mendum.

832 3783 970 3866 LXXII.

383 4011 616 4088 Marcellinus
637 4012 833 4110 Episcopus
853 4020 987 4087 sancta
1004 4010 1175 4086 Ecclesiae
1198 4007 1374 4086 catholice
1400 4008 1507 4086 Urbis

288 4126 417 4212 Rome,
436 4124 620 4208 Marentio.
634 4125 845 4204 Sinodorum
858 4124 1115 4225 absquehuius
1128 4134 1262 4201 sanctae
1275 4125 1375 4200 Sedis
1387 4134 1508 4201 aucto

290 4235 394 4311 ritate
404 4238 655 4335 Episcoporum
665 4263 881 4340 quamquam
890 4241 1059 4339 quosdam
1070 4240 1259 4338 Episcopos
1273 4239 1416 4336 possitis
1428 4262 1509 4315 con·

288 4373 444 4445 gregare
460 4375 532 4426 non
549 4353 694 4449 potestis
713 4352 929 4450 regulariter
942 4353 1068 4428 facere.
1086 4356 1211 4450 Neque
1234 4350 1351 4425 ullum
1365 4350 1509 4450 Episeo

290 4487 374 4561 pum
393 4465 454 4562 qni
472 4465 567 4541 banc
583 4466 818 4565 appellaverit
836 4466 1074 4564 Apostolioam
1092 4467 1217 4542 Sedem
1231 4467 1435 4564 dampnare,
1446 4489 1509 4539 an·
