3608 5498
810 429 852 445 -
876 395 953 462 292.
969 429 1010 442 -

855 569 961 654 dxli.

396 741 569 838 Pelagius
586 741 755 816 Viventio
772 740 1006 840 neapolitano,
1024 742 1174 817 Gemino
1187 743 1372 843 puterlnno
1384 755 1420 819 et
1433 744 1524 820 Con·

299 857 430 930 stantio
448 856 583 930 miseno
600 856 773 955 episcopis
791 865 868 955 post
889 864 1018 931 cetera.
1043 858 1089 930 Et
1113 857 1190 931 ideo
1215 857 1356 931 caritati
1381 866 1523 946 vestre,

298 972 527 1067 praesentium
546 972 769 1048 decretorum
788 979 908 1045 tenore
927 969 1148 1058 mandamus,
1162 979 1203 1046 ut
1215 981 1414 1069 exequente
1431 972 1523 1047 Con·

298 1085 456 1160 stantino
470 1086 573 1162 Sedis
584 1094 715 1160 nostrae
727 1084 921 1173 defensore,
935 1083 1072 1159 clerum
1086 1083 1144 1159 vel
1157 1084 1257 1160 cives
1270 1084 1440 1160 aecclesie
1455 1087 1523 1158 Pn-

298 1196 439 1289 riensis,
451 1210 487 1274 et
504 1200 665 1275 ediverso
681 1197 852 1275 aecclesioe
869 1197 1094 1273 Uultrnninae
1110 1198 1168 1273 vel
1186 1196 1259 1274 vici
1273 1198 1522 1274 Feniculensis

297 1312 341 1387 sd
358 1322 518 1388 vestrum
538 1313 681 1388 faciatis
698 1312 890 1388 convenire
909 1312 1084 1388 indicium
1102 1322 1138 1388 et
1162 1338 1206 1388 ex
1229 1314 1361 1411 scripto
1380 1323 1521 1388 senten-

297 1425 386 1500 tiam
409 1448 529 1502 coram
547 1426 708 1526 partibus
725 1424 906 1514 deferetis,
922 1425 1100 1502 antedicto
1117 1427 1211 1502 sedis
1223 1438 1352 1503 nostrae
1364 1427 1521 1520 defenso-

296 1563 334 1613 re
352 1540 464 1614 modis
480 1540 646 1615 omnibus
663 1549 871 1643 exequente,
889 1550 930 1615 ut
954 1564 1023 1638 quc
1048 1548 1184 1615 statuta
1201 1541 1350 1617 fuerunt
1374 1540 1517 1617 effectui

296 1654 556 1753 mancipentur.

845 1793 968 1880 oxffl.

297 2083 302 2087 μ
391 1995 559 2092 Pelagius
577 1999 777 2092 Benegesto
797 1994 971 2069 defensori
997 2005 1075 2092 post
1099 2019 1223 2092 pauca.
1248 1998 1399 2094 Propter
1423 1996 1516 2094 quod

294 2107 521 2206 experientiae
538 2119 611 2184 tuae
628 2109 794 2207 praesenti
812 2107 1024 2182 auctoritate
1042 2109 1263 2198 mandamus,
1276 2120 1318 2186 nt
1334 2111 1370 2184 in
1386 2110 1516 2208 quibus

294 2222 414 2297 causis
432 2221 599 2321 quaelibet
616 2222 850 2299 ecclesiastici
868 2222 974 2297 officii
992 2246 1140 2320 persona
1158 2223 1233 2298 loco
1258 2225 1419 2322 petitoris
1444 2225 1517 2297 exi·

293 2335 367 2424 stit,
385 2337 562 2435 quendam
580 2336 712 2412 laicum
731 2336 928 2435 pulsatura,
945 2338 1038 2436 apud
1052 2337 1244 2435 provinciae
1258 2338 1412 2414 iudicem
1431 2364 1515 2412 suns

295 2474 487 2550 proponere
504 2475 574 2526 non
593 2452 731 2526 desinat
748 2451 915 2526 actiones.
928 2454 969 2524 In
988 2449 1045 2524 his
1062 2474 1147 2525 vero
1164 2451 1320 2548 negotiis
1333 2451 1371 2525 in
1384 2451 1514 2549 quibus

292 2564 527 2641 ecclesiastici
546 2565 651 2641 officii
671 2588 818 2663 persona
835 2565 1010 2664 pulsatur,
1027 2564 1137 2639 totius
1154 2575 1330 2640 summoto
1347 2566 1515 2664 pulsatio·

290 2679 329 2750 ni
346 2678 540 2769 obstaculo,
556 2679 600 2754 ad
617 2678 769 2778 episcopi
786 2678 845 2754 vel
863 2678 1105 2777 episcoporum
1131 2679 1169 2751 in
1186 2678 1262 2754 loco
1288 2679 1349 2752 ubi
1375 2679 1513 2777 questio

291 2791 448 2866 vertitur
465 2793 752 2883 constitutorum,
768 2803 934 2869 occurret
951 2792 1192 2869 indifferenter
1213 2818 1377 2882 examen,
1391 2793 1513 2867 nullis

290 2929 411 2979 causae
427 2905 619 2981 dictionem
646 2905 938 2981 frustrationibus
962 2904 1180 2981 declinando.
1205 2905 1385 2994 Quatinns
1410 2930 1514 2981 omne

290 3019 426 3116 negotii
446 3020 613 3094 meritum
631 3020 675 3096 dc
687 3021 760 3095 sola
774 3021 927 3095 veritate
939 3044 1005 3092 sua
1018 3017 1172 3116 solisque
1185 3018 1328 3115 legibus
1341 3019 1514 3117 discepta-

290 3140 369 3206 tum
393 3131 502 3207 cele'ri
520 3133 749 3231 proveniente
767 3133 944 3208 sententia
961 3132 1185 3207 terminetur.
1211 3132 1406 3207 Annitente
1430 3156 1514 3230 quo-

290 3268 359 3342 que
377 3245 585 3322 executione
602 3256 678 3336 tun,
694 3255 736 3321 nt
752 3270 831 3344 quae
848 3235 1233 3342 stetui'contingerint
1255 3247 1395 3322 effectui
1415 3271 1513 3319 mau-

289 3356 466 3454 cipentur.
483 3357 595 3431 Nulla
612 3358 656 3433 ad
669 3382 733 3434 nos
745 3358 788 3433 de
800 3359 1014 3456 cuiusquam
1028 3356 1261 3433 ecclesiastici
1280 3357 1414 3456 pulsati
1430 3381 1513 3434 con-

287 3470 447 3546 tumaci‘a
460 3468 627 3568 deinceps
644 3471 885 3569 querimonis
898 3471 1090 3561 redditura,
1107 3496 1293 3570 perquam
1307 3495 1377 3547 non
1396 3471 1508 3546 solum

287 3593 519 3659 contumaces
536 3608 715 3673 excessus,
731 3608 858 3660 verum
875 3594 940 3660 tun
956 3601 1095 3683 quoque
1112 3585 1346 3682 neglegentia
1367 3585 1416 3661 sit
1440 3585 1512 3684 ple·

287 3697 425 3772 ctenda.

827 3840 969 3938 CXIIII.

383 4028 556 4126 Pelagius
573 4030 723 4107 Iohanni
740 4030 861 4107 comiti
880 4032 1083 4129 patrimonii
1102 4042 1179 4130 post
1196 4046 1327 4111 cetera.
1342 4035 1464 4111 Gloria
1482 4037 1508 4109 i-

286 4143 391 4239 gitur
403 4155 525 4220 vestra
537 4146 735 4221 secundum
748 4146 917 4222 bonitatis
930 4157 1140 4222 consuetum
1156 4171 1300 4236 morem,
1310 4149 1509 4224 filionostro

287 4258 480 4333 Luminoso
496 4259 708 4358 presbytero
724 4258 856 4335 solacia
874 4260 910 4335 in
930 4261 1076 4361 praelato
1089 4261 1217 4337 itinere
1231 4263 1361 4360 quibus
1375 4273 1451 4338 tute
1464 4263 1506 4337 ad

286 4369 505 4445 destinatum
523 4371 640 4447 locum
660 4372 849 4471 pervenire
866 4373 987 4450 valeat
1003 4372 1261 4451 subministret.
1279 4376 1348 4452 Sed
1364 4387 1400 4452 et
1416 4400 1508 4452 oom-

286 4482 453 4570 mendare
470 4507 551 4558 eum
570 4485 771 4581 dignamini
791 4485 867 4561 illic
884 4484 1088 4560 hominibus
1105 4486 1249 4575 vestris,
1266 4497 1307 4562 ut
1326 4489 1434 4563 etiam
1457 4488 1506 4563 ibi
