3608 5498
696 414 868 476 ..19-

168 532 218 605 De
236 539 407 628 potestate
424 533 657 608 sacerdotum.
676 539 761 632 Cap.
778 536 908 609 CXXI.
925 538 966 609 In
985 537 1017 609 1⁰
1036 535 1095 611 lib.
1113 536 1292 613 CCXIIII.

167 645 268 731 Quod
294 645 441 722 Diaconi
460 648 616 722 ministri
636 659 722 723 sunt
740 648 947 748 Presbyteri
969 661 1004 726 et
1022 651 1197 750 Episcopi.
1211 652 1295 749 Cap.
1308 656 1389 730 XV.

240 759 351 833 CVII.
1317 764 1320 771 ’

165 872 265 958 Quod
277 872 409 971 absque
427 875 595 951 Diacouis
619 875 814 974 Presbyter
839 901 966 953 nomen
992 878 1109 968 habet,
1133 881 1290 957 officium
1315 904 1386 956 non

236 987 352 1063 habet.
369 990 453 1088 Cap.
471 991 565 1066 CXI.

167 1102 218 1175 De
227 1101 392 1177 Diacouis
401 1105 510 1202 quise
519 1107 714 1204 praeferunt
724 1106 957 1204 Presbyteris
967 1107 1051 1205 Cap.
1061 1108 1172 1182 CVII.
1181 1118 1217 1183 et
1227 1109 1374 1185 CXIIII.

165 1217 265 1304 Quod
274 1240 344 1291 non
353 1229 510 1315 oporteat
524 1220 696 1296 Diaconos
706 1221 742 1294 in
754 1219 985 1317 Presbyterio
998 1220 1130 1296 sedere.
1144 1222 1228 1320 Cap.
1242 1226 1387 1298 XLIIII.

167 1333 216 1405 Ut
232 1354 301 1404 non
320 1332 439 1407 sedeat
456 1333 493 1407 in
512 1335 625 1409 medio
642 1334 949 1432 Presbyterorum.
967 1335 1051 1432 Cap.
1068 1338 1148 1410 IIII.
1166 1336 1367 1413 CXXVIII.

168 1449 217 1520 Ut
234 1447 389 1523 iussione
408 1449 614 1548 Presbyteri
633 1450 761 1524 sedeat.
779 1449 863 1546 Cap.
881 1450 996 1523 XIIII.
1014 1452 1095 1523 XV.

168 1565 216 1638 Ut
235 1562 415 1638 Diaconus
433 1564 468 1637 in
489 1574 669 1639 conventu
687 1563 981 1662 Presbyterorum
1000 1565 1245 1662 interrogatus
1270 1566 1390 1664 loqua-

242 1687 313 1751 tur.
333 1680 416 1777 Cap.
435 1682 517 1752 XV.
1244 1735 1246 1738 -

167 1795 216 1866 Ut
232 1792 383 1866 eundem
402 1793 570 1867 honorem
588 1792 715 1868 habeat
732 1819 753 1866 a
770 1791 1073 1888 subsequentibus
1094 1791 1287 1868 ordinibus.
1302 1793 1387 1891 Cap.

239 1908 356 1980 XIIII.
373 1908 545 1980 XXXIII.

166 2020 215 2093 Ut
232 2027 387 2117 tempore
404 2020 590 2095 oblationis
608 2030 644 2096 et
669 2020 831 2095 lectionis
856 2028 997 2095 tanturn
1014 2020 1095 2095 alba
1121 2029 1281 2095 utantur.
1300 2021 1386 2119 Cap.

239 2135 319 2206 XV.

167 2249 216 2322 Ut
232 2245 377 2322 absente
396 2247 567 2345 Episcopo
584 2250 643 2323 vel
660 2249 875 2348 Presbytero
891 2249 1055 2346 baptizet.
1073 2250 1158 2348 Cap.
1171 2253 1315 2325 XLIIII.

166 2363 215 2434 Ut
231 2359 359 2457 populo
371 2362 654 2437 communionem
672 2361 816 2439 iubente
830 2362 1043 2459 Presbytero
1060 2372 1192 2457 eroget.
1207 2363 1292 2461 Cap.
1306 2365 1386 2438 XV.

165 2477 217 2548 De
229 2475 342 2550 officio
356 2476 560 2575 Presbyteri
575 2485 610 2552 et
624 2476 782 2552 Diaconi.
796 2478 881 2576 Cap.
896 2479 1008 2553 CVII.
1024 2477 1117 2552 CXI.
1132 2478 1242 2553 CXII.
1257 2477 1386 2553 CXVI.

166 2591 216 2662 De
233 2589 422 2687 utriusque
439 2590 603 2665 absentia
619 2617 640 2663 a
657 2591 733 2665 suis
750 2591 922 2668 ecelesiis.
948 2592 1033 2689 Cap.
1051 2594 1097 2666 X.
1114 2600 1150 2667 et
1175 2603 1217 2666 ut
1241 2591 1387 2667 saecula·

238 2703 337 2777 ribus
354 2705 511 2801 negotiis
529 2728 600 2779 non
618 2705 861 2803 implicentur.
879 2707 964 2803 Cap.
982 2704 1076 2780 CVI.

165 2817 327 2905 Qualiter
343 2821 487 2895 Praelati
505 2820 593 2918 eligi
611 2820 749 2897 debent.
766 2820 852 2918 Cap.
869 2821 1015 2893 LXVII.

165 2936 216 3009 De
233 2958 303 3009 uno
319 2936 503 3034 Episcopo,
520 2946 556 3010 et
572 2959 644 3010 uno
662 2933 996 3032 Archipresbytero,
1012 2940 1048 3007 et
1065 2954 1135 3006 uno
1154 2930 1384 3007 Archidiaco

236 3071 282 3122 no
299 3049 408 3123 unius
425 3048 597 3125 civitatis.
615 3051 699 3147 Cap.
717 3049 883 3123 CXVIII.

165 3161 329 3248 Qualiter
359 3163 670 3262 Archipresbyter,
698 3173 735 3238 et
765 3160 1048 3237 Archidiaconus
1080 3159 1273 3256 eligantur.
1299 3161 1384 3259 Cap.

165 3378 246 3455 Ideo
263 3380 449 3456 sublimior
465 3382 601 3478 gradus
618 3381 667 3455 sit
684 3378 961 3478 Presbyteratns
977 3402 1085 3476 qnam
1110 3376 1385 3453 Archidiacona·

237 3503 307 3568 tus.
325 3495 409 3593 Cap.
427 3497 573 3569 LXXII.
590 3495 737 3570 CXIIII.
755 3493 844 3568 etin
862 3494 895 3567 1⁰
913 3492 971 3567 lib.
989 3493 1093 3567 CLX.

164 3607 1382 3706 Quifunguntnrvicemntificum.Cap.XXX1111.XLV1.LXXVI1.

234 3723 452 3797 LXXVHII.
470 3725 545 3799 CV.
563 3722 711 3798 CXXII.

163 3835 213 3908 De
230 3835 344 3912 officio
363 3837 625 3914 Archidiaconi.
643 3839 728 3935 Cap.
745 3838 873 3910 LVIII.

162 3949 213 4022 De
242 3951 357 4027 officio
386 3952 612 4028 Vioedomini
640 3960 677 4028 et
701 3947 872 4027 electione
897 3947 985 4023 eius.
1010 3950 1096 4045 Cap.
1112 3949 1220 4023 LIIII.
1237 3950 1381 4026 LVIIII.

235 4067 437 4140 LXXXVI.

160 4178 213 4251 De
229 4177 403 4255 electione
416 4176 631 4254 Oechonomi
648 4186 683 4252 et
699 4178 814 4254 officio
830 4177 918 4253 eius.
937 4176 1022 4274 Cap.
1038 4178 1083 4250 V.
1100 4178 1209 4251 LIIII.
1310 4171 1320 4186 ’

160 4291 209 4365 Ut
233 4291 278 4365 ad
304 4292 471 4388 potiorem
496 4292 649 4390 gradum
676 4290 828 4392 quilibet
851 4290 991 4363 invitus
1020 4312 1090 4363 non
1122 4297 1380 4387 promoveatur.

161 4403 1381 4614 Utiddbabribldbolesiisquilibetcleriausnonnumeretur.Cap.VII.
