3608 5498
802 423 997 486 -130-

291 548 477 622 cretaliurn
506 545 716 620 Pontificum
743 548 981 620 Romanorum
999 544 1286 631 constitutorum,
1307 543 1505 619 seeundum

289 685 420 736 morem
436 659 562 736 feceris
577 659 801 734 mentionem.
815 659 884 735 Sed
897 683 963 733 nec
976 655 1076 730 illam
1089 656 1231 756 propria
1248 655 1509 753 subscriptione

290 774 474 863 munieris,
483 800 548 849 nec
559 772 815 871 quodaliquem
825 771 1005 847 hanciure
1015 770 1345 845 iurandofirmauda
1357 769 1508 846 miseris.

830 1001 960 1085 oxon.

383 1228 557 1304 Iohannes
575 1229 767 1327 Episcopus
784 1227 913 1302 dilecto
939 1226 1011 1300 filio
1037 1226 1228 1301 blichaheli
1245 1225 1399 1321 glorioso
1419 1225 1509 1322 regi,

289 1366 352 1416 seu
369 1342 434 1415 toti
451 1341 680 1438 generalitati
698 1342 819 1438 gentis
835 1339 1049 1436 Bulgaricae.
1074 1343 1172 1415 Inter
1193 1350 1321 1415 cetera.
1346 1343 1455 1414 Porro
1477 1338 1509 1411 si

289 1456 494 1530 Graecorum
512 1454 657 1552 perfidia
670 1480 779 1530 sesea
798 1453 943 1550 regione
960 1464 1092 1544 vestra,
1104 1477 1184 1551 qua
1197 1454 1233 1526 iu
1247 1463 1368 1528 nostra
1384 1452 1509 1550 utique

290 1567 419 1641 diocesi
438 1566 551 1663 posita
567 1577 623 1641 est
640 1576 681 1641 ut
696 1567 845 1665 antiqua
862 1567 994 1666 scripta
1011 1567 1258 1642 demonstrant
1283 1567 1431 1642 minime
1456 1590 1512 1641 co·

288 1677 457 1768 hibuerit,
482 1680 607 1754 scitote
625 1679 709 1777 quia
727 1679 967 1778 patriarcham
986 1679 1170 1775 Ignatium
1187 1679 1247 1778 qui
1266 1679 1359 1754 sedis
1380 1688 1511 1754 nostrae

291 1793 413 1866 favore
431 1791 600 1866 thronum
624 1793 766 1891 recepit,
783 1793 899 1868 denuo
915 1792 1143 1889 depositionis
1167 1802 1352 1890 tamquam
1376 1790 1512 1867 violen-

289 1914 366 1979 tum
384 1915 420 1982 et
436 1906 667 1981 temerarium
685 1907 946 1996 submittemus,
964 1916 1000 1982 et
1017 1908 1208 2004 Episcopos
1220 1931 1263 1981 ac
1276 1906 1511 2004 Presbyteros

289 2022 507 2110 Graecorum,
520 2022 582 2119 qui
596 2021 671 2097 illio
689 2022 925 2098 inveniuntur
942 2020 1149 2118 depositioni
1167 2029 1203 2095 ct
1219 2019 1439 2094 anathemati
1453 2044 1513 2093 su-

288 2132 462 2229 bigemus,

827 2278 977 2363 CXCIII.

384 2477 558 2553 Iohannes
575 2479 769 2578 Episcopus
782 2478 912 2553 dilecto
925 2476 997 2549 filio
1011 2475 1183 2550 Hludoico
1196 2474 1351 2570 glorioso
1365 2474 1442 2570 regi
1458 2474 1511 2548 in·

287 2599 342 2663 ter
359 2600 497 2664 caetera.
515 2592 641 2667 Multis
653 2617 696 2667 ac
709 2591 821 2665 variis
834 2588 1104 2687 manifestisque
1117 2588 1304 2686 prudentia
1317 2597 1380 2661 tua
1394 2587 1511 2686 potuit

288 2699 431 2776 iudiciis
444 2704 751 2801 comprehendere,
762 2703 1004 2778 Pannonicum
1019 2702 1175 2777 diocesin
1185 2701 1229 2773 ab
1242 2700 1326 2775 olim
1338 2699 1511 2798 Apostoli·

288 2839 329 2888 ce
346 2815 438 2890 sedis
455 2817 658 2913 privilegiis
675 2819 891 2915 deputatam,
909 2816 939 2889 si
957 2817 1050 2913 apud
1068 2815 1315 2891 excellentiam
1338 2824 1439 2887 tuam
1457 2815 1511 2888 iu·

289 2928 386 3003 stitia
402 2930 444 3004 de
459 2930 518 3005 illo
532 2956 613 3006 cum
629 2933 724 3008 sicut
740 2933 841 3008 decet
854 2932 1042 3008 invenerit.
1056 2936 1131 3006 Hoc-
1144 2931 1240 3006 euim
1251 2929 1437 3030 synodalia
1449 2954 1513 3026 ge·

288 3053 343 3117 sta
360 3045 532 3136 iudicant,
541 3046 919 3146 hystoriaaconscripte
933 3046 1185 3122 demonstrant.
1195 3047 1332 3118 Verum
1341 3043 1425 3141 quia
1434 3042 1513 3142 quis

287 3156 436 3232 busdam
453 3159 637 3235 hostilium
656 3161 897 3236 turbationum
916 3160 1160 3234 simultatibus
1181 3157 1456 3259 impedientibus
1469 3157 1511 3231 il·

287 3270 346 3346 luc
359 3271 404 3345 ab
418 3273 619 3370 Apostolica
630 3274 718 3351 Sede
729 3283 862 3349 nonest
872 3273 932 3347 diu
942 3298 986 3349 ex
995 3297 1091 3348 more
1100 3273 1258 3348 directus
1269 3271 1430 3360 antistes,
1442 3270 1510 3348 hoc

286 3385 380 3482 apud
398 3385 543 3481 ignaros
560 3387 711 3461 venitin
725 3387 883 3462 dubium.
897 3391 943 3462 Et
957 3387 1061 3461 infra.
1075 3392 1188 3462 Nemo
1205 3397 1326 3462 autem
1343 3386 1386 3461 de
1402 3408 1510 3460 anno·

287 3521 367 3571 rum
381 3523 528 3573 numero
549 3501 743 3575 resultandi
754 3511 874 3575 sumat
883 3501 1182 3599 fomentumquia
1195 3509 1328 3575 sancte
1341 3503 1510 3574 Romania

287 3609 347 3684 eui
369 3613 441 3686 Deo
465 3623 609 3691 auctore
633 3614 811 3688 servimus
836 3613 995 3689 Ecclesie
1016 3613 1218 3711 privilegia,
1239 3636 1319 3711 quae
1339 3611 1377 3685 iu
1406 3612 1508 3686 firme

288 3732 395 3820 petrae
412 3725 618 3801 stabilitatis
635 3738 734 3827 petra
752 3729 919 3826 suscepit,
936 3726 1048 3800 nullis
1072 3725 1290 3825 temporibus
1310 3733 1509 3821 angustan-

288 3845 359 3922 tur,
376 3836 488 3912 nullis
506 3863 697 3935 regnorum
716 3841 937 3937 partionibus
950 3839 1239 3939 praeiudicantur.
1253 3839 1322 3913 Sed
1342 3849 1379 3914 et
1403 3863 1508 3912 vene-

288 3948 406 4021 randae
417 3953 583 4026 Romanae
592 3953 693 4048 leges
706 3953 880 4027 divinitus
891 3952 1034 4029 nonnisi
1048 3963 1125 4051 post
1135 3953 1507 4028 Canuosadmittuut.

812 4180 981 4264 (llldllll.

383 4402 558 4478 Iohannes
574 4405 770 4503 Episcopus
786 4406 939 4501 glorIoso
957 4406 1034 4480 viro
1051 4405 1313 4481 Karolomauno
1330 4405 1451 4483 dilecti
1469 4406 1509 4479 fi-

290 4510 328 4584 lii
348 4517 457 4590 nostri
486 4517 650 4592 Hludoiri
671 4519 768 4614 regis
793 4518 877 4609 filio,
893 4519 987 4593 iuter
1007 4528 1134 4594 cetera.
1160 4522 1284 4616 Itaque
1309 4519 1444 4593 reddito
1464 4543 1508 4594 ao
