3608 5498
800 413 841 427 -
866 379 930 441 503
959 413 996 425 -

289 509 324 573 et
337 499 379 573 de
394 499 497 574 terris
512 499 567 574 vel
587 524 734 573 censum
748 524 853 597 quem
873 500 1131 574 Constantinus
1148 499 1349 595 imperator,
1364 501 1420 576 rel
1439 505 1510 574 Ka-

290 612 385 685 rolns
403 623 526 687 saneto
541 617 645 686 Petro
661 612 846 699 dederunt,
864 613 954 687 etde
968 612 1132 685 omnibus
1149 613 1313 687 eeclesiis
1330 615 1388 689 vel
1402 615 1511 713 presi·

290 725 369 813 diis,
386 750 465 822 qnae
482 726 670 823 apostolice
685 726 756 800 sedi
771 726 814 799 ab
828 726 1010 823 aliquibus
1028 726 1117 800 viris
1135 725 1193 802 rel
1212 728 1422 803 mulieribus
1446 729 1511 802 ali-

289 862 359 935 quo
375 849 531 937 tempore
557 849 642 913 sunt
660 839 717 913 vel
737 839 871 913 fuerint
888 838 1015 926 oblata,
1037 838 1095 914 rel
1117 865 1296 927 concessa,
1321 852 1357 916 et
1376 842 1413 914 in
1431 867 1510 915 mea

290 962 385 1040 sunt,
395 953 452 1027 vel
466 953 601 1027 luerint
614 962 795 1049 potestate,
807 953 857 1026 ita
866 952 1092 1028 cumveniam
1105 978 1187 1027 cum
1200 945 1305 1050 Papa,
1321 963 1359 1026 ut
1373 953 1510 1052 perieu-

291 1065 366 1139 lum
377 1066 557 1163 sacrilegii
572 1091 641 1141 nen
656 1067 849 1155 incurram,
863 1079 899 1143 et
913 1069 984 1140 Dee
997 1077 1188 1164 sanctoque
1201 1070 1304 1140 Petro
1316 1067 1510 1140 adiuvante

291 1178 434 1253 Christo
450 1180 602 1275 dignum
621 1181 785 1255 honorem
805 1191 841 1254 et
858 1180 1075 1254 hutilitatem
1099 1180 1311 1278 impendam,
1329 1191 1364 1255 et
1389 1205 1428 1255 ee
1454 1180 1510 1255 die

290 1315 359 1388 quo
376 1291 477 1366 illum
500 1294 597 1389 prius
614 1294 749 1380 videbe,
767 1293 917 1369 fideliter
936 1319 997 1392 per
1016 1320 1143 1368 manns
1161 1319 1258 1368 meas
1278 1294 1380 1370 miles
1393 1293 1510 1368 saneti

291 1405 389 1478 Petri
406 1405 548 1480 etillins
565 1407 708 1480 efficiar.
726 1407 765 1481 Si
780 1432 834 1481 me
853 1409 949 1481 Deus
965 1407 1112 1483 adiuvet
1129 1418 1165 1482 et
1177 1408 1254 1482 haee
1268 1419 1392 1482 saneta
1405 1432 1512 1481 evan·

290 1516 397 1612 galia.

835 1635 967 1721 CLXII.

304 1829 523 1882 iuramentum
542 1832 768 1896 episcoporum
789 1833 896 1898 quiin
916 1833 1063 1883 Romana
1081 1833 1245 1885 AEeelesia
1264 1839 1501 1888 consecrantur

423 1921 457 1971 et
476 1920 518 1972 ab
538 1933 577 1973 ea
596 1922 734 1972 Pailium
753 1922 923 1987 accipiunt.
941 1923 989 1971 Ex
1007 1933 1074 1985 reg.
1094 1933 1182 1985 pape
1201 1922 1385 1976 Alexandri.

389 2077 468 2168 Ego
485 2074 704 2150 Gnibbertus
723 2078 911 2148 Ravennas
928 2073 1214 2172 archiepiscopus
1235 2076 1279 2150 ab
1292 2076 1359 2151 lrac
1372 2078 1457 2152 hora
1476 2077 1512 2151 in

291 2196 397 2260 antea
424 2187 537 2261 fidelis
559 2212 618 2260 ero
640 2192 771 2262 Sancto
797 2191 912 2275 Petra,
929 2199 1122 2285 sancteque
1149 2192 1315 2262 Romanae
1333 2191 1516 2279 νοοοΙοείνο,4

291 2310 327 2372 ut
337 2300 476 2375 domino
486 2325 562 2375 meo
573 2305 676 2398 Papae
690 2301 898 2387 Alexandro,
909 2302 1053 2398 suisque
1063 2302 1329 2375 suecessoribus
1342 2302 1513 2379 electione

292 2413 476 2488 meliorum
504 2416 741 2490 cardinalium
760 2414 988 2488 intrantibus
1016 2418 1093 2488 Non
1108 2438 1168 2488 ero
1182 2415 1219 2488 in
1234 2417 1381 2490 consilio
1399 2442 1512 2515 neque

292 2526 329 2597 in
344 2527 446 2617 facte,
461 2538 500 2601 ut
519 2529 630 2602 vitam
649 2529 798 2627 perdant
815 2538 879 2600 aut
900 2527 1067 2615 membra,
1085 2539 1120 2602 et
1137 2542 1200 2601 ant
1218 2529 1312 2624 capti
1332 2530 1404 2604 siut
1418 2529 1512 2602 mala

292 2642 463 2738 captione.
474 2643 670 2717 Consilium
682 2666 765 2716 voro
775 2643 865 2740 qued
879 2640 963 2716 mihi
980 2640 1151 2715 credituri
1161 2651 1246 2715 suut
1257 2667 1364 2738 perse
1378 2652 1441 2716 aut
1451 2667 1513 2740 por
1558 2703 1561 2709 ,

292 2755 437 2828 nuntios
454 2780 545 2842 snos
563 2755 639 2831 sive
658 2781 719 2853 per
737 2756 876 2831 litteras
895 2754 986 2828 nulli
1008 2754 1238 2829 manifestabo
1255 2756 1299 2828 ad
1317 2779 1436 2829 eorum
1455 2756 1515 2829 da·

294 2896 416 2942 mnnm
438 2894 491 2943 me
505 2871 649 2945 sciente.
668 2874 840 2968 Papatum
862 2874 1058 2943 Romanum
1079 2878 1114 2941 et
1133 2867 1269 2962 regalia
1287 2868 1402 2942 saneti
1418 2869 1512 2942 Petri

292 2981 431 3056 adiutor
448 2983 500 3057 eis
517 3008 575 3058 ero
588 2984 632 3058 ad
651 2985 887 3070 retinendum,
905 2994 940 3056 et
953 2981 1222 3066 defendendum,
1240 3005 1325 3054 savo
1342 2981 1418 3080 (sie)
1437 3006 1513 3057 meo

294 3097 425 3172 ordine.
443 3101 618 3193 Legatum
638 3102 847 3184 Romanum,
865 3095 1033 3170 cundoet
1051 3093 1226 3168 redeundo
1238 3093 1429 3168 honorifice
1443 3104 1514 3167 tra·

294 3211 405 3298 ctabe,
423 3221 458 3287 et
476 3213 511 3285 in
527 3213 601 3286 suis
620 3212 892 3287 necessitatibus
905 3207 1089 3282 adiuvabo.
1108 3210 1266 3281 Vocatus
1278 3207 1321 3280 ad
1335 3208 1512 3306 synodum

293 3325 414 3397 venire
433 3348 502 3397 non
516 3325 687 3411 differam,
704 3325 774 3397 nisi
789 3322 1001 3421 praepeditus
1014 3320 1184 3396 canonica
1198 3321 1437 3409 excusatione,
1455 3321 1514 3395 vel

294 3437 551 3534 praepeditione.
565 3440 605 3509 ln
624 3437 803 3511 nataliciis
816 3435 1048 3533 apostolerum
1068 3459 1190 3508 eorum
1207 3433 1332 3506 limina
1350 3433 1512 3522 visitabo,

294 3561 357 3624 aut
374 3575 435 3649 ρον
454 3575 519 3638 me,
536 3561 599 3624 aut
624 3575 685 3646 ρον
712 3550 878 3623 nuntium
908 3574 1025 3623 meum
1051 3547 1120 3620 nisi
1146 3545 1336 3644 apostolici
1361 3546 1508 3620 lieentia

296 3689 509 3738 remaneam.
527 3665 586 3738 Sic
605 3690 659 3738 rue
679 3667 774 3738 Deus
790 3663 936 3737 adiuret
953 3674 989 3735 et
1005 3660 1081 3736 hmo
1100 3668 1223 3734 saneta
1241 3658 1444 3755 evangelia.

613 3861 834 3912 iuramentum
853 3860 922 3910 eius
942 3858 998 3922 qui
1016 3856 1196 3921 deponitur.

430 3961 479 4009 Ex
499 3958 638 4021 registro
657 3958 717 4009 VII
736 3968 825 4022 pape
845 3956 991 4021 Gregorii
1007 3969 1085 4021 pag.
1104 3955 1227 4007 xviiii
1245 3953 1300 4005 lib.
1321 3954 1377 4004 111.

393 4123 468 4214 ligo
486 4117 681 4193 Guibertus
707 4118 872 4216 promitto
889 4116 1119 4214 omnipotenti
1138 4118 1219 4205 Dee,
1237 4124 1272 4190 et
1294 4115 1394 4190 beate
1413 4118 1517 4189 Petro

299 4234 543 4331 Apostolorum
562 4232 727 4331 principi,
742 4232 833 4329 quod
848 4232 884 4304 in
898 4253 1122 4327 quocumque
1141 4240 1297 4328 tempere
1314 4227 1457 4322 legatus
1472 4232 1517 4301 A·

296 4345 473 4445 postolicru
490 4347 583 4420 sedis
604 4347 762 4421 directus
783 4371 804 4415 a
830 4345 956 4418 domno
974 4341 1023 4415 ill.
1041 4367 1141 4440 papa,
1159 4341 1217 4416 vel
1235 4342 1280 4415 ab
1302 4341 1421 4441 alique
1438 4367 1518 4416 snc-

298 4483 491 4548 cessorum,
505 4484 649 4535 suorum
665 4459 750 4535 item
770 4480 995 4532 remanorum
1014 4455 1221 4555 pontificum
1235 4455 1279 4529 ad
1294 4481 1349 4532 me
1366 4455 1519 4542 venerit,
