3608 5498
799 446 839 462 ·-
867 413 929 475 511
957 443 997 459 -

286 562 339 613 no.
357 540 446 612 Item
464 559 532 609 non
553 534 651 609 misit
669 535 735 608 iste
754 535 865 607 Lazar
877 535 917 604 n.
931 541 971 603 nt
984 528 1234 628 depositionem
1250 552 1358 626 quam
1372 527 1508 601 iniuste

287 652 420 725 fecerat
437 651 673 725 confirmaret.
691 652 731 721 In
750 648 810 720 illo
836 645 988 720 iudicem
1016 642 1148 740 recepit
1167 646 1360 717 Romanam
1387 641 1512 716 aeccle·

287 765 377 837 siam
391 775 425 839 et
438 765 538 838 modo
551 788 619 836 non
635 763 770 861 recipit.
781 765 870 835 Item
886 759 1101 856 Apocrisarii
1117 759 1293 832 dixerunt.
1303 762 1420 844 erare
1434 779 1508 829 non

287 878 415 975 recipis
432 902 495 952 nos
511 903 595 953 cum
615 876 755 949 miseris
772 874 816 947 ad
831 872 1064 947 Benedictum
1083 875 1215 967 Papam
1244 870 1429 968 requirens
1456 894 1507 943 ro·

286 1015 433 1063 manum
451 989 635 1064 iudicium.
653 988 819 1082 Ignatius
835 985 934 1060 dixit.
948 985 1051 1059 Sicut
1063 985 1131 1058 ivit
1146 982 1281 1057 Paulus
1299 994 1335 1057 et
1352 982 1510 1056 Athana·

288 1103 363 1176 sins
373 1108 518 1178 Romam
529 1115 563 1178 et
573 1102 720 1177 indicati
734 1112 829 1186 sunt,
843 1099 871 1171 si
884 1099 1100 1172 invenissem
1114 1121 1181 1192 ego
1193 1097 1347 1171 alterum
1362 1096 1508 1183 Iulium,

288 1217 464 1291 venissem
480 1217 603 1313 utique
616 1216 840 1289 etiudicarer
858 1213 902 1285 ab
915 1237 965 1286 ee.
982 1211 1200 1308 Apocrisarii
1214 1211 1392 1285 dixerunt.
1404 1211 1441 1282 Si
1453 1233 1512 1283 vo-

289 1329 399 1403 lneris
409 1332 554 1403 Romam
566 1329 687 1403 venire
703 1326 992 1421 inveniesgratia
1007 1325 1069 1399 Dei
1084 1325 1238 1398 alterum
1258 1323 1402 1396 Iulium.
1418 1327 1507 1396 Item

289 1446 483 1539 Imperator
493 1443 594 1517 dixit.
604 1447 682 1538 Ego
696 1466 758 1515 vos
772 1441 906 1514 iudices
920 1437 1005 1511 abeo
1019 1447 1055 1512 et
1077 1437 1192 1510 omnis
1205 1435 1357 1510 ecclesia
1372 1435 1511 1509 iudices

289 1579 350 1628 vos
367 1566 402 1629 et
419 1557 685 1631 sanctissimum
706 1560 837 1652 Papam
858 1551 991 1647 recipit.
1006 1552 1096 1624 Item
1110 1549 1246 1622 Bardas
1269 1548 1442 1644 patricios
1459 1548 1509 1620 di-

287 1669 349 1742 xit.
367 1672 528 1767 Precepit
545 1695 608 1743 nos
624 1671 741 1744 dicere
758 1678 905 1742 sanctos
931 1666 1130 1762 imperator,
1157 1663 1324 1760 quoniam
1350 1686 1418 1757 ego
1445 1686 1510 1735 vos

289 1783 425 1857 indices
439 1784 569 1880 recipio
579 1794 744 1858 etomnes
758 1780 909 1881 episcopi
924 1789 960 1852 et
973 1777 1170 1854 sacerdotes
1185 1777 1368 1874 potestatis
1378 1788 1508 1863 nostre,

287 1905 323 1968 et
339 1896 511 1990 gloriosos
531 1907 772 1991 magnateset
785 1897 838 1971 sic
855 1896 1027 1968 hebemus
1046 1917 1108 1966 vos
1121 1893 1216 1967 sicut
1229 1917 1310 1965 eum
1324 1893 1386 1987 qni
1408 1891 1507 1964 misit

289 2030 352 2079 vos
369 2008 536 2104 qnoniam
551 2006 611 2081 ille
625 2008 840 2103 dignitatem
858 2019 894 2082 et
912 2019 1120 2106 potestatem
1136 2007 1231 2081 dedit
1246 2006 1466 2103 vobisquasi
1482 2007 1512 2079 si

292 2121 366 2215 ipsc
384 2121 432 2194 sit
447 2146 594 2218 presens
611 2123 662 2197 sie
680 2146 743 2196 nos
761 2132 1009 2219 computamus
1022 2132 1057 2195 ot
1070 2121 1278 2218 excipimus,
1295 2121 1511 2218 Apocrisnrii

293 2235 471 2308 dixerunt.
490 2238 634 2309 Gratias
651 2238 796 2331 aginms
811 2238 882 2309 Deo
895 2235 979 2332 quia
997 2235 1188 2330 imperator
1205 2242 1240 2307 ct
1258 2256 1320 2304 vos
1337 2243 1373 2306 ct
1390 2256 1512 2307 omnes

292 2348 514 2422 venerabiles
532 2348 683 2444 episcopi
704 2347 882 2442 recipiunt
900 2371 962 2421 nos
981 2347 1115 2419 indices
1132 2356 1168 2420 et
1181 2345 1514 2442 dominmnPapam.

290 2462 380 2532 Item
393 2460 609 2556 Apoerisarii
628 2461 796 2535 dixerunt
809 2461 852 2533 ad
866 2461 1054 2558 episcopos.
1065 2458 1237 2555 Recipitis
1251 2483 1313 2531 nos
1326 2469 1362 2532 et
1375 2460 1435 2555 qni
1451 2459 1516 2531 mi-

294 2570 341 2643 sit
355 2595 418 2644 nos
436 2576 542 2669 Papa.
556 2573 719 2670 Episcopi
738 2573 915 2647 dixerunt.
930 2573 1135 2671 Recipimus
1150 2595 1212 2645 vos
1230 2584 1360 2645 etcum
1375 2572 1435 2668 qui
1453 2572 1515 2644 mi·

291 2682 337 2755 sit
351 2707 424 2770 vos
437 2693 473 2758 ct
486 2684 697 2779 interrogati
716 2686 831 2773 tertio,
850 2686 1115 2784 responderunt.
1130 2685 1347 2782 Itecipimns.
1364 2689 1451 2760 Item
1470 2694 1515 2760 A·

292 2797 474 2892 pocrisnrii
489 2797 837 2874 dixeruntlndicarc
856 2800 933 2874 etsi
950 2811 1047 2895 potes
1063 2798 1218 2894 recipere
1232 2798 1396 2871 thronum
1410 2811 1513 2873 tunm

293 2910 417 3005 recipe.
433 2912 471 2982 Si
490 2936 660 2985 veronen
680 2924 776 3010 potes
795 2914 925 2987 recede.
946 2913 1112 3009 Ignatius
1134 2912 1232 2986 dixit.
1250 2913 1401 2986 Potestis
1427 2914 1513 2986 mihi

295 3020 438 3096 reddere
465 3022 608 3097 nllnm‘?
633 3025 849 3121 Apocrisarii
876 3026 1053 3100 dixerunt.
1080 3027 1118 3098 Si
1145 3025 1315 3099 rationem
1344 3026 1453 3101 habes
1477 3028 1513 3099 in

291 3135 365 3208 vita
378 3137 568 3233 Apostolici
588 3147 623 3212 et
640 3138 864 3235 imperatoris
878 3161 1062 3236 praesume.

807 3325 897 3376 Actio
918 3326 990 3374 1111.

390 3474 525 3548 Paulus
538 3475 723 3572 episcopus
733 3478 894 3552 Cesareae
908 3477 1126 3574 Cappadocie
1140 3478 1238 3554 dixit.
1249 3478 1513 3576 Apostolicnset

292 3586 508 3661 universalis
529 3592 621 3686 Papa
641 3590 738 3663 misit
758 3615 818 3665 vos
837 3591 972 3665 iudices
990 3592 1034 3665 ad
1053 3591 1167 3665 locum
1192 3594 1313 3681 istum,
1331 3604 1372 3665 nt
1397 3594 1513 3689 inqui·

295 3699 382 3772 ratis
400 3701 582 3794 negotium
602 3704 748 3796 Ignatii,
765 3713 801 3776 et
817 3703 968 3778 ccclesia
987 3707 1122 3803 recepit
1139 3730 1203 3781 ros
1220 3707 1417 3781 secundnm
1437 3732 1515 3780 vcr-

292 3811 375 3884 bnm
394 3813 549 3901 illiuset
566 3840 635 3889 non
654 3817 865 3892 contradicit
881 3818 923 3892 de
938 3820 1166 3894 renovatione
1180 3820 1304 3894 iudicii
1322 3818 1410 3893 eius.
1424 3822 1514 3893 Item

292 3924 462 3999 Zacharia
476 3927 670 4026 episcopus.
682 3931 758 4023 Ego
773 3929 853 4002 reni
866 3933 1011 4023 Romam
1021 3942 1056 4005 et
1071 3929 1263 4005 reclamavi
1279 3931 1372 4027 apud
1383 3933 1515 4005 sancti·

291 4047 400 4112 tatem
413 4040 802 4136 Papaequodlgnntins
819 4043 896 4116 sine
910 4044 1081 4118 electione
1094 4044 1246 4117 intravit
1259 4044 1296 4116 in
1311 4043 1513 4118 aecclesiam

294 4161 331 4224 et
354 4152 460 4225 eiecit
477 4152 679 4249 episcopum
699 4156 982 4249 Syracusanum,
999 4168 1034 4231 et
1052 4157 1140 4231 alios
1157 4158 1244 4232 duos
1269 4158 1355 4232 fecit
1379 4181 1441 4254 pro
1465 4182 1515 4234 eo.

293 4266 381 4337 Item
401 4264 567 4359 Synodus
584 4265 684 4339 dixit.
703 4266 835 4340 Omnes
853 4269 1018 4341 novimus
1036 4270 1202 4366 quoniam
1225 4270 1303 4343 sine
1321 4296 1429 4344 cansa
1447 4271 1515 4345 εἰθ-

292 4377 342 4449 rit
359 4377 539 4474 episcopos
555 4380 640 4452 istos
654 4379 830 4473 Ignatius‚
847 4391 883 4454 et
899 4381 987 4455 alios
1005 4382 1090 4455 fecit
1108 4382 1145 4454 in
1165 4382 1251 4456 locis
1272 4407 1406 4457 eorum.
1424 4390 1515 4481 Apo-

293 4490 432 4563 crismii
451 4491 629 4565 dixerunt.
647 4492 820 4577 Quoniam
840 4493 1007 4586 Ignatins
1020 4493 1158 4566 nnllam
1172 4519 1316 4569 causam
1331 4495 1514 4569 ostendere
