3608 5498
800 407 997 472 -oot-

287 529 453 626 predata,
465 537 530 604 aut
546 537 642 605 certe
660 528 801 604 sculcas
818 529 911 626 quod
928 529 1084 605 mittaris
1099 527 1252 604 sollicito
1271 526 1452 627 requirite,
1465 552 1509 602 ne
1600 613 1605 621 ⁸

289 642 412 717 dolens
429 642 567 717 factum
585 643 628 716 ad
653 666 719 717 vos
743 641 931 718 discurrat.
948 645 1045 718 Idem
1064 644 1188 720 Veloci
1214 643 1389 738 magistro
1419 641 1512 716 mili·

288 767 377 831 tum.
393 760 501 832 Nunc
527 781 611 832 vero
640 757 729 833 utile
758 757 877 833 visum
904 766 1024 833 estut
1052 757 1228 857 aliquanti
1258 756 1347 833 illue
1377 756 1511 831 milites

288 871 595 971 transmittantur,
612 896 700 970 quos
724 871 840 968 gloria
865 880 927 946 tua
944 895 1146 947 ammonere
1163 880 1199 946 et
1215 869 1352 946 hortari
1368 869 1512 944 studeat

290 993 331 1057 ut
349 984 464 1081 parati
483 984 557 1058 sint
574 985 619 1061 ad
636 985 801 1061 laborem.
818 988 864 1060 ut
882 985 988 1082 paulo
1005 996 1091 1081 post.
1109 989 1154 1061 Et
1171 985 1202 1060 si
1219 984 1292 1066 huo
1308 984 1367 1060 vel
1383 983 1429 1059 ed
1445 985 1513 1057 Ra·

289 1108 464 1172 vennates
482 1107 600 1195 partes
616 1123 682 1175 nec
700 1099 890 1174 dicendum
905 1098 1111 1172 Hariulfum
1128 1097 1371 1194 cognoveritis
1387 1120 1512 1172 excur-

290 1234 378 1299 rere,
395 1234 459 1286 vos
475 1236 497 1284 a
514 1212 614 1287 dorso
631 1212 709 1288 eius
725 1212 777 1286 ita
794 1211 890 1287 sicut
906 1210 1003 1285 viros
1019 1212 1189 1288 condecet
1213 1211 1380 1300 laborate,
1396 1209 1512 1309 quati·

290 1349 360 1397 nus
376 1324 493 1421 opinio
518 1335 638 1401 vestra
662 1349 707 1400 cx
730 1325 910 1399 laboribus
934 1325 1065 1399 vestris
1094 1324 1268 1423 qualitate
1292 1322 1449 1421 amplius
1474 1322 1513 1396 iu

291 1439 447 1511 Romano
466 1438 637 1514 Pontifice
654 1441 727 1514 Deo
751 1438 949 1515 auxiliante
973 1441 1143 1538 proficiat.
1160 1440 1259 1516 Idem
1276 1438 1428 1514 Iohanni
1445 1440 1513 1512 Ra·

291 1552 439 1625 vennati
458 1552 628 1650 Episcopo
644 1553 738 1629 inter
762 1564 891 1629 cetera.
909 1554 1073 1629 Peccatis
1097 1553 1186 1629 mais
1202 1553 1270 1629 hoc
1287 1560 1411 1650 reputo
1427 1549 1512 1648 quia

292 1663 359 1738 iste
381 1665 443 1762 qui
460 1691 559 1741 nuno
576 1666 675 1741 intus
692 1677 757 1757 est,
775 1665 867 1742 idest
883 1669 1065 1742 Romanus
1089 1666 1279 1756 exereitus,
1295 1675 1331 1742 et
1347 1686 1511 1764 pugnare

293 1785 416 1850 contra
432 1777 596 1852 inimicos
614 1789 751 1853 nostros
767 1778 982 1869 dissimulat,
995 1790 1031 1856 et
1047 1803 1111 1855 nos
1128 1805 1251 1884 pacem
1269 1780 1388 1856 faeere
1404 1785 1513 1853 vetat

292 1889 390 1963 Idam
409 1889 611 1965 Alexandro
629 1892 776 1966 Praetori
794 1891 928 1968 Sicilie
944 1893 1040 1969 inter
1056 1897 1184 1970 cetera.
1202 1894 1241 1967 Si
1261 1917 1330 1990 ego
1347 1893 1385 1966 in
1403 1899 1515 1965 morte

293 2005 606 2100 Langobardorum
624 2031 682 2082 mo
700 2006 850 2082 miscere
867 2006 1061 2083 voluissem
1082 2007 1184 2084 hodie
1201 2006 1514 2104 Langobardorum

292 2142 384 2214 gens
401 2144 467 2194 noo
492 2143 626 2216 regem,
644 2145 710 2195 nec
740 2120 878 2210 ducem,
896 2145 963 2196 neo
992 2120 1142 2196 comites
1165 2120 1323 2209 haberet,
1339 2128 1447 2217 atque
1476 2117 1515 2191 in

293 2258 435 2307 summa
448 2244 543 2309 esset
556 2232 763 2308 confusione
779 2231 906 2307 divisa.
919 2233 989 2309 Sed
1005 2234 1091 2331 quia
1104 2236 1219 2309 Deum
1237 2233 1356 2323 timeo,
1369 2233 1408 2308 in
1425 2255 1516 2306 mor·

295 2358 330 2421 te
348 2347 540 2424 cuiuslibet
556 2347 713 2423 hominis
731 2372 786 2423 me
804 2347 955 2423 miscere
972 2347 1131 2423 formido.

812 2513 988 2598 LXVIIII.

389 2688 587 2785 Gregorius
604 2688 643 2761 in
663 2690 712 2763 VI
731 2685 820 2761 libro
837 2685 1036 2762 moralium.
1052 2690 1124 2762 Isto
1146 2711 1302 2786 namque
1326 2686 1514 2763 veritatem

294 2799 365 2873 iam
383 2800 512 2877 habere
530 2802 680 2877 defende
701 2800 848 2899 appetit,
873 2800 934 2876 sed
959 2802 1142 2877 tamenin
1167 2801 1242 2899 ipso
1266 2824 1330 2876 suo
1354 2800 1516 2899 appetitu

292 2914 452 3011 trepidus
468 2914 751 3011 indignationem
769 2913 953 3011 potestatis
969 2913 1137 2989 humanae
1154 2914 1383 3012 pertimescit.
1406 2914 1515 2990 Oum-

293 3052 361 3125 que
378 3029 415 3101 in
433 3037 529 3103 terra
547 3027 726 3102 hominem
744 3039 868 3103 contra
886 3029 1077 3104 veritatem
1102 3039 1220 3127 pavet,
1238 3028 1396 3104 eiusdem
1417 3027 1512 3102 ueri·

292 3142 378 3215 tatis
394 3141 642 3216 iram-caelitus
659 3141 822 3216 sustinet.
839 3142 927 3216 Item
946 3140 984 3213 in
1002 3144 1103 3217 XXI.
1120 3140 1288 3216 Debitum
1307 3141 1436 3237 quippe
1463 3163 1516 3214 re-

293 3257 402 3330 ctoris
418 3266 473 3331 est
489 3280 653 3353 supernae
670 3255 794 3353 patriar
810 3253 963 3351 gloriam
980 3278 1044 3351 per
1059 3277 1184 3329 vocem
1202 3252 1464 3351 predicationis
1480 3275 1515 3325 0-

292 3370 467 3459 standcre,
486 3380 620 3468 quauta
637 3369 675 3443 in
692 3368 802 3443 huius
818 3367 904 3442 vita
925 3377 1141 3442 testamenta
1164 3367 1303 3464 antiqui
1329 3365 1441 3440 hostis
1466 3365 1515 3439 la·

292 3493 392 3558 teaut
416 3483 564 3580 aperire,
590 3481 872 3558 atsubditorum
898 3478 991 3554 mala
1016 3503 1096 3578 quae
1120 3480 1264 3556 tolerari
1289 3478 1418 3554 leniter
1444 3500 1515 3551 nou

292 3594 430 3683 debent,
446 3619 529 3670 cum
549 3618 682 3690 magna
699 3593 766 3668 zeli
783 3592 974 3691 asperitate
992 3593 1184 3690 corrigere,
1196 3617 1241 3667 ne
1254 3593 1286 3667 si
1300 3593 1420 3667 minus
1433 3613 1515 3667 oon·

292 3718 348 3782 tra
365 3708 491 3805 culpas
507 3707 726 3795 accenditur,
738 3706 926 3806 culparum
947 3707 1106 3782 omnium
1133 3731 1216 3782 reus
1239 3706 1315 3806 ipse
1340 3713 1516 3780 teneatur.

293 3824 383 3896 Item
402 3822 441 3894 in
459 3823 639 3896 XXXIIII
657 3820 719 3894 ubi
744 3819 942 3918 exponitur.
968 3820 1042 3896 Sub
1067 3821 1142 3918 ipso
1166 3828 1274 3895 eruut
1298 3818 1407 3893 radiis
1431 3816 1517 3892 solis

295 3937 363 4007 VII
381 3944 417 4010 et
431 3960 528 4010 nunc
543 3959 626 4009 oum
640 3934 791 4032 quisque
804 3932 1018 4031 sapientium
1032 3944 1139 4031 atque
1152 3933 1334 4009 doctorum
1349 3953 1412 4030 pro
1423 3952 1518 4005 com·

292 4048 391 4122 modo
407 4057 444 4122 et
459 4047 575 4143 gloria
593 4046 676 4122 vitae
692 4045 906 4144 temporalis,
923 4071 985 4143 per
1006 4044 1221 4120 adulationis
1238 4043 1378 4143 lapsum
1403 4052 1515 4118 terre·

291 4163 386 4235 visse
407 4159 639 4258 potestatibus
656 4184 765 4257 prave
781 4158 974 4254 agentibus
990 4158 1133 4246 subicit,
1149 4157 1252 4255 quasi
1264 4155 1331 4231 sub
1344 4153 1513 4250 vestigiis

291 4274 471 4348 venientis
487 4271 675 4348 aniohristi
693 4271 777 4346 solis
790 4296 827 4345 se
841 4271 962 4346 radius
978 4271 1119 4359 sternit,
1136 4281 1172 4346 et
1188 4269 1291 4346 velut
1303 4268 1383 4344 oaeli
1397 4268 1516 4344 lucem

289 4387 358 4461 sibi
383 4385 442 4460 vol
459 4396 615 4462 remotus
632 4384 811 4475 humiliat,
831 4384 917 4460 dum
935 4408 998 4483 per
1020 4383 1231 4484 pestiferum
1257 4407 1444 4459 assensum
1463 4406 1518 4454 sa·

290 4501 466 4597 pientium
486 4511 624 4577 mentes
641 4500 770 4576 calcat.
1023 4510 1027 4517 '
