3608 5498
827 392 1000 454 ..45-

300 507 403 582 infra.
421 510 662 606 congregatis
679 511 795 607 igitur
812 511 913 584 nobis
931 512 968 584 iu
986 512 1043 587 die
1061 514 1194 589 mensis
1212 515 1368 590 secunda
1390 518 1426 590 et
1451 518 1523 590 XX

299 622 495 697 secundum
513 627 699 711 Romanos,
715 624 920 698 Nestorium
937 651 958 699 a
983 627 1179 702 sacerdotio
1203 642 1441 727 corruptaque
1465 631 1523 704 do-

301 734 417 809 ctrina
434 733 663 825 removimus,
680 736 930 834 depositionem
949 740 1027 814 eius
1043 742 1253 817 canonicam
1272 743 1456 832 facientes,
1472 754 1524 818 at·

298 872 367 947 que
385 848 572 924 laudantes
586 853 658 925 Deo
670 851 960 926 amantissimum
974 865 1009 929 et
1024 855 1293 930 sanctissimum
1307 857 1523 955 Episcopum

300 962 462 1038 maximae
479 966 597 1038 Roma
614 963 847 1053 Celestinum,
864 967 927 1064 qui
945 979 1027 1043 ante
1045 980 1202 1044 nostram
1227 973 1443 1046 sententiam
1469 998 1522 1047 re-

301 1075 487 1174 prehendit
504 1077 663 1152 heretica
681 1079 838 1153 Nestorii
863 1080 1042 1177 dogmata,
1059 1093 1096 1158 et
1112 1094 1196 1159 ante
1213 1108 1277 1159 nos
1294 1085 1442 1181 protulit
1465 1086 1524 1159 ad·

300 1214 444 1264 versum
461 1215 545 1264 eum
563 1191 776 1264 sententiam
795 1203 937 1290 propter
953 1195 1189 1270 ecclesiarum
1207 1196 1384 1273 cautelam
1404 1209 1439 1272 et
1453 1211 1523 1272 tra-

302 1304 413 1376 ditam
430 1304 532 1378 uobis
549 1305 652 1379 fidem
670 1305 715 1379 ab
733 1306 919 1402 Apostolis.

840 1537 986 1621 XXVII.

396 1762 537 1836 Sanctae
555 1764 684 1838 Sinodo
701 1787 780 1861 quae
805 1787 867 1859 per
891 1765 1048 1858 gratiam
1067 1764 1132 1840 Dei
1157 1776 1379 1863 congregata
1404 1776 1459 1841 est
1484 1747 1523 1840 in

296 1871 364 1947 hac
382 1872 513 1970 Ephesi
531 1876 725 1972 metropoli,
742 1874 891 1950 Cirillus
907 1876 1104 1974 Episcopus
1118 1878 1385 1954 Alexandrinus
1399 1890 1434 1955 et
1449 1883 1523 1955 Me·

297 1988 418 2061 minon
435 1988 630 2086 Episcopus
647 1991 805 2065 eiusdem
829 1989 971 2088 Ephesi.
996 1993 1043 2063 Et
1068 1990 1172 2065 inira.
1197 1991 1372 2066 Iohannes
1398 1992 1522 2066 Antio

296 2100 431 2174 chenus
449 2102 644 2198 Episcopus
661 2112 792 2199 putans
808 2126 872 2176 nos
889 2102 1151 2199 dampnationis
1168 2106 1312 2179 nomine
1327 2129 1427 2202 posse
1445 2130 1522 2202 per·

295 2213 387 2302 colli,
397 2214 626 2288 contumeliis
638 2214 937 2290 intollerabilibus
950 2216 1078 2292 affecit.
1089 2222 1135 2291 Et
1143 2230 1240 2293 certe
1253 2219 1338 2293 dum
1352 2220 1429 2294 haeo
1442 2244 1521 2318 quae

294 2328 499 2402 Nestorium
517 2328 752 2403 damnaverat
773 2330 929 2418 sinodus,
954 2329 1035 2426 plus
1060 2330 1131 2406 OC.
1155 2355 1304 2406 numero
1328 2332 1521 2431 Episcopos

294 2450 435 2516 sanctos
447 2441 623 2531 habuerit,
637 2441 696 2516 ille
714 2443 954 2539 congregavit
970 2443 1156 2532 hereticos,
1169 2454 1204 2520 et
1216 2444 1304 2520 alios
1320 2455 1517 2534 accusatos,

295 2556 412 2629 XXX.
423 2555 496 2630 lere
509 2578 665 2629 numero.
675 2559 723 2630 Et
734 2581 849 2654 neque
862 2582 883 2630 a
897 2557 1102 2632 constitutis
1115 2557 1370 2633 ecclesiasticis
1386 2558 1521 2634 habens

294 2677 503 2765 potestatem
522 2676 587 2742 aut
603 2668 762 2744 iudicare
781 2694 996 2768 quemquam
1014 2680 1188 2760 nostrum,
1205 2681 1269 2746 aut
1284 2672 1429 2747 omnino
1446 2673 1519 2748 tale

292 2781 426 2880 aliquid
438 2791 650 2881 attemptare
665 2782 816 2858 maxime
830 2791 953 2856 contra
968 2783 1138 2858 maiorem
1152 2784 1283 2873 sedem,
1296 2784 1381 2858 dum
1392 2785 1517 2884 utique

292 2894 352 2969 vel
369 2896 400 2970 si
418 2921 499 2971 eum
518 2895 642 2972 liceret
658 2897 817 2972 iudicare
834 2905 1052 2972 convenerat
1069 2896 1172 2994 sequi
1189 2895 1452 2971 ecclesiasticas
1467 2922 1520 2971 re·

291 3007 410 3102 gulas,
425 3019 463 3084 et
483 3009 670 3084 admonere
696 3031 770 3096 nos,
795 3008 857 3106 qui
883 3009 1112 3083 contumeliis
1136 3008 1255 3085 affecti
1280 3034 1407 3084 sumus
1432 3035 1515 3085 cum

221 3189 225 3196 .
291 3119 360 3195 hac
374 3122 543 3196 universa
556 3131 676 3196 vestra
689 3121 812 3195 sinodo
825 3145 953 3196 vocare
970 3123 1015 3196 ad
1033 3123 1322 3198 satisfactionem.
1335 3126 1443 3197 Nunc
1456 3148 1521 3196 au·

291 3233 465 3308 temnihil
477 3234 604 3308 horum
614 3233 822 3329 excogitans
832 3258 947 3332 neque
956 3259 1111 3310 amorem
1122 3236 1188 3310 Dei
1197 3235 1236 3309 in
1245 3236 1364 3310 animo
1373 3235 1519 3327 habens,

292 3347 413 3422 eadem
430 3347 518 3421 hora
535 3371 606 3445 qua
624 3347 804 3444 Ephesum
822 3347 1011 3444 ingressus
1028 3357 1093 3436 est,
1110 3346 1251 3423 occulte
1272 3357 1309 3423 et
1333 3347 1434 3423 nullo
1458 3373 1518 3423 uo

291 3468 448 3534 atrorum
464 3460 607 3535 omnino
624 3460 769 3549 sciente,
785 3460 878 3558 quod
895 3461 1176 3557 praesumebatur
1194 3487 1300 3536 suum
1316 3460 1450 3536 delusit
1461 3486 1519 3535 ea·

291 3582 366 3669 put,
382 3598 427 3647 ne
444 3573 606 3648 dicamus
622 3572 885 3648 ecclesiasticas
902 3571 1013 3669 leges,
1029 3584 1065 3649 et
1081 3573 1258 3649 sententia
1280 3573 1518 3672 condempna-

291 3685 398 3760 tionis
408 3686 603 3760 iniuriatus
617 3697 671 3761 est
682 3709 751 3775 eos,
764 3686 825 3784 qui
840 3684 1007 3761 nesciunt
1020 3709 1133 3784 usque
1142 3686 1187 3760 ad
1198 3684 1410 3761 hodiernum
1419 3685 1515 3761 diem

290 3797 348 3872 vel
364 3797 506 3895 qualem
523 3797 650 3872 habuit
665 3799 710 3872 ad
727 3797 821 3874 hanc
839 3824 912 3874 rem
939 3800 1169 3876 occasionem.
1195 3798 1372 3888 Quoniam
1399 3798 1517 3894 igitur

290 3933 509 4008 consequens
527 3920 669 3985 estnon
686 3910 738 3984 sio
756 3910 889 3985 calcari
907 3910 1172 3985 ecclesiasticas
1188 3910 1289 4006 leges
1313 3933 1381 3985 nec
1402 3909 1519 3981 inani-

290 4031 346 4097 ter
362 4034 486 4098 contra
503 4023 655 4121 potiores
672 4047 862 4119 assurgere
880 4031 945 4096 aut
968 4022 1056 4096 talia
1072 4023 1212 4099 occulte
1233 4020 1413 4118 praesumi,
1438 4044 1517 4118 quse

289 4159 360 4209 non
378 4136 512 4211 faceret
533 4135 687 4234 aliquem
706 4147 830 4210 contra
849 4159 963 4211 unum
989 4134 1159 4208 ultimum
1184 4133 1346 4209 ecclesia
1362 4133 1518 4229 gradum

289 4257 481 4338 tenentem,
497 4258 533 4324 et
555 4247 622 4321 sub
647 4257 821 4346 potestate
846 4249 925 4322 eius
949 4249 1197 4322 constitutum.
1222 4247 1292 4321 Hic
1315 4256 1436 4322 autem
1462 4255 1518 4322 est

289 4361 364 4458 ipse
381 4385 464 4436 eum
483 4359 557 4435 illis
574 4360 636 4458 qui
652 4360 719 4435 hoo
744 4386 828 4435 curn
854 4383 895 4434 eo
919 4369 1086 4455 egerunt,
1108 4357 1310 4434 necessario
1333 4359 1516 4434 offerimus

288 4481 420 4546 vestrae
436 4472 647 4548 reverentias
663 4473 748 4546 istos
765 4472 912 4561 libellos,
928 4472 1138 4547 adiurantes
1152 4496 1216 4547 vos
1230 4496 1292 4570 per
1305 4483 1467 4547 sanctam
1481 4481 1518 4545 et
