<?xml version="1.0" encoding="UTF-8"?>
<!DOCTYPE html PUBLIC "-//W3C//DTD XHTML 1.0 Transitional//EN"
    "http://www.w3.org/TR/xhtml1/DTD/xhtml1-transitional.dtd">
<html xmlns="http://www.w3.org/1999/xhtml" xml:lang="en" lang="en">
 <head>
  <title>
</title>
<meta http-equiv="Content-Type" content="text/html;charset=utf-8" />
  <meta name='ocr-system' content='tesseract 3.04.00' />
  <meta name='ocr-capabilities' content='ocr_page ocr_carea ocr_par ocr_line ocrx_word'/>
</head>
<body>
  <div class='ocr_page' id='page_1' title='image "./collectiocanonu00deusgoog_0493.png"; bbox 0 0 3608 5498; ppageno 0'>
   <div class='ocr_carea' id='block_1_1' title="bbox 286 381 1619 4566">
    <p class='ocr_par' dir='ltr' id='par_1_1' title="bbox 286 381 1619 4566">
     <span class='ocr_line' id='line_1_1' title="bbox 795 381 991 449; baseline -0.005 -1"><span class='ocrx_word' id='word_1_1' title='bbox 795 415 835 432; x_wconf 91' lang='lat'>·-</span> <span class='ocrx_word' id='word_1_2' title='bbox 860 381 928 449; x_wconf 70' lang='lat'>462</span> <span class='ocrx_word' id='word_1_3' title='bbox 953 413 991 431; x_wconf 90' lang='lat'>-·</span> 
     </span>
     <span class='ocr_line' id='line_1_2' title="bbox 286 499 1519 603; baseline -0.001 -25"><span class='ocrx_word' id='word_1_4' title='bbox 286 504 503 600; x_wconf 84' lang='lat' dir='ltr'>sangninem</span> <span class='ocrx_word' id='word_1_5' title='bbox 522 500 695 589; x_wconf 81' lang='lat' dir='ltr'>sitientes,</span> <span class='ocrx_word' id='word_1_6' title='bbox 708 500 864 576; x_wconf 55' lang='lat' dir='ltr'>itassnnt</span> <span class='ocrx_word' id='word_1_7' title='bbox 879 503 1034 576; x_wconf 90' lang='lat' dir='ltr'>nimium</span> <span class='ocrx_word' id='word_1_8' title='bbox 1052 501 1138 576; x_wconf 86' lang='lat' dir='ltr'>iusti</span> <span class='ocrx_word' id='word_1_9' title='bbox 1157 499 1519 603; x_wconf 54' lang='lat' dir='ltr'>squammosus</span> 
     </span>
     <span class='ocr_line' id='line_1_3' title="bbox 286 614 1518 713; baseline -0.002 -21"><span class='ocrx_word' id='word_1_10' title='bbox 286 617 395 692; x_wconf 89' lang='lat' dir='ltr'>etiam</span> <span class='ocrx_word' id='word_1_11' title='bbox 417 615 660 692; x_wconf 86' lang='lat' dir='ltr'>sacerdotibus</span> <span class='ocrx_word' id='word_1_12' title='bbox 678 614 873 689; x_wconf 81' lang='lat' dir='ltr'>concedant</span> <span class='ocrx_word' id='word_1_13' title='bbox 885 614 997 688; x_wconf 86' lang='lat' dir='ltr'>armis</span> <span class='ocrx_word' id='word_1_14' title='bbox 1010 614 1195 702; x_wconf 84' lang='lat' dir='ltr'>ulcisci-,et</span> <span class='ocrx_word' id='word_1_15' title='bbox 1208 614 1410 713; x_wconf 76' lang='lat' dir='ltr'>praeliorum</span> <span class='ocrx_word' id='word_1_16' title='bbox 1429 640 1518 690; x_wconf 90' lang='lat' dir='ltr'>con·</span> 
     </span>
     <span class='ocr_line' id='line_1_4' title="bbox 287 727 1520 827; baseline -0.002 -22"><span class='ocrx_word' id='word_1_17' title='bbox 287 732 380 806; x_wconf 86' lang='lat' dir='ltr'>siliis</span> <span class='ocrx_word' id='word_1_18' title='bbox 398 729 592 806; x_wconf 89' lang='lat' dir='ltr'>inmisceri.</span> <span class='ocrx_word' id='word_1_19' title='bbox 611 733 658 805; x_wconf 88' lang='lat' dir='ltr'>Et</span> <span class='ocrx_word' id='word_1_20' title='bbox 673 727 776 802; x_wconf 86' lang='lat' dir='ltr'>infre.</span> <span class='ocrx_word' id='word_1_21' title='bbox 792 728 900 803; x_wconf 85' lang='lat' dir='ltr'>Aliud</span> <span class='ocrx_word' id='word_1_22' title='bbox 914 729 985 805; x_wconf 82' lang='lat' dir='ltr'>fuit</span> <span class='ocrx_word' id='word_1_23' title='bbox 1001 729 1160 827; x_wconf 83' lang='lat' dir='ltr'><strong>antiquis</strong></span> <span class='ocrx_word' id='word_1_24' title='bbox 1177 729 1419 806; x_wconf 86' lang='lat' dir='ltr'>sacerdotibus</span> <span class='ocrx_word' id='word_1_25' title='bbox 1431 753 1520 804; x_wconf 91' lang='lat' dir='ltr'>con·</span> 
     </span>
     <span class='ocr_line' id='line_1_5' title="bbox 288 841 1517 940; baseline -0.004 -19"><span class='ocrx_word' id='word_1_26' title='bbox 288 872 442 935; x_wconf 89' lang='lat' dir='ltr'>cessum,</span> <span class='ocrx_word' id='word_1_27' title='bbox 455 844 554 920; x_wconf 86' lang='lat' dir='ltr'>aliud</span> <span class='ocrx_word' id='word_1_28' title='bbox 571 844 675 919; x_wconf 83' lang='lat' dir='ltr'>novis</span> <span class='ocrx_word' id='word_1_29' title='bbox 688 843 918 940; x_wconf 79' lang='lat' dir='ltr'>abnegatum.</span> <span class='ocrx_word' id='word_1_30' title='bbox 931 842 1065 918; x_wconf 73' lang='lat' dir='ltr'>Levitae</span> <span class='ocrx_word' id='word_1_31' title='bbox 1078 865 1147 916; x_wconf 92' lang='lat' dir='ltr'>non</span> <span class='ocrx_word' id='word_1_32' title='bbox 1167 842 1452 918; x_wconf 87' lang='lat' dir='ltr'>numerabantur</span> <span class='ocrx_word' id='word_1_33' title='bbox 1468 841 1517 917; x_wconf 87' lang='lat' dir='ltr'>ad</span> 
     </span>
     <span class='ocr_line' id='line_1_6' title="bbox 288 955 1519 1056; baseline -0.002 -24"><span class='ocrx_word' id='word_1_34' title='bbox 288 956 463 1056; x_wconf 75' lang='lat' dir='ltr'>prelium.</span> <span class='ocrx_word' id='word_1_35' title='bbox 486 957 556 1033; x_wconf 88' lang='lat' dir='ltr'>Sed</span> <span class='ocrx_word' id='word_1_36' title='bbox 581 956 748 1055; x_wconf 83' lang='lat' dir='ltr'>quoniam</span> <span class='ocrx_word' id='word_1_37' title='bbox 774 957 993 1033; x_wconf 86' lang='lat' dir='ltr'>sucrificium</span> <span class='ocrx_word' id='word_1_38' title='bbox 1019 955 1157 1033; x_wconf 84' lang='lat' dir='ltr'>cruoris</span> <span class='ocrx_word' id='word_1_39' title='bbox 1173 982 1256 1033; x_wconf 92' lang='lat' dir='ltr'>cum</span> <span class='ocrx_word' id='word_1_40' title='bbox 1275 956 1444 1054; x_wconf 85' lang='lat' dir='ltr'>coniugio</span> <span class='ocrx_word' id='word_1_41' title='bbox 1460 982 1519 1030; x_wconf 88' lang='lat' dir='ltr'>sa·</span> 
     </span>
     <span class='ocr_line' id='line_1_7' title="bbox 286 1069 1519 1168; baseline -0.005 -22"><span class='ocrx_word' id='word_1_42' title='bbox 286 1070 455 1146; x_wconf 84' lang='lat' dir='ltr'>cerdotali</span> <span class='ocrx_word' id='word_1_43' title='bbox 472 1070 652 1160; x_wconf 79' lang='lat' dir='ltr'>obsolevit,</span> <span class='ocrx_word' id='word_1_44' title='bbox 669 1079 746 1145; x_wconf 83' lang='lat' dir='ltr'>orte</span> <span class='ocrx_word' id='word_1_45' title='bbox 762 1095 848 1168; x_wconf 88' lang='lat' dir='ltr'>pace</span> <span class='ocrx_word' id='word_1_46' title='bbox 866 1094 973 1168; x_wconf 90' lang='lat' dir='ltr'>quam</span> <span class='ocrx_word' id='word_1_47' title='bbox 992 1069 1078 1146; x_wconf 87' lang='lat' dir='ltr'>fecit</span> <span class='ocrx_word' id='word_1_48' title='bbox 1096 1081 1246 1168; x_wconf 89' lang='lat' dir='ltr'>uterque</span> <span class='ocrx_word' id='word_1_49' title='bbox 1263 1095 1376 1144; x_wconf 89' lang='lat' dir='ltr'>unum</span> <span class='ocrx_word' id='word_1_50' title='bbox 1394 1092 1519 1144; x_wconf 86' lang='lat' dir='ltr'>sacra-</span> 
     </span>
     <span class='ocr_line' id='line_1_8' title="bbox 288 1183 1520 1281; baseline -0.002 -25"><span class='ocrx_word' id='word_1_51' title='bbox 288 1186 409 1258; x_wconf 83' lang='lat' dir='ltr'>mente</span> <span class='ocrx_word' id='word_1_52' title='bbox 425 1183 671 1279; x_wconf 82' lang='lat' dir='ltr'>significantia</span> <span class='ocrx_word' id='word_1_53' title='bbox 696 1183 858 1259; x_wconf 85' lang='lat' dir='ltr'>caritatis</span> <span class='ocrx_word' id='word_1_54' title='bbox 882 1195 919 1259; x_wconf 89' lang='lat' dir='ltr'>et</span> <span class='ocrx_word' id='word_1_55' title='bbox 940 1183 1038 1281; x_wconf 80' lang='lat' dir='ltr'><strong>pacis</strong></span> <span class='ocrx_word' id='word_1_56' title='bbox 1063 1184 1156 1257; x_wconf 87' lang='lat' dir='ltr'>fiunt</span> <span class='ocrx_word' id='word_1_57' title='bbox 1172 1206 1235 1281; x_wconf 90' lang='lat' dir='ltr'>per</span> <span class='ocrx_word' id='word_1_58' title='bbox 1254 1209 1382 1258; x_wconf 86' lang='lat' dir='ltr'>manns</span> <span class='ocrx_word' id='word_1_59' title='bbox 1399 1205 1520 1259; x_wconf 87' lang='lat' dir='ltr'>sacer·</span> 
     </span>
     <span class='ocr_line' id='line_1_9' title="bbox 288 1295 1520 1395; baseline -0.003 -23"><span class='ocrx_word' id='word_1_60' title='bbox 288 1298 421 1386; x_wconf 90' lang='lat' dir='ltr'>dotnnr,</span> <span class='ocrx_word' id='word_1_61' title='bbox 438 1307 475 1374; x_wconf 89' lang='lat' dir='ltr'>et</span> <span class='ocrx_word' id='word_1_62' title='bbox 488 1298 565 1373; x_wconf 91' lang='lat' dir='ltr'>ideo</span> <span class='ocrx_word' id='word_1_63' title='bbox 577 1298 770 1373; x_wconf 82' lang='lat' dir='ltr'>absurdum</span> <span class='ocrx_word' id='word_1_64' title='bbox 789 1308 843 1374; x_wconf 90' lang='lat' dir='ltr'>est</span> <span class='ocrx_word' id='word_1_65' title='bbox 856 1320 913 1372; x_wconf 89' lang='lat' dir='ltr'>eos</span> <span class='ocrx_word' id='word_1_66' title='bbox 926 1296 1126 1393; x_wconf 79' lang='lat' dir='ltr'>litigatores</span> <span class='ocrx_word' id='word_1_67' title='bbox 1140 1296 1229 1386; x_wconf 89' lang='lat' dir='ltr'>fieri,</span> <span class='ocrx_word' id='word_1_68' title='bbox 1241 1306 1305 1371; x_wconf 92' lang='lat' dir='ltr'>aut</span> <span class='ocrx_word' id='word_1_69' title='bbox 1317 1295 1439 1395; x_wconf 77' lang='lat' dir='ltr'>praelia</span> <span class='ocrx_word' id='word_1_70' title='bbox 1457 1320 1520 1370; x_wconf 88' lang='lat' dir='ltr'>ex·</span> 
     </span>
     <span class='ocr_line' id='line_1_10' title="bbox 287 1407 1520 1507; baseline -0.004 -21"><span class='ocrx_word' id='word_1_71' title='bbox 287 1412 433 1486; x_wconf 83' lang='lat' dir='ltr'>hortari.</span> <span class='ocrx_word' id='word_1_72' title='bbox 447 1413 550 1488; x_wconf 84' lang='lat' dir='ltr'>Unde</span> <span class='ocrx_word' id='word_1_73' title='bbox 563 1438 646 1487; x_wconf 89' lang='lat' dir='ltr'>cum</span> <span class='ocrx_word' id='word_1_74' title='bbox 661 1414 836 1487; x_wconf 88' lang='lat' dir='ltr'>Dominus</span> <span class='ocrx_word' id='word_1_75' title='bbox 852 1437 874 1484; x_wconf 92' lang='lat' dir='ltr'>a</span> <span class='ocrx_word' id='word_1_76' title='bbox 888 1410 1007 1486; x_wconf 90' lang='lat' dir='ltr'>Iudeis</span> <span class='ocrx_word' id='word_1_77' title='bbox 1020 1424 1219 1507; x_wconf 87' lang='lat' dir='ltr'>caperetur,</span> <span class='ocrx_word' id='word_1_78' title='bbox 1231 1423 1269 1484; x_wconf 93' lang='lat' dir='ltr'>et</span> <span class='ocrx_word' id='word_1_79' title='bbox 1281 1413 1411 1484; x_wconf 89' lang='lat' dir='ltr'>Petrus</span> <span class='ocrx_word' id='word_1_80' title='bbox 1423 1407 1520 1483; x_wconf 90' lang='lat' dir='ltr'>Mal-</span> 
     </span>
     <span class='ocr_line' id='line_1_11' title="bbox 289 1520 1520 1626; baseline -0.007 -23"><span class='ocrx_word' id='word_1_81' title='bbox 289 1527 349 1603; x_wconf 91' lang='lat' dir='ltr'>cbi</span> <span class='ocrx_word' id='word_1_82' title='bbox 371 1552 496 1602; x_wconf 88' lang='lat' dir='ltr'>aurem</span> <span class='ocrx_word' id='word_1_83' title='bbox 518 1527 717 1602; x_wconf 83' lang='lat' dir='ltr'>abscideret</span> <span class='ocrx_word' id='word_1_84' title='bbox 733 1527 839 1602; x_wconf 86' lang='lat' dir='ltr'>ferire</span> <span class='ocrx_word' id='word_1_85' title='bbox 856 1523 1047 1626; x_wconf 82' lang='lat' dir='ltr'>prohibuit,</span> <span class='ocrx_word' id='word_1_86' title='bbox 1064 1523 1160 1598; x_wconf 86' lang='lat' dir='ltr'>etad</span> <span class='ocrx_word' id='word_1_87' title='bbox 1183 1523 1332 1597; x_wconf 84' lang='lat' dir='ltr'>formam</span> <span class='ocrx_word' id='word_1_88' title='bbox 1354 1520 1520 1597; x_wconf 88' lang='lat' dir='ltr'>omniurn</span> 
     </span>
     <span class='ocr_line' id='line_1_12' title="bbox 292 1639 1523 1739; baseline -0.004 -24"><span class='ocrx_word' id='word_1_89' title='bbox 292 1641 514 1717; x_wconf 86' lang='lat' dir='ltr'>sacerdotum</span> <span class='ocrx_word' id='word_1_90' title='bbox 530 1664 681 1738; x_wconf 90' lang='lat' dir='ltr'>quorum</span> <span class='ocrx_word' id='word_1_91' title='bbox 696 1640 794 1738; x_wconf 83' lang='lat' dir='ltr'>prior</span> <span class='ocrx_word' id='word_1_92' title='bbox 808 1649 896 1729; x_wconf 86' lang='lat' dir='ltr'>eret,</span> <span class='ocrx_word' id='word_1_93' title='bbox 909 1640 1017 1716; x_wconf 85' lang='lat' dir='ltr'>etiam</span> <span class='ocrx_word' id='word_1_94' title='bbox 1032 1661 1094 1739; x_wconf 92' lang='lat' dir='ltr'>pro</span> <span class='ocrx_word' id='word_1_95' title='bbox 1107 1639 1221 1738; x_wconf 85' lang='lat' dir='ltr'>seipso</span> <span class='ocrx_word' id='word_1_96' title='bbox 1234 1639 1313 1736; x_wconf 90' lang='lat' dir='ltr'>capi</span> <span class='ocrx_word' id='word_1_97' title='bbox 1326 1663 1428 1711; x_wconf 86' lang='lat' dir='ltr'>arma</span> <span class='ocrx_word' id='word_1_98' title='bbox 1438 1662 1523 1712; x_wconf 88' lang='lat' dir='ltr'>car-</span> 
     </span>
     <span class='ocr_line' id='line_1_13' title="bbox 292 1750 1521 1850; baseline -0.001 -23"><span class='ocrx_word' id='word_1_99' title='bbox 292 1753 390 1827; x_wconf 89' lang='lat' dir='ltr'>nalia</span> <span class='ocrx_word' id='word_1_100' title='bbox 408 1751 598 1850; x_wconf 89' lang='lat' dir='ltr'>prohibuit.</span> <span class='ocrx_word' id='word_1_101' title='bbox 616 1753 711 1827; x_wconf 91' lang='lat' dir='ltr'>Hinc</span> <span class='ocrx_word' id='word_1_102' title='bbox 730 1751 929 1849; x_wconf 88' lang='lat' dir='ltr'>Apostolus.</span> <span class='ocrx_word' id='word_1_103' title='bbox 946 1755 1026 1837; x_wconf 89' lang='lat' dir='ltr'>Nou</span> <span class='ocrx_word' id='word_1_104' title='bbox 1044 1762 1098 1827; x_wconf 86' lang='lat' dir='ltr'>eet</span> <span class='ocrx_word' id='word_1_105' title='bbox 1115 1752 1215 1828; x_wconf 91' lang='lat' dir='ltr'>nobis</span> <span class='ocrx_word' id='word_1_106' title='bbox 1232 1751 1439 1828; x_wconf 84' lang='lat' dir='ltr'>colluctatio</span> <span class='ocrx_word' id='word_1_107' title='bbox 1455 1750 1521 1826; x_wconf 90' lang='lat' dir='ltr'>ad·</span> 
     </span>
     <span class='ocr_line' id='line_1_14' title="bbox 294 1865 1521 1963; baseline -0.002 -23"><span class='ocrx_word' id='word_1_108' title='bbox 294 1892 422 1942; x_wconf 87' lang='lat' dir='ltr'>versus</span> <span class='ocrx_word' id='word_1_109' title='bbox 435 1890 578 1942; x_wconf 86' lang='lat' dir='ltr'>carnem</span> <span class='ocrx_word' id='word_1_110' title='bbox 598 1877 634 1940; x_wconf 92' lang='lat' dir='ltr'>et</span> <span class='ocrx_word' id='word_1_111' title='bbox 651 1865 877 1962; x_wconf 82' lang='lat' dir='ltr'>sangninem.</span> <span class='ocrx_word' id='word_1_112' title='bbox 891 1867 990 1941; x_wconf 88' lang='lat' dir='ltr'>Hinc</span> <span class='ocrx_word' id='word_1_113' title='bbox 999 1866 1225 1941; x_wconf 77' lang='lat' dir='ltr'>Ambrosius.</span> <span class='ocrx_word' id='word_1_114' title='bbox 1237 1868 1316 1941; x_wconf 92' lang='lat' dir='ltr'>Non</span> <span class='ocrx_word' id='word_1_115' title='bbox 1334 1865 1405 1941; x_wconf 90' lang='lat' dir='ltr'>tela</span> <span class='ocrx_word' id='word_1_116' title='bbox 1422 1889 1521 1963; x_wconf 72' lang='lat' dir='ltr'>quaa·</span> 
     </span>
     <span class='ocr_line' id='line_1_15' title="bbox 291 1977 1523 2076; baseline -0.003 -22"><span class='ocrx_word' id='word_1_117' title='bbox 291 1990 379 2056; x_wconf 92' lang='lat' dir='ltr'>runt</span> <span class='ocrx_word' id='word_1_118' title='bbox 396 1980 522 2067; x_wconf 83' lang='lat' dir='ltr'>ferrea,</span> <span class='ocrx_word' id='word_1_119' title='bbox 540 2003 610 2054; x_wconf 89' lang='lat' dir='ltr'>non</span> <span class='ocrx_word' id='word_1_120' title='bbox 628 2005 727 2053; x_wconf 89' lang='lat' dir='ltr'>arma</span> <span class='ocrx_word' id='word_1_121' title='bbox 748 1978 877 2054; x_wconf 88' lang='lat' dir='ltr'>milites</span> <span class='ocrx_word' id='word_1_122' title='bbox 895 1979 1040 2055; x_wconf 84' lang='lat' dir='ltr'>Christi.</span> <span class='ocrx_word' id='word_1_123' title='bbox 1053 1979 1121 2056; x_wconf 91' lang='lat' dir='ltr'>Ubi</span> <span class='ocrx_word' id='word_1_124' title='bbox 1136 1977 1218 2055; x_wconf 87' lang='lat' dir='ltr'>cum</span> <span class='ocrx_word' id='word_1_125' title='bbox 1237 1979 1406 2054; x_wconf 90' lang='lat' dir='ltr'>dicituon</span> <span class='ocrx_word' id='word_1_126' title='bbox 1421 2001 1523 2076; x_wconf 73' lang='lat' dir='ltr'>qnae·</span> 
     </span>
     <span class='ocr_line' id='line_1_16' title="bbox 291 2094 1525 2191; baseline 0 -26"><span class='ocrx_word' id='word_1_127' title='bbox 291 2104 391 2181; x_wconf 89' lang='lat' dir='ltr'>runt,</span> <span class='ocrx_word' id='word_1_128' title='bbox 404 2104 526 2191; x_wconf 88' lang='lat' dir='ltr'>aperte</span> <span class='ocrx_word' id='word_1_129' title='bbox 540 2095 758 2169; x_wconf 89' lang='lat' dir='ltr'>demonstrat</span> <span class='ocrx_word' id='word_1_130' title='bbox 770 2117 829 2169; x_wconf 90' lang='lat' dir='ltr'>eos</span> <span class='ocrx_word' id='word_1_131' title='bbox 841 2117 910 2168; x_wconf 94' lang='lat' dir='ltr'>non</span> <span class='ocrx_word' id='word_1_132' title='bbox 925 2094 1050 2169; x_wconf 88' lang='lat' dir='ltr'>debere</span> <span class='ocrx_word' id='word_1_133' title='bbox 1062 2094 1288 2170; x_wconf 85' lang='lat' dir='ltr'>Christianos</span> <span class='ocrx_word' id='word_1_134' title='bbox 1295 2094 1339 2168; x_wconf 89' lang='lat' dir='ltr'>ad</span> <span class='ocrx_word' id='word_1_135' title='bbox 1351 2117 1453 2173; x_wconf 86' lang='lat' dir='ltr'>arma</span> <span class='ocrx_word' id='word_1_136' title='bbox 1464 2115 1525 2166; x_wconf 88' lang='lat' dir='ltr'>or·</span> 
     </span>
     <span class='ocr_line' id='line_1_17' title="bbox 293 2205 1523 2305; baseline -0.002 -24"><span class='ocrx_word' id='word_1_137' title='bbox 293 2207 532 2282; x_wconf 83' lang='lat' dir='ltr'>tariDomino</span> <span class='ocrx_word' id='word_1_138' title='bbox 540 2207 697 2305; x_wconf 88' lang='lat' dir='ltr'>idipsum</span> <span class='ocrx_word' id='word_1_139' title='bbox 705 2207 876 2297; x_wconf 89' lang='lat' dir='ltr'>deludeis</span> <span class='ocrx_word' id='word_1_140' title='bbox 888 2207 1086 2295; x_wconf 72' lang='lat' dir='ltr'>sententiae,</span> <span class='ocrx_word' id='word_1_141' title='bbox 1095 2206 1281 2282; x_wconf 90' lang='lat' dir='ltr'>cumdicit</span> <span class='ocrx_word' id='word_1_142' title='bbox 1293 2206 1337 2280; x_wconf 89' lang='lat' dir='ltr'>ad</span> <span class='ocrx_word' id='word_1_143' title='bbox 1349 2205 1523 2280; x_wconf 87' lang='lat' dir='ltr'>Pilatum.</span> 
     </span>
     <span class='ocr_line' id='line_1_18' title="bbox 296 2319 1522 2418; baseline 0.001 -24"><span class='ocrx_word' id='word_1_144' title='bbox 296 2321 333 2394; x_wconf 88' lang='lat' dir='ltr'>Si</span> <span class='ocrx_word' id='word_1_145' title='bbox 345 2345 497 2418; x_wconf 80' lang='lat' dir='ltr'>regnum</span> <span class='ocrx_word' id='word_1_146' title='bbox 514 2347 633 2396; x_wconf 91' lang='lat' dir='ltr'>meum</span> <span class='ocrx_word' id='word_1_147' title='bbox 647 2319 866 2396; x_wconf 89' lang='lat' dir='ltr'>cssetdehoc</span> <span class='ocrx_word' id='word_1_148' title='bbox 879 2321 1194 2396; x_wconf 78' lang='lat' dir='ltr'>mundozministri</span> <span class='ocrx_word' id='word_1_149' title='bbox 1209 2321 1276 2395; x_wconf 91' lang='lat' dir='ltr'>mei</span> <span class='ocrx_word' id='word_1_150' title='bbox 1291 2321 1522 2396; x_wconf 88' lang='lat' dir='ltr'>decertarent</span> 
     </span>
     <span class='ocr_line' id='line_1_19' title="bbox 294 2431 1523 2535; baseline 0.002 -28"><span class='ocrx_word' id='word_1_151' title='bbox 294 2443 419 2508; x_wconf 89' lang='lat' dir='ltr'>utnon</span> <span class='ocrx_word' id='word_1_152' title='bbox 433 2436 591 2512; x_wconf 87' lang='lat' dir='ltr'>traderer</span> <span class='ocrx_word' id='word_1_153' title='bbox 607 2434 733 2523; x_wconf 90' lang='lat' dir='ltr'>iudeis,</span> <span class='ocrx_word' id='word_1_154' title='bbox 741 2444 923 2535; x_wconf 86' lang='lat' dir='ltr'>propterea</span> <span class='ocrx_word' id='word_1_155' title='bbox 937 2434 998 2533; x_wconf 91' lang='lat' dir='ltr'>qui</span> <span class='ocrx_word' id='word_1_156' title='bbox 1013 2460 1069 2510; x_wconf 92' lang='lat' dir='ltr'>me</span> <span class='ocrx_word' id='word_1_157' title='bbox 1080 2434 1229 2509; x_wconf 86' lang='lat' dir='ltr'>tradidit</span> <span class='ocrx_word' id='word_1_158' title='bbox 1241 2431 1305 2508; x_wconf 91' lang='lat' dir='ltr'>tibi</span> <span class='ocrx_word' id='word_1_159' title='bbox 1315 2433 1523 2530; x_wconf 90' lang='lat' dir='ltr'>maiuspec-</span> 
     </span>
     <span class='ocr_line' id='line_1_20' title="bbox 294 2544 1522 2646; baseline 0 -24"><span class='ocrx_word' id='word_1_160' title='bbox 294 2557 418 2622; x_wconf 89' lang='lat' dir='ltr'>catum</span> <span class='ocrx_word' id='word_1_161' title='bbox 433 2547 1050 2646; x_wconf 81' lang='lat' dir='ltr'>habetflincGregoriusPapacum</span> <span class='ocrx_word' id='word_1_162' title='bbox 1060 2548 1157 2624; x_wconf 86' lang='lat' dir='ltr'>dicat</span> <span class='ocrx_word' id='word_1_163' title='bbox 1170 2544 1522 2646; x_wconf 85' lang='lat' dir='ltr'>sepotnisseltaliam</span> 
     </span>
     <span class='ocr_line' id='line_1_21' title="bbox 292 2657 1527 2758; baseline -0.002 -24"><span class='ocrx_word' id='word_1_164' title='bbox 292 2686 317 2734; x_wconf 90' lang='lat' dir='ltr'>a</span> <span class='ocrx_word' id='word_1_165' title='bbox 331 2661 574 2756; x_wconf 82' lang='lat' dir='ltr'>Langobardis</span> <span class='ocrx_word' id='word_1_166' title='bbox 591 2662 729 2758; x_wconf 85' lang='lat' dir='ltr'>eripere</span> <span class='ocrx_word' id='word_1_167' title='bbox 747 2661 777 2734; x_wconf 91' lang='lat' dir='ltr'>si</span> <span class='ocrx_word' id='word_1_168' title='bbox 796 2660 906 2736; x_wconf 90' lang='lat' dir='ltr'>vellet</span> <span class='ocrx_word' id='word_1_169' title='bbox 923 2660 1209 2737; x_wconf 84' lang='lat' dir='ltr'>Christianorum</span> <span class='ocrx_word' id='word_1_170' title='bbox 1225 2658 1373 2734; x_wconf 87' lang='lat' dir='ltr'>necibus</span> <span class='ocrx_word' id='word_1_171' title='bbox 1388 2657 1527 2756; x_wconf 84' lang='lat' dir='ltr'>aspira·</span> 
     </span>
     <span class='ocr_line' id='line_1_22' title="bbox 300 2770 1619 2871; baseline -0.002 -24"><span class='ocrx_word' id='word_1_172' title='bbox 300 2799 350 2861; x_wconf 90' lang='lat' dir='ltr'>re,</span> <span class='ocrx_word' id='word_1_173' title='bbox 361 2774 399 2847; x_wconf 93' lang='lat' dir='ltr'>iu</span> <span class='ocrx_word' id='word_1_174' title='bbox 414 2774 569 2870; x_wconf 79' lang='lat' dir='ltr'>registro</span> <span class='ocrx_word' id='word_1_175' title='bbox 581 2773 715 2871; x_wconf 89' lang='lat' dir='ltr'>inquid.</span> <span class='ocrx_word' id='word_1_176' title='bbox 724 2775 816 2862; x_wconf 88' lang='lat' dir='ltr'>Quia</span> <span class='ocrx_word' id='word_1_177' title='bbox 830 2777 944 2848; x_wconf 89' lang='lat' dir='ltr'>Deum</span> <span class='ocrx_word' id='word_1_178' title='bbox 957 2773 1076 2861; x_wconf 88' lang='lat' dir='ltr'>timec,</span> <span class='ocrx_word' id='word_1_179' title='bbox 1085 2771 1123 2847; x_wconf 93' lang='lat' dir='ltr'>in</span> <span class='ocrx_word' id='word_1_180' title='bbox 1133 2782 1245 2847; x_wconf 89' lang='lat' dir='ltr'>morte</span> <span class='ocrx_word' id='word_1_181' title='bbox 1257 2770 1449 2848; x_wconf 91' lang='lat' dir='ltr'>cuiuslibet</span> <span class='ocrx_word' id='word_1_182' title='bbox 1460 2770 1523 2845; x_wconf 93' lang='lat' dir='ltr'>ho·</span> <span class='ocrx_word' id='word_1_183' title='bbox 1615 2848 1619 2856; x_wconf 70' lang='grc'>,</span> 
     </span>
     <span class='ocr_line' id='line_1_23' title="bbox 298 2883 1526 2983; baseline -0.003 -23"><span class='ocrx_word' id='word_1_184' title='bbox 298 2887 407 2961; x_wconf 91' lang='lat' dir='ltr'>minis</span> <span class='ocrx_word' id='word_1_185' title='bbox 421 2912 476 2963; x_wconf 90' lang='lat' dir='ltr'>me</span> <span class='ocrx_word' id='word_1_186' title='bbox 490 2887 631 2963; x_wconf 90' lang='lat' dir='ltr'>misceri</span> <span class='ocrx_word' id='word_1_187' title='bbox 647 2888 901 2963; x_wconf 80' lang='lat' dir='ltr'>formidoltem</span> <span class='ocrx_word' id='word_1_188' title='bbox 910 2884 1187 2981; x_wconf 83' lang='lat' dir='ltr'>Augustinnsin</span> <span class='ocrx_word' id='word_1_189' title='bbox 1201 2884 1415 2983; x_wconf 85' lang='lat' dir='ltr'>expositione</span> <span class='ocrx_word' id='word_1_190' title='bbox 1430 2883 1526 2981; x_wconf 86' lang='lat' dir='ltr'>psal-</span> 
     </span>
     <span class='ocr_line' id='line_1_24' title="bbox 296 2997 1522 3101; baseline -0.003 -27"><span class='ocrx_word' id='word_1_191' title='bbox 296 3024 447 3075; x_wconf 81' lang='lat' dir='ltr'>morum.</span> <span class='ocrx_word' id='word_1_192' title='bbox 465 3002 576 3077; x_wconf 88' lang='lat' dir='ltr'>Video</span> <span class='ocrx_word' id='word_1_193' title='bbox 594 3002 698 3101; x_wconf 88' lang='lat' dir='ltr'>plane</span> <span class='ocrx_word' id='word_1_194' title='bbox 716 3001 807 3074; x_wconf 87' lang='lat' dir='ltr'>mira</span> <span class='ocrx_word' id='word_1_195' title='bbox 824 3024 940 3099; x_wconf 87' lang='lat' dir='ltr'>opera,</span> <span class='ocrx_word' id='word_1_196' title='bbox 954 2998 1149 3074; x_wconf 89' lang='lat' dir='ltr'>cotidianas</span> <span class='ocrx_word' id='word_1_197' title='bbox 1166 2998 1366 3084; x_wconf 87' lang='lat' dir='ltr'>violentias,</span> <span class='ocrx_word' id='word_1_198' title='bbox 1379 2997 1522 3071; x_wconf 89' lang='lat' dir='ltr'>circum</span> 
     </span>
     <span class='ocr_line' id='line_1_25' title="bbox 298 3107 1525 3212; baseline -0.002 -26"><span class='ocrx_word' id='word_1_199' title='bbox 298 3114 487 3211; x_wconf 87' lang='lat' dir='ltr'>regionum</span> <span class='ocrx_word' id='word_1_200' title='bbox 501 3114 694 3190; x_wconf 91' lang='lat' dir='ltr'>celliounm</span> <span class='ocrx_word' id='word_1_201' title='bbox 712 3112 780 3187; x_wconf 89' lang='lat' dir='ltr'>sub</span> <span class='ocrx_word' id='word_1_202' title='bbox 796 3111 1016 3212; x_wconf 83' lang='lat' dir='ltr'>presbyteris</span> <span class='ocrx_word' id='word_1_203' title='bbox 1033 3122 1069 3187; x_wconf 90' lang='lat' dir='ltr'>et</span> <span class='ocrx_word' id='word_1_204' title='bbox 1086 3112 1268 3212; x_wconf 89' lang='lat' dir='ltr'>episcopis,</span> <span class='ocrx_word' id='word_1_205' title='bbox 1284 3109 1435 3185; x_wconf 85' lang='lat' dir='ltr'>ducibus</span> <span class='ocrx_word' id='word_1_206' title='bbox 1450 3107 1525 3184; x_wconf 91' lang='lat' dir='ltr'>cir·</span> 
     </span>
     <span class='ocr_line' id='line_1_26' title="bbox 297 3222 1524 3326; baseline -0.006 -24"><span class='ocrx_word' id='word_1_207' title='bbox 297 3251 523 3326; x_wconf 88' lang='lat' dir='ltr'>cumquaque</span> <span class='ocrx_word' id='word_1_208' title='bbox 547 3226 710 3314; x_wconf 84' lang='lat' dir='ltr'>volitare,</span> <span class='ocrx_word' id='word_1_209' title='bbox 727 3236 763 3300; x_wconf 90' lang='lat' dir='ltr'>et</span> <span class='ocrx_word' id='word_1_210' title='bbox 779 3225 957 3304; x_wconf 84' lang='lat' dir='ltr'>terribiles</span> <span class='ocrx_word' id='word_1_211' title='bbox 973 3225 1086 3300; x_wconf 79' lang='lat' dir='ltr'>fustes</span> <span class='ocrx_word' id='word_1_212' title='bbox 1103 3225 1281 3301; x_wconf 88' lang='lat' dir='ltr'>israelites</span> <span class='ocrx_word' id='word_1_213' title='bbox 1306 3223 1438 3311; x_wconf 86' lang='lat' dir='ltr'>vocari,</span> <span class='ocrx_word' id='word_1_214' title='bbox 1455 3222 1524 3319; x_wconf 91' lang='lat' dir='ltr'>qui</span> 
     </span>
     <span class='ocr_line' id='line_1_27' title="bbox 296 3334 1524 3437; baseline -0.002 -25"><span class='ocrx_word' id='word_1_215' title='bbox 296 3339 459 3415; x_wconf 88' lang='lat' dir='ltr'>homines</span> <span class='ocrx_word' id='word_1_216' title='bbox 483 3339 544 3437; x_wconf 91' lang='lat' dir='ltr'>qui</span> <span class='ocrx_word' id='word_1_217' title='bbox 567 3364 665 3415; x_wconf 93' lang='lat' dir='ltr'>nnnc</span> <span class='ocrx_word' id='word_1_218' title='bbox 682 3339 815 3413; x_wconf 85' lang='lat' dir='ltr'>vivunt</span> <span class='ocrx_word' id='word_1_219' title='bbox 830 3338 958 3415; x_wconf 86' lang='lat' dir='ltr'>cotidie</span> <span class='ocrx_word' id='word_1_220' title='bbox 979 3339 1103 3414; x_wconf 86' lang='lat' dir='ltr'>vident</span> <span class='ocrx_word' id='word_1_221' title='bbox 1127 3349 1164 3415; x_wconf 90' lang='lat' dir='ltr'>et</span> <span class='ocrx_word' id='word_1_222' title='bbox 1186 3338 1358 3415; x_wconf 85' lang='lat' dir='ltr'>sentiunt.</span> <span class='ocrx_word' id='word_1_223' title='bbox 1375 3334 1524 3411; x_wconf 87' lang='lat' dir='ltr'>Macha-</span> 
     </span>
     <span class='ocr_line' id='line_1_28' title="bbox 298 3449 1524 3549; baseline 0.001 -26"><span class='ocrx_word' id='word_1_224' title='bbox 298 3451 398 3524; x_wconf 87' lang='lat' dir='ltr'>riana</span> <span class='ocrx_word' id='word_1_225' title='bbox 417 3451 519 3525; x_wconf 86' lang='lat' dir='ltr'>video</span> <span class='ocrx_word' id='word_1_226' title='bbox 536 3461 705 3548; x_wconf 88' lang='lat' dir='ltr'>tempora,</span> <span class='ocrx_word' id='word_1_227' title='bbox 722 3451 765 3526; x_wconf 86' lang='lat' dir='ltr'>do</span> <span class='ocrx_word' id='word_1_228' title='bbox 787 3450 918 3549; x_wconf 88' lang='lat' dir='ltr'>quibus</span> <span class='ocrx_word' id='word_1_229' title='bbox 942 3450 1117 3526; x_wconf 89' lang='lat' dir='ltr'>invidiam</span> <span class='ocrx_word' id='word_1_230' title='bbox 1136 3451 1294 3541; x_wconf 77' lang='lat' dir='ltr'>iaciunt,</span> <span class='ocrx_word' id='word_1_231' title='bbox 1309 3461 1347 3526; x_wconf 87' lang='lat' dir='ltr'>ct</span> <span class='ocrx_word' id='word_1_232' title='bbox 1370 3449 1524 3548; x_wconf 83' lang='lat' dir='ltr'>plur-imi</span> 
     </span>
     <span class='ocr_line' id='line_1_29' title="bbox 297 3561 1526 3662; baseline 0 -26"><span class='ocrx_word' id='word_1_233' title='bbox 297 3587 368 3638; x_wconf 92' lang='lat' dir='ltr'>uon</span> <span class='ocrx_word' id='word_1_234' title='bbox 387 3564 566 3652; x_wconf 88' lang='lat' dir='ltr'>viderunt,</span> <span class='ocrx_word' id='word_1_235' title='bbox 583 3574 620 3638; x_wconf 91' lang='lat' dir='ltr'>et</span> <span class='ocrx_word' id='word_1_236' title='bbox 637 3586 738 3639; x_wconf 88' lang='lat' dir='ltr'>nemo</span> <span class='ocrx_word' id='word_1_237' title='bbox 754 3587 853 3638; x_wconf 91' lang='lat' dir='ltr'>nuuc</span> <span class='ocrx_word' id='word_1_238' title='bbox 870 3563 978 3653; x_wconf 92' lang='lat' dir='ltr'>videt,</span> <span class='ocrx_word' id='word_1_239' title='bbox 994 3573 1031 3638; x_wconf 91' lang='lat' dir='ltr'>et</span> <span class='ocrx_word' id='word_1_240' title='bbox 1051 3563 1275 3662; x_wconf 82' lang='lat' dir='ltr'>quisquisee</span> <span class='ocrx_word' id='word_1_241' title='bbox 1292 3563 1385 3638; x_wconf 77' lang='lat' dir='ltr'>uidit</span> <span class='ocrx_word' id='word_1_242' title='bbox 1400 3561 1526 3637; x_wconf 88' lang='lat' dir='ltr'>catho-</span> 
     </span>
     <span class='ocr_line' id='line_1_30' title="bbox 297 3674 1527 3777; baseline -0.002 -27"><span class='ocrx_word' id='word_1_243' title='bbox 297 3677 391 3752; x_wconf 90' lang='lat' dir='ltr'>licus</span> <span class='ocrx_word' id='word_1_244' title='bbox 409 3679 523 3777; x_wconf 88' lang='lat' dir='ltr'>potuit</span> <span class='ocrx_word' id='word_1_245' title='bbox 539 3677 667 3753; x_wconf 91' lang='lat' dir='ltr'>dicere.</span> <span class='ocrx_word' id='word_1_246' title='bbox 681 3678 717 3753; x_wconf 92' lang='lat' dir='ltr'>Si</span> <span class='ocrx_word' id='word_1_247' title='bbox 737 3702 864 3752; x_wconf 88' lang='lat' dir='ltr'>servus</span> <span class='ocrx_word' id='word_1_248' title='bbox 880 3675 946 3752; x_wconf 92' lang='lat' dir='ltr'>Dei</span> <span class='ocrx_word' id='word_1_249' title='bbox 966 3700 1044 3751; x_wconf 89' lang='lat' dir='ltr'>esse</span> <span class='ocrx_word' id='word_1_250' title='bbox 1068 3675 1188 3766; x_wconf 85' lang='lat' dir='ltr'>vellet,</span> <span class='ocrx_word' id='word_1_251' title='bbox 1205 3676 1242 3749; x_wconf 93' lang='lat' dir='ltr'>iu</span> <span class='ocrx_word' id='word_1_252' title='bbox 1265 3674 1414 3750; x_wconf 91' lang='lat' dir='ltr'>Domino</span> <span class='ocrx_word' id='word_1_253' title='bbox 1438 3697 1527 3748; x_wconf 83' lang='lat' dir='ltr'>con-</span> 
     </span>
     <span class='ocr_line' id='line_1_31' title="bbox 298 3786 1526 3888; baseline 0 -26"><span class='ocrx_word' id='word_1_254' title='bbox 298 3790 431 3866; x_wconf 88' lang='lat' dir='ltr'>fideret.</span> <span class='ocrx_word' id='word_1_255' title='bbox 444 3790 543 3865; x_wconf 91' lang='lat' dir='ltr'>Idem</span> <span class='ocrx_word' id='word_1_256' title='bbox 561 3815 668 3888; x_wconf 91' lang='lat' dir='ltr'>super</span> <span class='ocrx_word' id='word_1_257' title='bbox 681 3789 875 3866; x_wconf 85' lang='lat' dir='ltr'>Iohannem</span> <span class='ocrx_word' id='word_1_258' title='bbox 893 3790 938 3864; x_wconf 90' lang='lat' dir='ltr'>ad</span> <span class='ocrx_word' id='word_1_259' title='bbox 951 3790 1086 3865; x_wconf 90' lang='lat' dir='ltr'>Iudeos.</span> <span class='ocrx_word' id='word_1_260' title='bbox 1096 3790 1133 3863; x_wconf 84' lang='lat' dir='ltr'>Si</span> <span class='ocrx_word' id='word_1_261' title='bbox 1148 3813 1219 3864; x_wconf 92' lang='lat' dir='ltr'>non</span> <span class='ocrx_word' id='word_1_262' title='bbox 1238 3788 1403 3865; x_wconf 89' lang='lat' dir='ltr'>voluistis</span> <span class='ocrx_word' id='word_1_263' title='bbox 1416 3786 1526 3863; x_wconf 65' lang='lat' dir='ltr'>Chri«</span> 
     </span>
     <span class='ocr_line' id='line_1_32' title="bbox 296 3902 1526 3998; baseline 0.002 -23"><span class='ocrx_word' id='word_1_264' title='bbox 296 3914 394 3977; x_wconf 89' lang='lat' dir='ltr'>stum</span> <span class='ocrx_word' id='word_1_265' title='bbox 412 3902 537 3991; x_wconf 92' lang='lat' dir='ltr'>occidi,</span> <span class='ocrx_word' id='word_1_266' title='bbox 549 3903 580 3976; x_wconf 93' lang='lat' dir='ltr'>si</span> <span class='ocrx_word' id='word_1_267' title='bbox 598 3926 668 3977; x_wconf 91' lang='lat' dir='ltr'>non</span> <span class='ocrx_word' id='word_1_268' title='bbox 686 3902 847 3977; x_wconf 88' lang='lat' dir='ltr'>insidiati</span> <span class='ocrx_word' id='word_1_269' title='bbox 865 3904 964 3992; x_wconf 91' lang='lat' dir='ltr'>estis,</span> <span class='ocrx_word' id='word_1_270' title='bbox 976 3903 1008 3977; x_wconf 91' lang='lat' dir='ltr'>si</span> <span class='ocrx_word' id='word_1_271' title='bbox 1026 3926 1095 3977; x_wconf 91' lang='lat' dir='ltr'>non</span> <span class='ocrx_word' id='word_1_272' title='bbox 1114 3903 1214 3978; x_wconf 85' lang='lat' dir='ltr'>vobis</span> <span class='ocrx_word' id='word_1_273' title='bbox 1231 3902 1443 3978; x_wconf 88' lang='lat' dir='ltr'>trudendum</span> <span class='ocrx_word' id='word_1_274' title='bbox 1462 3924 1526 3998; x_wconf 88' lang='lat' dir='ltr'>pe·</span> 
     </span>
     <span class='ocr_line' id='line_1_33' title="bbox 297 4012 1527 4114; baseline -0.003 -23"><span class='ocrx_word' id='word_1_275' title='bbox 297 4015 406 4091; x_wconf 89' lang='lat' dir='ltr'>cunia</span> <span class='ocrx_word' id='word_1_276' title='bbox 422 4017 666 4114; x_wconf 85' lang='lat' dir='ltr'>comparastis,</span> <span class='ocrx_word' id='word_1_277' title='bbox 682 4017 713 4090; x_wconf 92' lang='lat' dir='ltr'>si</span> <span class='ocrx_word' id='word_1_278' title='bbox 740 4039 810 4090; x_wconf 90' lang='lat' dir='ltr'>nou</span> <span class='ocrx_word' id='word_1_279' title='bbox 834 4016 1161 4114; x_wconf 82' lang='lat' dir='ltr'>comprehendistis,</span> <span class='ocrx_word' id='word_1_280' title='bbox 1178 4015 1357 4104; x_wconf 75' lang='lat' dir='ltr'>vinxistis,</span> <span class='ocrx_word' id='word_1_281' title='bbox 1373 4012 1527 4089; x_wconf 86' lang='lat' dir='ltr'>adduxi·</span> 
     </span>
     <span class='ocr_line' id='line_1_34' title="bbox 298 4126 1526 4226; baseline 0.002 -24"><span class='ocrx_word' id='word_1_282' title='bbox 298 4129 457 4216; x_wconf 88' lang='lat' dir='ltr'>stis,non</span> <span class='ocrx_word' id='word_1_283' title='bbox 471 4155 553 4205; x_wconf 92' lang='lat' dir='ltr'>euru</span> <span class='ocrx_word' id='word_1_284' title='bbox 570 4154 591 4202; x_wconf 93' lang='lat' dir='ltr'>a</span> <span class='ocrx_word' id='word_1_285' title='bbox 609 4129 709 4204; x_wconf 89' lang='lat' dir='ltr'>vobis</span> <span class='ocrx_word' id='word_1_286' title='bbox 727 4130 956 4222; x_wconf 82' lang='lat' dir='ltr'>interfectum</span> <span class='ocrx_word' id='word_1_287' title='bbox 975 4153 1052 4205; x_wconf 90' lang='lat' dir='ltr'>esse</span> <span class='ocrx_word' id='word_1_288' title='bbox 1066 4129 1312 4204; x_wconf 87' lang='lat' dir='ltr'>iactate.Hinc</span> <span class='ocrx_word' id='word_1_289' title='bbox 1326 4126 1526 4226; x_wconf 82' lang='lat' dir='ltr'>psalmista.</span> 
     </span>
     <span class='ocr_line' id='line_1_35' title="bbox 299 4240 1527 4336; baseline 0.001 -20"><span class='ocrx_word' id='word_1_290' title='bbox 299 4242 384 4316; x_wconf 88' lang='lat' dir='ltr'>Filii</span> <span class='ocrx_word' id='word_1_291' title='bbox 401 4242 584 4316; x_wconf 91' lang='lat' dir='ltr'>hominum</span> <span class='ocrx_word' id='word_1_292' title='bbox 603 4243 728 4318; x_wconf 84' lang='lat' dir='ltr'>dentes</span> <span class='ocrx_word' id='word_1_293' title='bbox 744 4266 866 4318; x_wconf 90' lang='lat' dir='ltr'>eorurn</span> <span class='ocrx_word' id='word_1_294' title='bbox 884 4267 985 4315; x_wconf 90' lang='lat' dir='ltr'>arma</span> <span class='ocrx_word' id='word_1_295' title='bbox 1002 4252 1039 4317; x_wconf 91' lang='lat' dir='ltr'>et</span> <span class='ocrx_word' id='word_1_296' title='bbox 1058 4242 1194 4336; x_wconf 82' lang='lat' dir='ltr'>sagitta</span> <span class='ocrx_word' id='word_1_297' title='bbox 1218 4252 1255 4317; x_wconf 90' lang='lat' dir='ltr'>et</span> <span class='ocrx_word' id='word_1_298' title='bbox 1279 4253 1408 4317; x_wconf 84' lang='lat' dir='ltr'>cetera.</span> <span class='ocrx_word' id='word_1_299' title='bbox 1426 4240 1527 4317; x_wconf 91' lang='lat' dir='ltr'>Hinc</span> 
     </span>
     <span class='ocr_line' id='line_1_36' title="bbox 301 4352 1529 4454; baseline 0.001 -25"><span class='ocrx_word' id='word_1_300' title='bbox 301 4357 369 4429; x_wconf 90' lang='lat' dir='ltr'>Leo</span> <span class='ocrx_word' id='word_1_301' title='bbox 378 4358 473 4451; x_wconf 86' lang='lat' dir='ltr'>Papa</span> <span class='ocrx_word' id='word_1_302' title='bbox 486 4355 529 4428; x_wconf 92' lang='lat' dir='ltr'>de</span> <span class='ocrx_word' id='word_1_303' title='bbox 540 4355 827 4430; x_wconf 89' lang='lat' dir='ltr'>Priscillianistis</span> <span class='ocrx_word' id='word_1_304' title='bbox 844 4354 1012 4431; x_wconf 89' lang='lat' dir='ltr'>hereticis</span> <span class='ocrx_word' id='word_1_305' title='bbox 1024 4380 1045 4427; x_wconf 90' lang='lat' dir='ltr'>a</span> <span class='ocrx_word' id='word_1_306' title='bbox 1058 4354 1281 4454; x_wconf 91' lang='lat' dir='ltr'>principibus</span> <span class='ocrx_word' id='word_1_307' title='bbox 1292 4352 1529 4430; x_wconf 81' lang='lat' dir='ltr'>occisisPro-</span> 
     </span>
     <span class='ocr_line' id='line_1_37' title="bbox 294 4466 1528 4566; baseline 0.001 -25"><span class='ocrx_word' id='word_1_308' title='bbox 294 4468 369 4541; x_wconf 77' lang='lat' dir='ltr'>luit</span> <span class='ocrx_word' id='word_1_309' title='bbox 386 4467 449 4542; x_wconf 88' lang='lat' dir='ltr'>Dei</span> <span class='ocrx_word' id='word_1_310' title='bbox 466 4468 563 4543; x_wconf 83' lang='lat' dir='ltr'>insta</span> <span class='ocrx_word' id='word_1_311' title='bbox 581 4467 769 4559; x_wconf 83' lang='lat' dir='ltr'>districtio,</span> <span class='ocrx_word' id='word_1_312' title='bbox 787 4494 873 4566; x_wconf 77' lang='lat' dir='ltr'>qnae.</span> <span class='ocrx_word' id='word_1_313' title='bbox 891 4469 958 4542; x_wconf 85' lang='lat' dir='ltr'>etsi</span> <span class='ocrx_word' id='word_1_314' title='bbox 968 4467 1185 4544; x_wconf 81' lang='lat' dir='ltr'>sacerdotali</span> <span class='ocrx_word' id='word_1_315' title='bbox 1203 4478 1372 4544; x_wconf 87' lang='lat' dir='ltr'>contenta</span> <span class='ocrx_word' id='word_1_316' title='bbox 1390 4466 1528 4542; x_wconf 86' lang='lat' dir='ltr'>indicia</span> 
     </span>
    </p>
   </div>
   <div class='ocr_carea' id='block_1_2' title="bbox 0 0 1823 5498">
    <p class='ocr_par' dir='ltr' id='par_1_2' title="bbox 0 0 1823 5498">
     <span class='ocr_line' id='line_1_38' title="bbox 0 0 1823 5498; baseline 0 0"><span class='ocrx_word' id='word_1_317' title='bbox 0 0 1823 5498; x_wconf 95' lang='lat' dir='ltr'> </span> 
     </span>
    </p>
   </div>
  </div>
 </body>
</html>
