3608 5498
806 374 1004 437 -135-

294 506 331 569 et
347 519 411 568 suo
428 521 464 570 so
482 497 645 570 Pontifici
664 505 887 593 praesentare.
906 497 1108 572 Altcrcavit
1125 520 1208 572 vero
1226 508 1261 572 et
1279 521 1340 594 pro
1353 497 1515 572 Ecclesia

296 608 502 705 Tyeinensi‚
519 609 579 684 sed
596 610 783 684 convictus
800 619 854 683 est
870 634 910 685 eo
926 612 1056 710 quoda
1074 612 1202 709 priscis
1223 611 1440 710 temporibus
1457 616 1518 687 Se·

296 722 332 795 di
357 721 556 819 Apostolice
581 723 739 798 eiusdem
766 725 980 822 Tycinensis
1005 725 1175 800 Ecclesiae
1194 725 1355 799 Antiates
1371 725 1414 799 ad
1436 747 1517 799 con·

296 835 509 911 sacrandum
528 836 726 935 pertinebat
743 846 779 910 et
797 839 959 935 pertinet.

863 1065 959 1150 ool.

392 1290 567 1365 lohannes
584 1296 617 1364 V
635 1294 776 1368 natione
795 1294 912 1391 Syrus
928 1291 1079 1367 abstulit
1094 1293 1350 1367 ordinationem
1374 1288 1579 1367 Pontio-u..

295 1405 559 1502 cisTurritanse
568 1405 738 1481 Ecclesiae
751 1407 957 1483 Calaritano
971 1406 1514 1505 Archiepiseopo‚quiquondam
1546 1414 1551 1425 '

297 1544 319 1591 a
341 1518 442 1594 beato
464 1523 557 1618 Papa
584 1522 739 1595 Martino
763 1522 807 1595 ab
832 1522 954 1596 eadem
980 1521 1199 1596 ordinatione
1225 1545 1419 1618 suspensus
1444 1520 1518 1595 luc·

297 1642 389 1720 rant,
414 1635 581 1731 quoniam
606 1636 807 1732 antiquitus
832 1635 1006 1709 ordinatio
1031 1634 1093 1708 illa
1120 1635 1293 1733 pertinuit
1318 1635 1399 1709 Sedi
1427 1640 1517 1731 Apo·

296 1747 438 1822 stolicae.

847 1975 961 2059 oevi.

389 2192 650 2290 Stephanuslll
660 2193 802 2268 natione
817 2193 962 2268 Siculus
970 2196 1203 2292 congregatis
1212 2195 1396 2292 Episcopis
1405 2195 1516 2269 totius

294 2307 424 2381 Tuscie
444 2317 552 2405 atque
570 2308 787 2406 Campaniae,
803 2310 1075 2384 consedentibus
1091 2311 1225 2410 pariter
1246 2312 1317 2383 XII
1334 2309 1517 2408 Episcopis

293 2423 511 2495 Francorum
530 2432 565 2495 et
582 2422 751 2495 Romanis
768 2421 1005 2518 Presbyteris
1035 2423 1072 2496 in
1090 2423 1266 2522 presentia
1284 2421 1395 2497 totius
1419 2421 1516 2496 Cleri

293 2546 328 2610 et
340 2535 460 2636 populi
472 2535 665 2610 concilium
680 2536 765 2610 secit
777 2535 815 2608 in
832 2535 981 2610 basilica
999 2536 1307 2625 Constantiniana,
1320 2537 1357 2609 in
1376 2559 1445 2634 quo
1457 2536 1515 2609 da·

294 2650 433 2722 mnavit
451 2649 726 2724 Constantinum
741 2647 960 2748 neophytum
975 2651 1175 2726 invasorem
1192 2651 1293 2726 Sedis
1304 2649 1515 2750 Apostolice‚

294 2773 330 2838 et
347 2763 598 2864 inscriptiones
615 2763 693 2837 eius
710 2774 746 2837 et
762 2772 865 2858 gesta
882 2763 1118 2852 decretorum,
1135 2774 1170 2840 et
1186 2765 1306 2839 allatis
1319 2764 1516 2840 sacratissi-

294 2878 364 2950 mis
377 2875 573 2951 canonibus
586 2877 707 2975 eisque
721 2875 855 2974 liquido
865 2879 1108 2973 perscrutatis,
1122 2878 1257 2976 prolata
1271 2887 1324 2953 est
1338 2877 1515 2951 sententia

294 2991 339 3064 ab
359 2991 478 3066 codem
501 2989 651 3065 concilio
673 2991 740 3063 sub
760 2990 999 3066 anathematis
1019 2994 1224 3082 interdictu,
1245 3001 1287 3067 ut
1308 2991 1430 3064 nullus
1451 3016 1516 3063 un·

294 3131 401 3205 quam
416 3106 601 3193 laicorum,
614 3129 728 3203 neque
745 3128 790 3179 ex
802 3105 871 3180 alio
884 3106 1005 3181 ordine
1018 3115 1222 3206 prasumat,
1234 3106 1305 3179 nisi
1318 3129 1379 3205 per
1392 3105 1516 3179 distin·

293 3232 369 3297 ctos
393 3221 528 3318 gradus
552 3221 748 3296 ascendens
777 3220 949 3295 diaconus
973 3231 1037 3295 aut
1062 3220 1250 3319 presbyter
1272 3218 1390 3294 factus
1406 3217 1515 3293 fuerit

293 3335 486 3410 cardinalis
501 3335 546 3408 ad
563 3360 706 3409 sacrum
727 3335 961 3409 pontificatus
978 3333 1137 3408 ordinem
1155 3331 1363 3432 promoveri.

837 3536 969 3621 colli.

715 3741 764 3792 Ex
782 3743 874 3794 Rom.
894 3741 1083 3795 Pontifieali.

389 3908 522 3981 Omnes
539 3905 688 3979 Romani
706 3915 942 4003 perrexerunt
958 3929 1041 3979 cum
1057 3904 1197 4000 ingenti
1215 3902 1330 3977 letitia
1343 3899 1388 3974 ed
1405 3899 1517 3974 eccle-

293 4017 1190 4095 siamsanctorum1111⁰¹Cor0natorumeademnam
1199 4011 1516 4090 Leonemeiusdem

292 4133 452 4210 ecclesia
477 4135 703 4210 Cardinalem
727 4141 890 4206 coactum
917 4132 1144 4230 invitumque
1161 4129 1243 4203 inde
1270 4124 1517 4202 abstrahentes

293 4271 376 4322 cum
404 4249 529 4345 ymnis
553 4247 792 4347 laudibusque
817 4248 1006 4347 praecipuis
1035 4247 1079 4320 ad
1105 4248 1343 4320 Lateranense
1362 4239 1516 4315 Patriar·

292 4357 415 4433 chium
435 4361 677 4458 perduxerunt
690 4372 726 4436 et
740 4384 872 4434 morem
886 4368 1073 4434 servantes
1085 4359 1273 4457 antiquum
1288 4378 1412 4429 omnes
1424 4352 1517 4428 eius·

288 4474 368 4550 dem
387 4473 582 4550 deosculati
602 4487 687 4551 sunt
704 4474 817 4576 pedes.
