3608 5498
806 414 1003 481 -att-

288 537 436 616 lentiam
453 547 560 638 atque
577 537 837 614 insecutionem
861 537 976 638 ipsius
997 539 1205 638 expendisse
1228 539 1288 615 vel
1313 540 1511 640 dampnum

288 652 477 754 pertulisse
486 653 585 729 datos
595 661 818 728 sacramento
827 652 1036 744 firmaverit,
1045 653 1159 730 eidem
1174 653 1336 754 episcopo
1348 654 1513 732 restitue-

290 792 327 844 re
339 767 628 865 condempnetur.
641 764 680 840 Si
693 774 814 842 autern
827 763 933 843 aliter
945 792 1051 866 quam
1062 767 1211 844 antefati
1221 769 1375 875 episcopi
1388 770 1512 872 petitio

289 881 450 958 continet
466 890 587 957 actum
606 904 683 956 esse
701 880 849 955 forsitan
863 879 1083 979 perhibetur,
1096 882 1277 982 suptiliter
1293 884 1512 982 querendum

289 1005 355 1080 est,
371 1006 406 1071 et
422 995 568 1092 cognita
586 993 738 1070 veritate
751 1020 835 1071 cum
849 994 915 1071 Dei
929 994 1056 1071 timore
1072 996 1165 1095 quod
1177 995 1328 1073 iustitiae
1340 997 1422 1073 ordo
1435 1022 1515 1072 sua·

289 1109 376 1186 serit
388 1108 630 1185 iudicandum.
643 1107 735 1196 Quia
749 1107 865 1205 igitur
879 1108 1082 1207 Stephanus
1096 1109 1298 1212 Episcopus
1310 1096 1348 1185 in
1361 1098 1438 1187 odio
1450 1134 1515 1215 suo

289 1224 451 1323 quaedam
469 1223 553 1299 ficta
570 1231 606 1298 et
622 1222 664 1299 de
680 1220 781 1296 falsis
799 1245 837 1298 se
854 1221 1026 1320 capitulis
1042 1233 1265 1314 accusatum,
1281 1248 1396 1323 neque
1408 1223 1514 1301 aliter

292 1334 538 1411 ordinabiliter
554 1334 704 1424 factum,
720 1333 780 1409 sed
797 1332 932 1409 iniuste
949 1358 987 1410 se
1000 1334 1130 1411 asserit
1142 1328 1452 1436 condempnatum,
1464 1337 1516 1411 di·

290 1449 450 1546 ligenter
468 1448 688 1547 querendum
706 1456 769 1523 est.
787 1446 948 1522 Primum
967 1449 998 1523 si
1017 1449 1192 1525 iudicium
1204 1440 1448 1528 ordinabiliter
1459 1461 1515 1528 est

292 1562 540 1652 habitum,aut
556 1563 588 1636 si
601 1556 665 1636 alii
678 1573 915 1654 accusatores,
923 1562 986 1636 alii
1000 1572 1109 1639 testes
1121 1563 1278 1639 fuerunt.
1287 1553 1422 1640 Deinde
1434 1551 1517 1641 cau·

292 1701 414 1751 sarum
438 1675 605 1774 qualitas,
621 1676 651 1749 si
669 1674 779 1772 digna
796 1674 903 1752 exilio
919 1677 978 1751 vel
994 1677 1209 1776 depositione
1227 1677 1306 1752 fuit.
1325 1683 1399 1752 Aut
1424 1678 1456 1752 si
1473 1702 1514 1754 eo

293 1800 466 1891 praesente
480 1790 547 1865 sub
560 1789 790 1866 iureiurando
806 1802 931 1867 contra
943 1816 1028 1865 eum
1042 1789 1286 1866 testimonium
1300 1779 1515 1883 dictumest,

293 1905 323 1979 si
340 1915 464 1980 contra
481 1929 562 1979 eum
580 1903 724 2001 scriptis
741 1914 862 1979 actum
880 1914 946 1993 est,
962 1903 1022 1979 vel
1039 1902 1071 1978 si
1085 1904 1161 2001 ipse
1173 1903 1357 1980 licentiam
1375 1930 1515 2006 raspon-

292 2017 396 2093 dendi
413 2025 449 2093 et
466 2015 674 2092 defendendi
691 2040 729 2092 sc
745 2016 879 2092 habuit
898 2019 968 2094 Sed
985 2019 1078 2094 etde
1091 2018 1251 2118 personis
1265 2019 1514 2095 accusantium

291 2129 471 2231 suptiliter
487 2129 718 2228 quarendum
732 2130 911 2219 est,cuius
924 2132 1155 2221 condicionis,
1168 2132 1318 2209 cuiusve
1330 2131 1515 2232 opinionis,

289 2254 354 2319 aut
366 2268 411 2318 ne
428 2243 548 2343 inopes
561 2242 645 2331 sint,
658 2252 722 2317 aut
735 2268 780 2317 ne
794 2244 884 2320 forte
896 2245 1037 2345 aliquas
1050 2256 1173 2323 contra
1183 2245 1300 2347 ipsum
1311 2246 1515 2344 episcopum

291 2356 501 2433 inimicitias
518 2355 739 2446 habuissent,
755 2366 792 2432 et
808 2366 932 2432 utrum
949 2359 1196 2435 testimonium
1214 2384 1258 2436 ex
1274 2359 1399 2434 auditu
1421 2359 1517 2436 dixe·

293 2472 377 2560 rint,
393 2480 457 2545 aut
474 2480 569 2545 certe
586 2469 788 2567 specialiter
805 2496 843 2547 se
860 2471 953 2548 scire
970 2471 1092 2548 testati
1110 2481 1207 2561 sunt,
1231 2471 1290 2547 vel
1316 2471 1347 2546 si
1370 2471 1516 2570 scriptis

291 2584 489 2661 iudicatum
505 2594 569 2659 est.
583 2580 621 2657 Si
635 2583 797 2684 partibus
810 2586 1045 2686 presentibus
1053 2586 1241 2662 sententia
1250 2585 1408 2662 recitata
1420 2595 1516 2661 sunt.

292 2698 394 2787 Quod
412 2697 442 2772 si
460 2697 550 2773 forte
574 2695 651 2773 haec
675 2696 918 2798 sollempniter
942 2710 1024 2776 acta
1048 2723 1119 2775 non
1143 2710 1240 2789 sunt,
1264 2723 1381 2799 neque
1405 2725 1516 2776 causa

294 2812 439 2914 probata
457 2822 511 2889 est
524 2836 604 2910 qua
616 2811 723 2888 exilio
735 2813 794 2887 vel
807 2812 1021 2915 depositione
1034 2814 1144 2911 digna
1158 2813 1216 2904 sit,
1225 2813 1263 2889 in
1276 2809 1438 2891 aecclesia
1451 2839 1518 2889 sua

296 2927 409 3002 modis
425 2926 591 3028 omnibus
608 2935 805 3003 revocetur.
823 2928 871 3002 Hi
888 2950 973 3003 vero
989 2927 1051 3027 qui
1068 2938 1190 3005 contra
1209 2927 1274 3004 Dei
1291 2928 1455 3004 timorem
1480 2938 1518 3005 et

296 3051 430 3116 statuta
448 3063 625 3117 canonum
650 3064 734 3115 eum
758 3027 1121 3141 condempnaverunt,
1146 3041 1453 3118 excommunicato
1477 3041 1516 3116 in

295 3155 509 3231 monasterio
525 3155 569 3228 ad
582 3155 759 3250 agendam
775 3153 1007 3253 penitentiam
1022 3156 1060 3230 in
1073 3159 1125 3230 Vl
1140 3155 1322 3231 mensibus
1334 3165 1420 3231 sunt
1436 3155 1517 3231 mit·

297 3269 472 3344 tendi.1ta
485 3292 582 3358 sane,
595 3276 638 3342 ut
650 3268 680 3342 si
694 3268 860 3367 cuiquam
875 3293 996 3344 eorum
1011 3269 1135 3345 mortis
1148 3269 1343 3365 contigerit
1354 3265 1518 3344 immine·

298 3409 336 3459 re
349 3383 555 3470 discrimen,
569 3382 696 3459 viatici
710 3384 762 3459 eis
774 3383 973 3459 benedictio
981 3407 1051 3458 non
1062 3393 1226 3480 negetur.
1236 3386 1315 3480 lpse
1323 3391 1444 3458 autem
1454 3381 1517 3480 qui

296 3520 338 3573 co
358 3497 504 3572 vivente
517 3494 634 3572 locum
649 3496 929 3572 eiustemerarie
950 3495 1096 3570 ambuat
1117 3496 1194 3595 (sic)
1215 3496 1380 3593 privatus
1403 3520 1518 3571 sacer-

295 3612 398 3700 doti0,
413 3610 459 3685 ab
475 3610 571 3685 omni
590 3611 789 3687 ministerio
805 3609 1060 3686 aecclesiastico
1077 3609 1271 3711 repellatur
1283 3620 1390 3707 atque
1403 3608 1518 3684 eidem

295 3723 527 3799 dilectissimo
543 3723 648 3798 fratri
665 3734 701 3800 et
717 3724 919 3822 coepiscopo
936 3732 1057 3798 nostro
1073 3722 1248 3812 tradatur,
1270 3732 1313 3797 ut
1336 3747 1419 3799 eum
1444 3721 1519 3821 ipse

295 3838 418 3913 autad
436 3861 500 3912 nos
512 3837 746 3927 transmittat,
758 3846 822 3912 aut
834 3837 929 3936 apud
942 3861 979 3911 se
996 3836 1033 3911 in
1047 3836 1208 3912 custodia
1220 3836 1360 3911 habeat.
1377 3835 1519 3934 Episco-

295 3951 331 4049 pi
350 3975 434 4027 vero
451 3951 510 4049 qui
530 3975 612 4026 eum
631 3950 795 4026 ordinare
814 3960 1120 4052 praesumpserunt
1132 3949 1190 4026 vel
1204 3974 1368 4049 perverse
1381 3949 1520 4023 ordina·

297 4065 385 4140 tioni
403 4064 502 4138 illius
519 4064 699 4163 praebuere
717 4089 942 4154 consensum,
955 4065 1041 4140 item
1057 4063 1305 4140 communione
1322 4060 1466 4163 privati,
1478 4061 1517 4135 in

297 4183 348 4254 Vl
367 4179 549 4254 mensibus
565 4181 610 4254 ad
623 4182 800 4278 agendam
815 4179 1060 4279 penitentiam
1073 4179 1111 4252 in
1126 4176 1338 4252 monasterio
1350 4175 1520 4277 deputen-

298 4303 367 4366 tur.
385 4292 423 4365 Si
441 4301 560 4368 autam
578 4293 729 4394 episcopi
749 4294 784 4367 in
804 4292 1011 4394 praeiudicio
1027 4289 1355 4390 condempnationis
1378 4288 1438 4364 vel
1462 4289 1520 4365 de·

299 4406 481 4506 positionis
500 4408 684 4483 memorati
703 4407 886 4506 Stephani,
903 4431 941 4483 se
961 4424 1058 4482 metu
1081 4406 1210 4482 iudicis
1227 4403 1460 4494 consensisse,
1476 4427 1520 4479 ao

298 4517 385 4593 talia
403 4520 530 4598 fecisse
547 4545 613 4595 sua
630 4530 754 4620 sponte
771 4521 920 4623 professi
933 4520 1079 4612 fuerint,
1090 4529 1233 4622 tempus
1245 4518 1299 4596 eis
1310 4516 1520 4594 abbrevian-
