3608 5498
928 384 1123 449 -176-

419 530 503 583 vero
519 505 671 581 orationi
689 513 725 581 et
741 503 941 580 ministerio
958 506 1057 580 verbi
1075 506 1252 581 instantes
1272 505 1416 582 erimus.
1434 505 1480 577 Et
1502 497 1637 600 placuit

355 613 359 622 ’
422 643 539 696 sermo
556 642 673 695 coram
699 617 795 692 omni
817 616 1059 710 multitudine,
1083 630 1120 695 et
1140 619 1331 717 elegerunt
1355 615 1576 717 Stephanum
1602 622 1638 688 et

421 744 578 824 ceteros,
592 733 655 808 hos
668 740 872 808 statuerunt
884 740 969 808 ante
981 744 1210 834 conspectum
1226 732 1472 835 Apostolorum
1485 740 1522 806 ot
1537 753 1638 805 oran-

421 858 475 924 tes
492 847 738 947 imposueruut
751 846 803 922 eis
820 871 959 921 manus.
1029 878 1032 884 ·

995 1050 1060 1134 lII.

775 1253 826 1305 Ex
844 1253 984 1317 epistole
1002 1252 1046 1307 ad
1056 1254 1276 1320 ¹Timotheum.

514 1414 586 1503 Qui
602 1413 692 1490 bene
711 1422 870 1512 praesunt
887 1414 1092 1504 Preshiteri,
1107 1415 1266 1514 dupplici
1290 1415 1422 1490 honore
1449 1412 1550 1508 digni
1575 1412 1638 1486 ha-

418 1526 571 1604 beantur
590 1527 742 1603 maxime
759 1527 821 1625 qui
838 1525 999 1602 laborant
1015 1527 1052 1601 in
1071 1528 1178 1603 verbo
1203 1538 1240 1603 et
1262 1527 1424 1603 doctrina
1449 1525 1524 1601 Dci.
1540 1523 1638 1600 Dicit

423 1641 519 1717 enim
537 1642 703 1718 scritura.
719 1644 800 1718 Non
818 1640 1014 1716 infrenabis
1027 1663 1065 1715 os
1077 1641 1158 1717 bovi
1171 1641 1366 1716 trituranti.
1380 1645 1425 1715 Et
1437 1640 1571 1737 dignus
1583 1648 1638 1714 est

417 1754 606 1853 operarius
624 1754 784 1831 mercede
801 1778 876 1829 sua.
893 1754 1078 1829 Adversus
1103 1755 1351 1855 presbyterum
1372 1752 1637 1831 accusationem

422 1869 496 1943 noli
512 1869 682 1967 recipcre,
698 1868 769 1942 nisi
786 1867 853 1942 sub
873 1868 1012 1943 duobus
1034 1879 1099 1943 aut
1123 1868 1239 1944 tribus
1264 1868 1424 1945 testibus.
1441 1866 1577 1940 Paulus
1601 1878 1638 1942 et

420 1982 628 2059 Timotheus
639 1982 735 2058 servi
746 1983 852 2059 Ihesu
866 1981 1002 2058 Christi
1015 1980 1073 2056 his
1085 1983 1147 2080 qui
1160 1992 1246 2058 sunt
1259 1982 1445 2083 philippic,
1458 2006 1542 2057 cum
1555 1980 1638 2079 Epi-

420 2097 537 2193 scopis
561 2105 598 2172 et
622 2096 848 2178 Diaconibus.
865 2099 912 2170 Et
936 2094 1030 2170 alibi.
1049 2096 1184 2172 Paulus
1208 2106 1243 2172 et
1268 2082 1440 2171 Silvanus
1463 2105 1499 2170 et
1523 2094 1648 2169 Timo·

417 2208 524 2285 theus
541 2210 724 2286 Ecclesiae
741 2209 1122 2287 Thessalonicensium.

984 2413 1081 2502 lIII.⁴

743 2611 794 2662 Ex
810 2608 918 2661 xvm
937 2618 1010 2672 cap.
1029 2610 1144 2662 Niceni
1164 2608 1306 2662 concilii.

516 2773 557 2844 In
575 2797 641 2850 sua
657 2770 806 2848 Diaconi
825 2780 1058 2869 permaneant
1074 2796 1254 2862 mensura,
1270 2771 1425 2848 scientes
1445 2770 1538 2868 quod
1555 2769 1636 2868 Epi-

417 2907 602 2984 scoporum
622 2884 764 2983 quidem
783 2883 941 2958 ministri
960 2891 1055 2958 sunt.
1068 2882 1258 2958 Inferiores
1275 2894 1396 2958 autem
1410 2881 1637 2980 Presbyteris

416 2998 627 3075 habeantur.
644 3003 713 3076 Per
729 2999 888 3074 ordinem
906 3021 993 3095 ergo
1010 2996 1111 3097 prius
1124 2996 1350 3096 Presbyteris
1362 2996 1520 3093 gratiam
1534 3019 1635 3071 sacre

417 3113 679 3188 communionis
706 3111 886 3211 accipiant
913 3119 977 3187 aut
1002 3109 1172 3208 Episcopo
1201 3119 1265 3184 aut
1290 3110 1503 3209 Presbytero
1528 3107 1637 3206 porri·

414 3235 534 3323 gente.
553 3225 622 3302 Sed
638 3251 705 3303 nec
730 3226 852 3301 sedere
865 3223 915 3298 ‚in
941 3224 1054 3299 medio
1078 3223 1372 3321 Presbyterorum
1400 3223 1573 3299 Diaconos
1596 3221 1637 3295 li·

415 3347 505 3414 ceat.
529 3338 623 3427 Quia
647 3340 677 3413 si
703 3339 769 3414 hoc
794 3339 868 3428 fiat,
893 3347 1022 3435 praeter
1047 3337 1211 3434 regulam
1230 3337 1400 3437 probatur
1416 3336 1578 3413 existere.
1596 3334 1635 3409 Si

418 3452 500 3550 quis
516 3462 638 3528 autem
655 3453 768 3528 etiam
782 3462 859 3551 post
875 3452 942 3526 has
957 3450 1188 3528 diffinitiones
1204 3452 1343 3529 obedire
1360 3452 1525 3542 noluerit,
1537 3477 1557 3524 a
1571 3449 1636 3523 mi·
1760 3483 1762 3487 <

415 3563 562 3640 nisterio
579 3589 719 3641 cessare
735 3565 848 3641 debet.

1001 3767 1045 3852 V.

683 3971 733 4024 Ex
746 3971 878 4025 concillo
892 3969 1149 4025 chalcedonensi
1161 3982 1235 4037 cap.
1248 3973 1364 4026 XXVI.

511 4131 688 4220 Quoniam
707 4133 803 4206 utin
821 4131 1033 4231 quibusdam
1051 4134 1213 4210 ecclesiis
1230 4134 1427 4233 reperimus
1444 4134 1521 4209 sine
1533 4133 1633 4209 echo

412 4245 527 4320 nomis
545 4272 602 4322 res
618 4247 879 4324 ecclesiasticas
895 4257 1050 4324 tractare
1068 4247 1232 4346 Episcopi
1257 4246 1394 4347 placuit
1410 4248 1564 4336 omnino,
1586 4255 1628 4320 ut

415 4360 531 4432 omnis
547 4359 708 4435 aeclesia
730 4360 865 4436 habens
890 4359 1102 4458 Episcopum
1114 4360 1117 4366 ’
1128 4359 1237 4434 etiam
1253 4358 1488 4434 echonomum
1505 4357 1636 4434 habere

414 4470 457 4544 de
474 4472 613 4570 proprio
625 4470 731 4561 clero,
744 4473 807 4572 qui
825 4497 881 4549 res
897 4471 1164 4548 ecclesiasticas·
1171 4470 1352 4570 dispenset
1363 4497 1447 4549 cum
1460 4495 1635 4548 consensu
