3608 5498
698 400 892 466 ..249-

184 520 336 594 sitatem.
355 519 455 607 Quod
471 519 502 595 si
520 543 591 595 non
608 520 743 611 fecerit,
761 545 843 596 reus
862 523 933 596 Deo
950 530 985 596 et
1001 531 1125 598 sancto
1142 521 1303 612 concilio,
1321 545 1405 596 von-

182 631 274 707 ditor
290 631 420 708 honore
437 633 568 709 amisso
584 643 757 709 teneatur.

745 838 839 922 IIII.

513 1042 595 1093 Item
613 1040 645 1092 ln
663 1040 781 1094 eodem
800 1055 872 1110 cap.
892 1043 1071 1096 xxxvm.

279 1206 368 1278 Item
379 1201 525 1302 placuit,
535 1212 575 1276 ut
584 1203 749 1303 episcopi,
763 1205 976 1305 presbyteri,
986 1206 1136 1297 diaconi,
1145 1216 1181 1281 et
1190 1204 1406 1305 quicumque

181 1315 303 1391 clerici
321 1315 382 1414 qui
401 1312 513 1391 nichil
532 1316 675 1406 habent,
692 1317 914 1409 ordinantur,
939 1328 975 1396 et
1000 1328 1155 1418 tempore
1173 1318 1407 1417 episcopatus,

184 1429 243 1506 vel
260 1429 453 1505 clericatus
470 1430 528 1505 sui
544 1454 651 1528 agros
664 1430 722 1507 vel
736 1456 972 1532 quaecumque
986 1433 1099 1532 pretia
1111 1432 1247 1508 nomini
1265 1456 1330 1507 suo
1347 1432 1405 1508 vel

183 1569 247 1644 per
271 1543 384 1619 alium
409 1545 653 1620 excusandum
680 1558 896 1644 comparant,
913 1556 1096 1646 tamquam
1115 1572 1234 1622 rerurn
1259 1544 1408 1621 domini-

185 1685 309 1735 carum
328 1659 512 1735 invasione
529 1669 732 1751 teneantur,
754 1661 823 1735 nisi
848 1661 1020 1736 admoniti
1043 1661 1081 1735 in
1098 1659 1260 1735 ecclesia
1284 1659 1406 1734 eadem

181 1775 249 1873 ipsi
274 1774 502 1850 contulerint.
520 1774 585 1849 Sin
602 1784 722 1851 autem
741 1775 830 1874 ipsis
851 1776 990 1875 propria
1014 1775 1230 1851 liberalitate
1250 1772 1406 1848 alicuius

183 1888 241 1963 vel
267 1889 491 1964 successione
515 1888 741 1985 cognationis
765 1889 900 1988 aliquid
924 1887 1144 1978 obvenerint,
1168 1887 1304 1964 faciant
1325 1887 1406 1964 inde

179 2002 272 2101 quod
296 2026 417 2078 eorum
436 2003 609 2101 proposito
625 2003 805 2100 congruit.
824 2003 924 2090 Quod
936 2002 967 2078 si
980 2028 1002 2078 a
1015 2025 1079 2078 suo
1092 2001 1267 2101 proposito
1280 2009 1407 2077 retror-

182 2143 261 2191 sum
279 2117 568 2208 exorbitaverint,
585 2118 715 2195 honore
733 2115 975 2194 ecclesiastico
992 2126 1175 2216 tamquam
1193 2115 1338 2213 indigni
1352 2141 1406 2189 ar·

182 2239 342 2306 ceantur.

738 2357 852 2440 XVII.

560 2535 597 2587 In
615 2534 731 2589 eodem
749 2546 821 2600 cap.
841 2535 1036 2588 xxxvmr.

282 2691 371 2763 Item
389 2689 498 2764 etiam
516 2688 665 2788 placuit,
682 2700 723 2764 ut
740 2688 941 2789 presbytori
959 2713 1028 2765 non
1046 2689 1204 2765 vendant
1217 2712 1273 2763 res
1286 2686 1408 2765 aeocle·

185 2802 246 2877 siae
263 2802 324 2877 ubi
341 2812 427 2878 sunt
443 2805 631 2880 constituti
649 2804 893 2881 nescientibus
918 2803 1091 2902 episeopis
1115 2803 1201 2878 suis.
1226 2802 1406 2891 Quomodo

186 2941 253 2993 nec
266 2917 439 3017 episeopis
452 2917 538 2993 lieet
550 2917 705 2994 vendere
723 2917 837 3017 pretia
850 2916 1022 2994 aecclesiae
1038 2916 1239 2992 inconsulto
1256 2913 1407 2992 concilio

186 3030 245 3107 vel
262 3040 391 3107 cuncto
409 3031 630 3130 presbyterio
646 3030 724 3107 sine
743 3030 817 3105 ulla
836 3030 1060 3107 necessitate.

729 3233 860 3318 XVIII.

646 3439 682 3489 In
700 3437 773 3491 eod.
793 3406 865 3506 cap.
885 3440 950 3493 III..

286 3600 457 3701 Episcopo
473 3623 544 3675 non
562 3600 671 3676 liceat
687 3598 848 3677 matricis
860 3599 1032 3679 aecclesire
1046 3627 1102 3679 res
1115 3600 1209 3678 idest
1221 3599 1319 3676 tituli
1332 3623 1410 3700 pre·

188 3713 324 3813 sbyteri
341 3714 398 3789 sui
416 3739 599 3813 usurpare.

721 3841 871 3927 XVIIII.

324 4038 406 4092 Item
424 4050 466 4092 ex
484 4039 624 4092 conossio
644 4039 674 4089 11
691 4039 829 4102 eugenii
846 4039 909 4089 PP.
929 4048 1003 4089 eum
1021 4037 1183 4103 episcopis
1202 4036 1273 4089 Lxr

466 4128 501 4182 et
517 4129 632 4182 Leonis
650 4129 712 4179 1111
731 4140 805 4179 eum
823 4126 987 4192 episcopis
1004 4126 1131 4178 LXVII.

259 4281 363 4359 Nulli
380 4284 633 4383 Episcoporum
649 4283 757 4361 liceat
774 4306 831 4357 res
847 4280 890 4356 de
907 4279 1079 4356 subiectis
1096 4279 1256 4379 plebibus
1273 4290 1310 4355 et
1326 4279 1409 4355 aliis

190 4397 258 4496 piis
275 4396 362 4472 locis
379 4397 416 4471 in
435 4398 591 4496 proprios
608 4425 695 4474 usus
712 4399 849 4476 habere.
867 4399 1000 4478 Contra
1017 4420 1132 4496 agens
1150 4398 1321 4474 canonica
1346 4422 1409 4471 au·

192 4510 357 4590 ctoritate
374 4520 614 4591 coerceantur.
