3608 5498
817 379 1016 440 -133-

307 497 466 573 tualibus
484 500 640 598 undique
657 507 693 574 et
711 499 840 597 ubique
858 509 1032 597 quantum
1052 509 1198 598 possunt
1215 500 1285 573 nisi
1302 501 1412 597 digne
1426 505 1529 578 satis·

306 612 432 687 fecerit
456 612 700 711 insequantur.
727 612 903 688 Volumus
920 613 1039 711 itaque
1057 623 1098 687 ut
1116 612 1319 712 praephatus
1333 615 1528 713 Episcopus
1620 671 1626 684 .

306 726 406 824 prius
421 751 664 825 quoscumque
681 737 794 826 potest
811 727 1001 824 Episcopus
1013 736 1049 801 ct
1067 727 1219 824 reliquos
1236 729 1442 803 Sacerdotes
1459 728 1527 804 sibi

304 840 505 938 adiungunt
522 851 558 916 et
574 842 676 915 illum
702 841 768 916 Dei
793 841 980 917 inimicum
1007 842 1051 915 ad
1072 841 1219 937 dignam
1247 841 1524 918 satisfactionem

305 964 485 1028 convocet.
502 954 602 1040 Quod
620 953 650 1027 si
666 953 775 1049 digne
788 955 956 1052 penitere,
969 965 1005 1030 et
1017 955 1136 1029 ablata
1155 955 1344 1031 restituere
1358 956 1525 1047 nolucrit,

304 1065 399 1140 datis
415 1065 482 1139 sibi
500 1068 571 1139 XV
593 1066 731 1141 dierum
758 1067 918 1157 indutiis,
944 1069 1092 1144 introitu
1118 1069 1278 1145 ecclcsiae
1303 1071 1465 1167 privetur
1489 1082 1525 1147 et

303 1178 438 1278 prefato
457 1179 557 1254 modo
574 1179 705 1254 iniuria
723 1180 817 1256 beati
835 1182 931 1256 Petri
949 1183 1152 1259 vindicetur
1179 1209 1291 1283 usque
1315 1185 1359 1259 ad
1385 1187 1525 1261 satisfa-

304 1293 467 1369 ctionem.

823 1523 1007 1609 CXCVIII.

394 1747 591 1844 Gregorius
608 1748 804 1848 Episcopus
821 1775 949 1826 servus
965 1776 1150 1827 serrorum
1169 1754 1244 1828 Dei.
1270 1757 1434 1831 Manasse
1456 1760 1522 1832 Re·

300 1865 412 1938 mensi
431 1864 716 1963 Archiepiscopo,
733 1865 829 1940 inter
846 1875 975 1940 cetera.
993 1866 1114 1940 Nostis
1131 1867 1263 1941 etenim
1286 1868 1411 1942 Osium
1438 1871 1521 1967 Epi-

298 2002 442 2077 scopum
460 1980 498 2051 in
516 1979 652 2055 Niceno
669 1989 705 2053 et
722 1979 889 2054 Cirillum
907 1979 943 2051 in
970 1978 1150 2077 Ephesino
1175 1980 1325 2055 concilio
1350 1969 1520 2057 Romano

297 2118 377 2165 rum
395 2092 475 2168 vice
487 2092 620 2168 eisdem
634 2092 909 2168 concedentibus
922 2093 1065 2167 functos
1078 2092 1190 2167 fuisse
1204 2093 1429 2168 Pontificum.
1444 2095 1519 2167 Sia-

295 2206 376 2302 grio
387 2229 525 2304 quoque
539 2206 792 2303 Augudinensi
807 2208 977 2304 Episcopo
995 2205 1247 2300 Lugdunensis
1260 2206 1433 2281 antistitis
1446 2208 1518 2282 sul·

296 2318 467 2415 fraganeo
484 2320 680 2394 secundum
699 2322 832 2416 Papam
851 2320 1067 2416 Gregorium
1081 2318 1282 2393 celebrandi
1298 2321 1517 2415 generaliter

296 2431 334 2504 in
352 2431 481 2507 Galliis
497 2432 649 2508 concilia
665 2432 783 2508 vicem
801 2458 903 2507 suam
921 2432 1045 2530 legitis
1062 2431 1265 2508 indulsisse.

810 2660 1011 2746 oxovuss.

390 2887 588 2986 Gregorius
604 2890 799 2988 Episcopus
817 2893 958 2963 Sancta
975 2890 1142 2961 Romanae
1164 2886 1342 2962 Ecclesia.
1368 2890 1516 2986 Semper

294 3001 410 3092 licuit,
427 3027 635 3101 semperque
653 3003 774 3078 licebit
791 3012 914 3080 contra
936 3001 1114 3076 novitates
1138 3010 1381 3077 excrescentes
1397 3026 1516 3078 exces-

293 3141 357 3189 sus
373 3137 466 3190 nova
482 3140 620 3214 quoque
638 3119 779 3193 decreta
796 3128 903 3216 atque
922 3117 1077 3192 remedia
1093 3139 1293 3216 procurare,
1311 3141 1391 3214 quae
1412 3117 1515 3193 ratio·

294 3229 351 3302 nis
366 3239 404 3304 et
419 3229 645 3305 auctoritatis
661 3230 756 3305 edita
769 3230 912 3322 iudici0,
924 3231 1017 3305 nulli
1030 3231 1216 3306 hominurn
1230 3230 1278 3305 sit
1290 3230 1344 3305 fas
1357 3240 1399 3305 ut
1411 3231 1513 3306 irrita

289 3343 456 3418 refutare.

867 3539 934 3622 CO.

695 3751 745 3802 Ex
762 3752 908 3804 Romano
926 3750 1116 3804 Pontfflcali.

386 3913 512 3987 Victor
528 3912 671 3987 natione
688 3912 796 4003 Affer,
820 3913 1007 3988 constituit
1032 3924 1073 3989 ut
1098 3921 1264 3987 sanctum
1290 3912 1428 3986 Pascha
1453 3913 1510 3988 die

291 4025 467 4101 dominica
485 4024 694 4114 celebretur,
711 4027 808 4102 sicut
825 4026 1066 4114 EleutheriuS,
1079 4036 1115 4101 et
1131 4026 1218 4101 fecit
1234 4034 1424 4123 sequentes
1440 4024 1510 4100 cle-

290 4139 391 4215 ricos.
408 4141 478 4214 Hic
494 4141 580 4215 fecit
596 4141 789 4216 concilium
815 4141 857 4215 de
883 4139 1019 4216 circulo
1044 4139 1202 4228 Paschae,
1226 4139 1377 4213 acersito
1401 4137 1510 4214 Theo

290 4252 399 4351 phylo
417 4254 587 4351 Episcopo
605 4253 841 4341 Alexandria,
858 4265 895 4328 et
911 4255 1108 4342 constituit,
1124 4264 1166 4327 ut
1183 4255 1323 4327 aXllll
1336 4253 1422 4327 luna
1439 4254 1509 4352 pri·

289 4367 339 4440 mi
363 4368 497 4442 mensis
514 4369 686 4466 usquead
704 4369 866 4444 XXIdic
885 4369 1071 4443 Dominica
1095 4368 1317 4443 custodiatur
1340 4376 1506 4442 sanctum

288 4477 436 4553 Pascha.
