3608 5498
936 417 1067 483 -206
1094 448 1134 464 -

910 665 1154 751 exxxvssu.

517 891 720 970 Theodorus
736 895 753 969 I
770 894 913 971 natione
931 898 1070 973 Greeus
1085 918 1287 972 convocans
1313 893 1501 967 universos
1527 915 1645 967 sacer·

426 1012 523 1086 dotes
540 1018 577 1084 et
593 1007 728 1083 elerum
747 1007 785 1081 in
798 1009 948 1085 eeclesia
964 1008 1058 1084 beati
1077 1009 1173 1085 Petri
1192 1006 1350 1107 Apostoli
1367 1004 1644 1102 condempnavit
1726 1091 1738 1116 ἢ

426 1123 610 1224 Pyrrhum
628 1121 1060 1221 Constantinopolitanum
1078 1121 1329 1220 patriarcham,
1347 1118 1414 1193 sub
1435 1117 1581 1194 vinculo
1606 1142 1642 1191 a·

426 1235 654 1323 mathematis,
671 1233 755 1331 quia
771 1260 855 1311 eum
872 1236 916 1310 ad
934 1235 1182 1334 Apostolorum
1196 1234 1321 1308 limina
1334 1232 1588 1309 satisfactionis
1601 1231 1643 1305 li-

425 1350 560 1427 bellum
584 1346 771 1423 obtulisset
792 1349 831 1422 in
855 1360 1046 1447 conspeetu
1070 1349 1181 1425 totius
1205 1348 1293 1425 cleri
1312 1356 1349 1423 et
1370 1345 1502 1445 populi,
1524 1354 1644 1444 postea

427 1487 523 1539 more
539 1461 640 1538 canis
656 1461 701 1536 ad
718 1463 898 1561 proprium
917 1464 1091 1539 votimum
1108 1462 1304 1561 impietatis
1321 1460 1514 1560 repedavit.

952 1696 1114 1779 lxxxx.

522 1907 642 1982 Conon
660 1905 754 2004 apud
772 1906 933 1982 Siciliam
955 1905 1112 1994 edoctus,
1134 1902 1277 1978 natione
1299 1902 1533 1993 Thrasaeeus,
1554 1902 1647 1978 sedit

431 2042 571 2095 menses
586 2021 651 2108 XI,
663 2017 722 2094 bie
736 2018 830 2092 ultra
843 2017 1149 2107 consuetudinem,
1165 2014 1298 2114 absque
1310 2039 1487 2092 consensu
1499 2015 1587 2091 oleri
1602 2040 1646 2091 ex

429 2130 649 2205 immissione
674 2130 850 2205 malorum
874 2129 1073 2221 hominum,
1096 2128 1135 2202 in
1161 2116 1295 2203 Anthia
1319 2127 1643 2204 ecclesiastieorum

429 2243 704 2321 Constantinum
723 2243 906 2320 diaconem
923 2241 1094 2319 aecclesie
1106 2265 1338 2341 syracusanae
1351 2250 1521 2317 rectorem
1536 2241 1575 2315 in
1588 2266 1647 2341 pa·

427 2355 594 2433 trimonio
611 2355 743 2432 Siciliae
761 2354 958 2446 constituit,
974 2354 1154 2430 bominem
1172 2378 1360 2452 perparum
1378 2362 1414 2429 et
1426 2355 1647 2451 tergiversu-

427 2481 516 2546 tum.
534 2470 602 2546 Sed
619 2479 655 2545 et
671 2470 836 2568 mappnlo
852 2469 943 2544 eiad
956 2467 1227 2545 cabalieandum
1240 2469 1295 2543 uti
1309 2469 1491 2544 licentiam
1504 2494 1646 2546 conces
1700 2548 1703 2552 Α

427 2583 485 2658 sit.
502 2584 549 2658 Et
565 2606 635 2658 non
653 2592 731 2682 post
750 2584 904 2658 multum
929 2592 1073 2680 tempus
1097 2581 1247 2657 obeunte
1274 2582 1445 2658 Pontifice
1474 2583 1646 2659 seditione

429 2719 633 2794 supereum
649 2697 901 2788 orta,aiudiee
918 2693 1110 2795 provineiae
1126 2694 1192 2771 sub
1205 2705 1284 2770 arta
1296 2695 1457 2770 custodia
1474 2703 1646 2774 retrusus.

950 2866 1135 2981 mrum.

790 3106 853 3178 DE
878 3106 1056 3179 ORDINE
1081 3105 1283 3179 ROMANO

491 3299 538 3351 De
557 3296 715 3363 gradibus
734 3299 890 3352 Romanae
908 3297 1065 3352 Ecclesioe
1084 3307 1126 3350 ex
1144 3297 1278 3362 antiquo
1298 3295 1411 3350 ordine
1429 3297 1587 3350 Romano.

525 3475 687 3550 Primum
706 3474 743 3549 in
761 3500 987 3575 quacumque
1004 3474 1099 3550 scola
1116 3473 1246 3574 reperti
1272 3474 1407 3550 fuerint
1430 3477 1533 3576 pueri
1557 3477 1646 3553 bene

430 3588 523 3664 docti
541 3587 682 3664 litteras
697 3588 874 3664 tolluntur
891 3589 973 3664 inde
990 3597 1027 3664 et
1043 3587 1256 3663 nutriuntur
1271 3588 1310 3662 in
1328 3589 1423 3665 scola
1448 3600 1647 3680 cantorum,

430 3709 466 3775 et
483 3709 603 3798 postea
620 3701 713 3776 fiunt
728 3701 950 3777 cubicularii.
963 3700 1098 3776 Deinde
1111 3701 1208 3777 sicut
1220 3715 1525 3778 sacramentorum
1539 3704 1649 3780 codex

430 3813 589 3888 eontinet
606 3813 755 3911 quando,
772 3823 808 3889 et
824 3813 886 3888 nbi
903 3814 1046 3889 libitum
1060 3813 1180 3904 fuerit,
1194 3814 1358 3912 usquein
1372 3817 1647 3893 subdiaconatus

429 3926 586 4001 officium
604 3926 823 4002 ordinantur.
840 3927 988 4003 Diaconi
1005 3950 1090 4002 vero
1106 3934 1214 4023 atque
1227 3926 1445 4027 Presbyteri,
1459 3953 1645 4030 nunquam

429 4038 501 4112 nisi
518 4039 556 4113 in
573 4037 717 4136 publiea
733 4040 963 4116 ordinatione.
980 4041 1039 4116 Fit
1055 4040 1152 4118 eninr
1169 4050 1367 4117 conventus
1383 4042 1501 4142 populi
1519 4054 1555 4121 et
1568 4068 1649 4121 eorr-

430 4151 598 4246 gregatis
615 4152 803 4248 regionum
821 4154 978 4250 primurn
995 4153 1040 4228 ad
1065 4151 1249 4228 basilicam
1277 4156 1527 4257 Apostolorum
1548 4157 1649 4233 tituli

431 4262 612 4353 Eudoxiou,
625 4273 662 4339 et
674 4264 755 4341 inde
772 4266 891 4363 pergit
908 4266 1072 4342 Pontifex
1089 4291 1161 4340 una
1178 4290 1263 4341 cum
1280 4270 1416 4367 populo,
1429 4270 1649 4368 praeeedente

431 4371 534 4447 solito
546 4385 730 4473 apparatu,
744 4376 836 4452 idest
857 4378 1045 4469 Crucibus
1060 4377 1242 4469 turibulis,
1259 4405 1372 4479 usque
1390 4382 1434 4457 ad
1448 4386 1482 4457 S.
1495 4387 1651 4457 Mnnrnu

431 4483 477 4557 ad
485 4506 638 4582 presepe.
653 4487 855 4564 decedente
869 4491 1039 4567 Pontifiee
1050 4491 1096 4566 ad
1110 4493 1246 4585 Altare,
1258 4494 1550 4571 scolaeantorum
1559 4521 1652 4572 corn-
