3608 5498
809 425 847 440 ..
872 390 917 456 42
940 423 981 439 ..

285 508 423 582 stituta.
448 510 539 582 Item
564 507 670 582 infra.
695 507 865 605 Antiquis
890 507 986 582 enim
1017 508 1156 604 regulis
1179 510 1357 587 censitum
1382 524 1504 590 estut

286 619 456 718 quicquid
473 620 640 717 quamvis
656 619 694 692 in
713 619 856 695 remotis
872 629 936 695 aut
952 619 991 694 in
1008 619 1205 720 longinquo
1222 623 1346 720 positis
1359 628 1506 724 provin·

285 734 352 810 ciis
368 758 475 832 super
499 734 752 832 Episcoporum
766 733 922 832 querelis
938 743 1002 808 aut
1014 734 1304 812 accusationibus
1323 750 1505 834 ageretur,

287 871 357 924 non
374 848 475 946 prius
491 848 718 923 tractandum
736 847 796 923 vel
812 846 1060 947 accipiendum
1069 857 1163 924 esset
1170 873 1278 948 quam
1287 851 1331 925 ad
1339 852 1506 929 notitiam

289 963 384 1037 alme
401 961 501 1037 Sedis
519 966 647 1036 ves'trae
663 986 741 1037 esse
757 962 963 1050 deductum,
979 972 1020 1036 ut
1036 961 1145 1036 buius
1160 964 1375 1041 auctoritate
1400 967 1502 1042 iuxta

288 1077 383 1176 quod
400 1076 529 1151 fuisset
545 1078 816 1175 pronuntiatum
834 1076 1088 1164 infirmaretur,
1104 1087 1168 1151 aut
1181 1078 1394 1154 firmaretur.
1407 1082 1507 1158 Inde·

289 1216 357 1290 que
375 1201 558 1266 sumerent
575 1214 734 1265 normam
756 1191 850 1265 unde
867 1189 1028 1265 ecelesiae
1045 1215 1228 1288 sumpsere
1245 1192 1507 1288 praedicationis

290 1305 485 1393 exordium,
503 1329 547 1379 ne
564 1305 695 1402 passim
714 1304 759 1378 ab
776 1303 1045 1378 insidiatoribus
1058 1302 1234 1377 columna
1258 1314 1509 1382 averterentur

288 1418 460 1495 ecclesiae.
477 1420 624 1494 Certum
642 1419 807 1517 estquod
824 1417 938 1493 eidem
964 1427 1099 1492 sanetae
1124 1419 1206 1493 Sedi
1231 1429 1360 1494 vestrae
1383 1421 1420 1495 in
1447 1421 1506 1497 ho

291 1555 376 1607 nore
394 1531 592 1607 beatissimi
618 1533 715 1608 Petri
732 1541 882 1629 ‘patrum
908 1531 1051 1605 decreta
1076 1530 1292 1628 peculiarem
1318 1532 1507 1611 decrevere

291 1646 527 1721 reverentiam
544 1646 664 1722 deberi
679 1670 741 1744 pro
754 1647 860 1721 rebus
873 1645 1096 1744 inquirendis
1109 1656 1216 1743 atque
1229 1646 1508 1724 determinandis

289 1785 378 1859 quas
394 1759 545 1833 sollicite
558 1759 659 1835 decet
676 1771 846 1857 vesteque
858 1760 935 1858 (aab)
949 1758 993 1832 ab
1006 1758 1081 1856 ipso
1094 1758 1288 1855 praesulum
1302 1762 1507 1838 examinare

287 1872 422 1948 vertice
434 1871 748 1970 apostolico,ouius
760 1872 962 1947 sollicitudo
974 1894 1113 1967 semper
1126 1871 1197 1945 fuit
1209 1883 1246 1947 et
1257 1883 1312 1948 est
1324 1882 1398 1947 tam
1414 1875 1509 1949 mala

289 1986 456 2084 dapnare,
473 2009 580 2083 quam
597 1986 744 2084 probare
762 1985 949 2060 laudanda.
971 1984 1163 2073 Quocirca
1183 1985 1427 2062 humillimum
1450 2014 1510 2065 ve·

288 2109 363 2174 stro
380 2097 579 2196 Apostolico
595 2097 747 2173 culmini
765 2097 1007 2195 persolventes
1020 2096 1239 2195 obsequium.
1252 2101 1300 2172 Et
1313 2098 1419 2174 infra.
1438 2105 1509 2176 Ve-

290 2224 405 2288 strum
423 2224 478 2288 est
494 2213 595 2288 nobis
610 2237 755 2287 manum
773 2212 955 2309 porrigere
969 2210 1166 2310 quiavobis
1179 2212 1359 2288 commissi
1373 2204 1509 2292 sumus.

291 2332 461 2404 Vestrum
479 2337 534 2401 est
550 2350 614 2401 nos
631 2327 819 2402 defendere
835 2336 943 2424 atque
964 2325 1126 2413 liberare,
1152 2337 1384 2424 nostrumque
1409 2336 1463 2402 est
1487 2352 1509 2401 a

291 2441 392 2516 vobis
408 2441 583 2516 auxilium
602 2451 732 2539 petere,
750 2453 785 2518 et
802 2441 933 2516 vestris
957 2463 1083 2537 parere
1108 2439 1335 2516 iussionibus.
1362 2444 1408 2516 Et
1431 2452 1510 2540 post

291 2556 449 2655 paulum.
467 2555 559 2643 Quia
576 2578 648 2629 non
664 2565 719 2630 est
734 2555 856 2630 ovium
875 2553 1024 2628 insidias
1041 2554 1205 2651 luporum
1224 2553 1432 2652 praevidere,
1448 2557 1510 2633 sed

291 2679 483 2766 pastorum.
501 2666 642 2742 Scimus
660 2667 756 2743 enim
775 2676 816 2742 ut
832 2691 894 2764 per
919 2667 1012 2742 sedis
1038 2678 1155 2744 vestre
1180 2678 1304 2745 sancte
1329 2670 1510 2767 presules,

292 2783 406 2880 primo
422 2779 571 2879 apostoli
588 2780 713 2858 deinde
731 2802 953 2858 successores
970 2807 1092 2858 eorum
1111 2783 1273 2858 lecerunt
1290 2808 1353 2859 vos
1366 2785 1511 2860 univer·

292 2895 378 2970 salis
395 2894 556 2971 ecclesiae
574 2918 697 2970 curam
716 2919 852 2990 gerere.
865 2898 958 2970 Nam
979 2907 1020 2971 ut
1036 2920 1158 2972 omnes
1171 2896 1434 2994 Metropolitani
1448 2897 1507 2973 vel

293 3008 422 3106 reliqui
436 3007 600 3106 Episcopi
618 3034 683 3082 sua
701 3009 779 3083 odia
797 3019 862 3083 aut
878 3009 1058 3085 vindictas
1075 3010 1114 3083 in
1137 3010 1292 3107 reliquos
1317 3009 1508 3108 Episcopos

292 3147 458 3199 exercere
475 3146 545 3199 non
563 3124 746 3212 auderent,
762 3123 840 3199 ideo
857 3122 1066 3198 nominatim
1092 3123 1129 3197 iu
1155 3123 1284 3199 nicena
1308 3124 1430 3199 sinodo
1453 3149 1511 3200 ex·

293 3237 403 3335 pressi
421 3246 517 3325 sunt,
534 3236 704 3332 primates
721 3236 783 3335 qui
802 3237 955 3336 reliquos
967 3238 1147 3335 episcopos
1160 3237 1284 3312 audire
1299 3247 1336 3313 et
1348 3237 1510 3313 iudicare

294 3350 446 3426 debeant
462 3375 507 3426 ne
526 3350 600 3424 ulla
619 3350 718 3425 fraus
735 3350 774 3423 in
791 3350 923 3425 iudicio
939 3351 1182 3449 episcoporum
1200 3351 1311 3449 possit
1326 3351 1473 3428 irruere.

868 3520 942 3667 nx.

391 3810 429 3883 Si
448 3810 528 3908 quis
544 3810 741 3908 Episcopus
757 3810 984 3887 adiudicatus
1000 3809 1111 3885 fuerit
1134 3809 1174 3883 in
1191 3810 1314 3909 aliqua
1338 3835 1461 3898 causa,
1476 3818 1514 3884 et

296 3924 479 4024 putaverit
494 3924 621 3999 bonam
640 3949 785 4000 causam
803 3949 840 3999 se
857 3924 997 4013 babere,
1013 3933 1051 3998 et
1066 3923 1208 4022 petierit
1226 3933 1267 3997 ut
1278 3922 1410 3999 iterum
1422 3920 1514 3996 iudi·

296 4039 392 4114 cium
412 4048 603 4115 renovetur
619 4040 650 4114 si
668 4039 785 4139 placet
800 4038 965 4113 omnibus
983 4047 1024 4112 ut
1040 4035 1259 4112 sanctissimi
1278 4034 1437 4134 Apostoli
1451 4038 1516 4111 Pe-

297 4151 344 4225 tri
364 4151 569 4226 memoriam
586 4152 810 4240 honoremus,
827 4151 1005 4228 scribatur
1021 4150 1081 4225 vel
1099 4149 1143 4223 ab
1168 4148 1224 4223 bis
1249 4150 1310 4248 qui
1336 4148 1515 4224 examina·

297 4275 429 4340 verunt
446 4266 632 4356 iudicium,
649 4267 708 4341 vel
731 4267 775 4342 ab
800 4266 972 4364 episcopis
996 4265 1059 4363 qui
1083 4264 1122 4337 in
1147 4263 1305 4361 proxima
1331 4261 1531 4360 provincia¹

300 4390 496 4466 morantur,
514 4382 671 4455 Romano
696 4381 876 4480 Episcopo.
900 4385 946 4455 Et
970 4379 1000 4454 si
1025 4377 1243 4453 iudicaverit
1268 4374 1514 4452 renovandum

299 4519 376 4569 esse
394 4493 565 4570 iudicium
585 4504 786 4582 renovetur,
802 4503 839 4568 et
855 4495 914 4568 det
933 4492 1077 4567 iudices.
1092 4492 1129 4566 Si
1147 4515 1233 4566 vero
1249 4487 1454 4589 probaverit
1465 4497 1517 4563 ta·
