3608 5498
865 588 943 673 OX.¹

637 792 794 848 Eiusdem
813 803 914 860 super
931 791 1145 846 matthaeum.

296 956 298 961 ’
382 951 1333 1054 Qvoncumqueligaverissuperterram,e1·itligatum
1346 952 1429 1027 etin
1442 976 1508 1028 cae

285 1061 342 1142 lis.
359 1070 405 1143 nt
421 1076 560 1142 caetera.
577 1071 691 1142 Istum
709 1068 825 1146 locum
843 1069 997 1170 episcopi
1014 1068 1266 1168 etpresbyteri
1283 1088 1354 1143 non
1379 1065 1510 1142 intelli-

286 1191 414 1278 gentes
431 1180 566 1281 aliquid
580 1181 649 1258 sibi
667 1183 710 1260 de
727 1183 973 1283 phariseorum
990 1186 1180 1259 assumunt
1204 1181 1450 1281 supercilium,
1467 1191 1510 1257 ut

283 1294 343 1372 vel
356 1295 527 1371 damnent
542 1295 830 1387 innocentes,vel
844 1297 982 1375 solvere
995 1323 1034 1374 se
1047 1297 1169 1373 noxios
1182 1294 1415 1385 arbitrentur,
1424 1297 1509 1370 ¹cum

285 1409 381 1508 apud
398 1413 512 1487 Deum
530 1433 602 1486 non
618 1412 796 1487 sententia
814 1411 1128 1502 sacerdotumsed
1142 1435 1282 1486 reorum
1296 1408 1372 1484 vita
1385 1433 1511 1508 quera·

287 1535 359 1597 tur.
374 1525 423 1598 Et
439 1522 543 1621 paulo
559 1532 646 1622 post.
663 1524 805 1621 Alligat
822 1524 881 1601 vel
900 1525 1015 1600 solum
1041 1523 1227 1625 episcopus
1251 1533 1287 1599 ot
1311 1520 1510 1621 presbyter,

287 1659 359 1712 non
375 1661 434 1713 eos
451 1636 514 1736 qui
530 1636 689 1715 insontes
706 1650 793 1714 sunt
809 1639 868 1715 vel
894 1637 1002 1729 noxii,
1028 1638 1089 1712 sed
1115 1659 1176 1736 pro
1200 1636 1314 1713 officio
1337 1659 1402 1711 suo
1425 1659 1509 1711 cum

287 1760 514 1849 peccatorum
532 1751 687 1829 audierit
704 1753 909 1844 varietates,
928 1753 998 1828 scit
1014 1751 1100 1852 quid
1117 1750 1288 1848 ligandus
1304 1749 1352 1827 sit
1368 1749 1430 1850 qui
1443 1749 1510 1824 sol·

287 1864 435 1942 vendas

855 1973 943 2061 CXL

531 2171 581 2223 Ex
599 2170 743 2236 epistola
761 2170 807 2223 ad
824 2172 1001 2240 Evagrium
1019 2167 1265 2236 Presbyterum.

383 2325 557 2422 Legimus
574 2325 611 2399 in
630 2327 748 2417 Esaia,
764 2327 887 2403 fatuus
903 2327 1005 2402 fatua
1021 2323 1189 2425 loquitur.
1203 2321 1319 2398 Audio
1331 2322 1508 2421 quendam

287 2437 325 2513 in
345 2446 482 2512 tantam
508 2439 668 2538 erupisse
685 2440 900 2530 vecordiam,
915 2448 957 2512 ut
974 2436 1112 2512 diaconi
1132 2434 1353 2534 presbyteris
1368 2434 1460 2510 idest
1475 2459 1511 2510 e·

285 2549 420 2650 piscopi
435 2551 640 2629 anteferret.
651 2557 745 2628 Nam
759 2580 841 2629 cum
852 2549 1031 2653 apostolus
1042 2548 1226 2647 perspicue
1236 2548 1358 2624 doceat
1370 2546 1509 2623 eosdem

287 2689 366 2741 esse
384 2663 612 2765 presbyteros
629 2691 716 2766 quos
732 2666 923 2766 episcopos,
940 2663 1026 2763 quid
1044 2662 1180 2760 patitur
1192 2686 1395 2737 mensarum
1409 2670 1445 2736 et
1457 2659 1511 2733 vi·

286 2779 439 2854 duarum
459 2779 635 2870 minister,
652 2790 693 2855 ut
710 2806 817 2880 super
833 2804 893 2857 eos
910 2805 948 2856 se
965 2777 1126 2854 tumidus
1143 2776 1265 2852 efferat
1288 2776 1333 2851 ad
1356 2799 1509 2873 quorum

286 2917 410 2992 preces
427 2891 561 2968 Christi
578 2917 707 2992 corpus
724 2895 946 2992 sanguisque
963 2891 1180 2969 conficitur?
1196 2889 1334 2977 Quaris
1355 2889 1509 2965 auctori-

285 3011 425 3082 tatem?
443 3006 539 3081 Audi
556 3007 812 3084 testimonium.
830 3008 964 3082 Paulus
981 3016 1016 3082 et
1033 3004 1240 3080 Timotheus
1257 3003 1353 3078 servi
1372 3002 1508 3080 Christi

287 3120 405 3210 Ihesu,
420 3122 585 3198 omnibus
600 3123 736 3200 sanctis
752 3123 790 3198 iu
808 3123 952 3200 Christo
968 3119 1075 3196 Ihesu
1092 3117 1154 3217 qui
1171 3125 1257 3190 sunt
1272 3116 1311 3190 in
1325 3115 1509 3213 Philippis,

288 3259 371 3310 cum
389 3233 563 3333 episcopis
579 3245 615 3311 et
627 3231 848 3312 diaconibus.
866 3235 933 3309 Vis
950 3244 986 3310 et
1002 3232 1102 3308 aliud
1118 3229 1347 3329 exemplum?
1364 3232 1405 3305 In
1423 3230 1510 3306 aeti·

287 3347 355 3424 bus
376 3345 636 3445 Apostolorum,
652 3349 697 3424 ad
716 3346 824 3424 unius
841 3347 1004 3427 ecclesiae
1021 3345 1221 3421 sacerdotes
1239 3343 1289 3419 ita
1307 3342 1442 3419 Paulus
1462 3345 1509 3420 lo

288 3459 422 3560 quitur.
440 3459 634 3538 Antendite
651 3461 751 3537 vobis
773 3472 809 3538 et
825 3473 955 3539 cuncto
974 3460 1094 3559 gregi,
1119 3460 1159 3533 in
1178 3483 1247 3558 quo
1268 3461 1331 3533 vo's
1352 3459 1509 3557 Spiritus

288 3580 436 3649 sanctus
454 3574 572 3671 posuit
589 3575 780 3673 episcopos,
793 3586 834 3651 ut
847 3575 1021 3672 regeretis
1033 3572 1232 3650 ecclesiam
1246 3571 1387 3648 Domini
1401 3597 1509 3672 quam

287 3685 482 3785 aequisivit
494 3687 822 3784 sanguinesno.Ac
836 3688 972 3789 nequis
989 3688 1209 3766 contentiose
1221 3687 1258 3761 in
1272 3712 1345 3761 una
1358 3685 1510 3764 eeclesia

288 3800 411 3903 plures
427 3801 607 3900 episcopos
624 3802 736 3879 fuisse
753 3805 955 3893 contendat,
972 3802 1029 3877 adi
1043 3811 1079 3877 et
1091 3801 1189 3876 aliud
1208 3799 1451 3876 testimonium
1470 3800 1507 3876 in

287 3938 358 4015 quo
371 3914 663 3992 manifestissime
671 3916 931 4016 comprobatur,
939 3915 1091 3992 eundem
1101 3937 1177 3989 esse
1187 3913 1507 4014 episcopnmatque

287 4028 550 4130 presbyterum.
563 4031 710 4127 Propter
722 4030 788 4107 hoc
801 4030 930 4128 reliqui
942 4040 978 4106 te
1000 4029 1175 4118 Creteut
1187 4052 1266 4128 quae
1279 4029 1426 4104 deerant
1434 4052 1510 4106 cor·

287 4142 437 4239 rigares,
453 4150 489 4218 et
501 4142 738 4219 constitueres
750 4168 812 4243 per
825 4143 992 4220 civitates
1005 4142 1242 4242 presbyteros,
1254 4141 1350 4218 sient
1361 4165 1429 4238 ego
1441 4143 1507 4219 tibi

289 4254 465 4330 mandavi.
483 4255 522 4331 Si
539 4257 621 4355 quis
637 4267 692 4332 est
708 4257 785 4333 sine
802 4256 963 4347 crimine,
977 4256 1086 4331 unius
1099 4256 1219 4330 uxoris
1232 4256 1301 4346 vir,
1313 4257 1434 4332 fideles
1446 4257 1510 4331 ha·

287 4368 375 4445 bens
391 4368 493 4459 filios,
506 4392 575 4444 non
589 4369 628 4444 in
640 4371 867 4447 accusatione
880 4370 1042 4460 luxuriae,
1054 4381 1119 4445 aut
1131 4393 1200 4445 non
1213 4370 1383 4447 subditos.
1400 4374 1508 4470 Opor-

287 4491 340 4559 tet
351 4481 446 4559 enim
460 4481 663 4584 episcopum
676 4485 755 4561 sine
767 4483 919 4563 crimine
931 4509 1019 4576 esse,
1032 4485 1134 4588 quasi
1145 4485 1210 4562 Dei
1219 4485 1507 4587 dispensatorem.
