3608 5498
967 389 1142 450 ..84-

441 508 530 579 utin
546 505 602 578 his
614 529 693 602 quae
707 505 764 579 vel
778 506 884 580 dubia
898 517 984 581 suut
999 507 1055 582 vel
1069 508 1230 596 obseura,
1247 509 1282 583 id
1295 510 1502 583 noverimus
1515 533 1665 606 sequen·

440 619 537 710 dum,
554 620 646 718 qnod
659 644 726 695 nee
740 620 925 719 praeceptis
942 621 1164 717 evangelicis
1181 623 1413 712 centrarium,
1426 647 1493 698 nec
1506 624 1660 698 decretis

440 743 645 810 sanctornm
671 744 813 829 patrum
840 734 1047 809 inveniatur
1071 735 1274 809 adversum.
1299 736 1392 822 Quia
1417 736 1586 811 universe
1602 736 1663 813 vie

440 847 582 920 Domini
600 846 842 922 misericordia
860 856 896 921 et
909 848 1054 937 veritae,
1068 848 1233 944 cogimur
1246 850 1443 924 secundum
1458 849 1559 924 Sedis
1573 854 1666 948 Apo·

439 960 572 1035 stolieae
590 960 759 1056 pietatem
777 959 828 1033 ita
846 968 1004 1033 nostram
1029 970 1229 1058 temperare
1247 963 1473 1052 sententiam,
1492 973 1533 1036 ut
1558 963 1665 1038 truti-

439 1083 522 1148 nato
535 1073 685 1171 pondere
699 1072 909 1148 delictorum
925 1074 1017 1171 quod
1030 1084 1170 1148 constat
1182 1097 1253 1149 non
1267 1076 1376 1149 unius
1388 1101 1465 1151 esse
1476 1102 1665 1165 mensura,

438 1189 600 1286 quaedam
618 1188 836 1261 diffiniamus
853 1187 1049 1262 tolleranda
1067 1189 1226 1285 quaedam
1245 1191 1389 1287 penitus
1411 1191 1640 1288 amputanda.

1018 1417 1090 1499 orl.

535 1644 732 1717 Commune
750 1653 826 1717 erat
843 1641 1008 1716 omnibus
1027 1645 1204 1739 Apostolis
1221 1647 1423 1743 periculum
1448 1647 1490 1720 de
1516 1655 1667 1744 tempta·

440 1755 535 1829 tione
554 1756 755 1830 formidinis
772 1758 939 1854 quoniam
957 1754 1117 1830 diabolus
1134 1780 1255 1834 ornnes
1277 1759 1444 1858 cupiebat
1468 1760 1666 1855 exagitare,
1729 1819 1732 1825 .

439 1892 561 1944 omues
578 1869 744 1967 cupiebat
760 1871 902 1946 elidere.
919 1871 989 1945 Sed
1005 1881 1126 1945 tamen
1152 1874 1318 1971 specialis
1341 1900 1363 1948 a
1389 1874 1539 1948 Domino
1565 1873 1664 1948 Petri

439 2010 526 2060 cura
538 1985 748 2085 suscipitur,
761 2001 798 2060 et
811 2010 872 2084 pro
886 1987 953 2060 fide
968 1987 1064 2059 Petri
1079 1990 1218 2088 proprie
1231 1989 1466 2087 supplicatur,
1479 1998 1665 2086 tamquam

361 2169 364 2172 ,
438 2098 590 2172 aliorum
608 2109 725 2172 status
742 2102 873 2176 certior
889 2100 938 2174 sit
956 2102 1102 2176 futurus
1120 2103 1151 2175 si
1170 2126 1270 2176 mens
1288 2101 1459 2199 principis
1478 2102 1577 2177 victa
1594 2124 1666 2174 non

440 2212 558 2285 fuerit.
572 2215 614 2285 Iu
629 2215 734 2287 Petro
747 2237 833 2311 ergo
845 2216 1004 2290 omnium
1020 2215 1189 2290 fortitudo
1204 2213 1377 2301 munitur,
1391 2222 1426 2288 et
1440 2213 1572 2287 divinae
1585 2236 1668 2308 gra·

439 2327 498 2400 tiae
515 2327 565 2400 ita
583 2328 768 2401 ordinatur
785 2329 972 2419 auxilium,
989 2339 1031 2404 ut
1048 2329 1200 2402 firmitas
1219 2355 1298 2426 qum
1312 2352 1374 2424 per
1392 2327 1578 2402 Christum
1601 2330 1666 2401 Pe·

439 2451 494 2514 tro
511 2441 693 2531 tribuitur,
707 2467 768 2540 per
783 2448 929 2519 Petrum
944 2443 1123 2542 Apostolis
1137 2443 1350 2518 conferatur.
1364 2445 1412 2515 Et
1424 2441 1528 2515 infra.
1546 2440 1586 2515 Si
1603 2466 1667 2515 au·

439 2561 510 2628 tem
530 2555 671 2651 pietatis
688 2581 761 2629 suae
778 2583 902 2632 curam
920 2558 1016 2632 omni
1035 2557 1162 2655 populo
1176 2554 1239 2629 Dei
1254 2555 1348 2627 sicut
1364 2553 1580 2629 credendum
1600 2561 1668 2641 est,

441 2665 573 2764 ubique
586 2669 786 2765 praetendit,
800 2681 933 2767 quanto
948 2670 1065 2765 magis
1079 2669 1178 2743 nobis
1191 2666 1349 2741 alumnis
1362 2666 1438 2740 suis
1451 2690 1550 2763 opem
1563 2691 1666 2740 suam

440 2781 613 2877 dignatur
627 2783 840 2881 impendere,
849 2795 936 2882 aput
945 2809 1033 2882 quos
1046 2785 1083 2857 in
1098 2805 1198 2857 sacro
1211 2780 1312 2855 beate
1325 2779 1547 2853 dormitionis
1556 2779 1667 2868 thoro,

441 2894 562 2967 eadem
581 2919 688 2992 quarn
708 2895 872 2992 praesedit
889 2922 997 2972 carue
1016 2896 1214 2995 requiescit.

922 3165 925 3171 ·
1006 3123 1095 3207 0111.

538 3351 705 3425 Gelasius
730 3350 974 3425 dilectissimis
1000 3350 1171 3424 fratribus
1197 3351 1377 3425 universis
1403 3349 1587 3446 Episcopis
1604 3373 1667 3446 per

441 3466 657 3539 Dardaniam
675 3466 890 3542 constitutis.
909 3464 977 3539 Sed
995 3488 1062 3538 nee
1080 3467 1142 3539 illa
1160 3465 1395 3563 praeterimus
1411 3465 1504 3561 quod
1522 3470 1667 3563 Aposto-

441 3576 520 3650 lieae
537 3579 611 3654 sedi
630 3580 835 3677 frequenter
852 3579 974 3652 datum
993 3586 1047 3651 est
1062 3600 1156 3652 more
1172 3579 1357 3666 maiorum,
1370 3577 1478 3652 etiam
1496 3576 1574 3651 sine
1592 3575 1667 3649 ulla

440 3690 576 3786 synodo
593 3692 813 3789 precedente
831 3689 1047 3777 exsolvendi,
1073 3692 1165 3788 quod
1190 3691 1351 3789 synodus
1375 3690 1500 3788 iniqua
1522 3690 1666 3763 manda-

441 3811 551 3876 verat.
569 3806 616 3877 nt
632 3803 835 3890 damnandi,
853 3802 953 3876 nulla
970 3802 1145 3878 existente
1163 3803 1298 3901 synodo
1315 3826 1403 3900 quos
1420 3802 1586 3899 oportuit,
1604 3801 1665 3875 ha·

440 3914 559 3990 buerit
576 3917 795 3992 facultatem.
813 3919 954 3991 Sancte
967 3915 1146 3991 memoriae
1162 3915 1292 4014 quippe
1306 3914 1546 3988 Athanasium
1560 3937 1667 4011 syno

440 4028 507 4101 dus
529 4030 713 4104 orientalis
729 4030 923 4118 addixerat,
941 4053 1046 4127 quem
1065 4040 1185 4102 tamen
1203 4040 1389 4126 exceptum
1408 4027 1508 4102 sedes
1532 4035 1668 4123 aposto

440 4139 510 4214 lica
527 4143 612 4239 qnia
629 4143 849 4218 damnationi
867 4146 1075 4218 Graecorum
1094 4166 1164 4216 non
1181 4142 1373 4229 consensit,
1390 4140 1553 4216 absolvit.
1578 4143 1666 4215 San-

440 4263 507 4328 ctae
525 4256 703 4331 memoriae
727 4256 988 4330 nihilhominus
1013 4258 1207 4332 Iohannem
1234 4254 1669 4352 constantinopolitanum

387 4430 389 4432 ,
441 4369 600 4465 synodus
621 4371 730 4445 etiarn
747 4369 1004 4446 catholicorum
1022 4369 1216 4468 presulum
1232 4379 1329 4444 certe
1346 4368 1588 4456 damnaverat,
1605 4366 1666 4442 sed

442 4479 551 4555 simili
569 4483 669 4558 modo
686 4484 793 4558 Sedes
809 4481 1001 4582 apostolica
1016 4481 1125 4556 etiam
1142 4480 1216 4556 sola
1228 4480 1313 4578 quia
1330 4502 1398 4554 nen
1416 4479 1596 4554 consensit
1607 4477 1666 4552 ab·
