<?xml version="1.0" encoding="UTF-8"?>
<!DOCTYPE html PUBLIC "-//W3C//DTD XHTML 1.0 Transitional//EN"
    "http://www.w3.org/TR/xhtml1/DTD/xhtml1-transitional.dtd">
<html xmlns="http://www.w3.org/1999/xhtml" xml:lang="en" lang="en">
 <head>
  <title>
</title>
<meta http-equiv="Content-Type" content="text/html;charset=utf-8" />
  <meta name='ocr-system' content='tesseract 3.04.00' />
  <meta name='ocr-capabilities' content='ocr_page ocr_carea ocr_par ocr_line ocrx_word'/>
</head>
<body>
  <div class='ocr_page' id='page_1' title='image "./collectiocanonu00deusgoog_0084.png"; bbox 0 0 3608 5498; ppageno 0'>
   <div class='ocr_carea' id='block_1_1' title="bbox 826 416 1002 478">
    <p class='ocr_par' dir='ltr' id='par_1_1' title="bbox 826 416 1002 478">
     <span class='ocr_line' id='line_1_1' title="bbox 826 416 1002 478; baseline -0.017 -15"><span class='ocrx_word' id='word_1_1' title='bbox 826 416 1002 478; x_wconf 83' lang='lat'>..53-</span> 
     </span>
    </p>
   </div>
   <div class='ocr_carea' id='block_1_2' title="bbox 294 521 1530 2563">
    <p class='ocr_par' dir='ltr' id='par_1_2' title="bbox 294 521 1530 2563">
     <span class='ocr_line' id='line_1_2' title="bbox 304 521 1530 642; baseline -0.006 -26"><span class='ocrx_word' id='word_1_2' title='bbox 304 541 423 617; x_wconf 88' lang='lat' dir='ltr'>carius</span> <span class='ocrx_word' id='word_1_3' title='bbox 450 538 660 642; x_wconf 82' lang='lat' dir='ltr'>Apostolieae</span> <span class='ocrx_word' id='word_1_4' title='bbox 685 537 788 613; x_wconf 89' lang='lat' dir='ltr'>Sedis</span> <span class='ocrx_word' id='word_1_5' title='bbox 812 540 931 611; x_wconf 82' lang='lat' dir='ltr'>Romae</span> <span class='ocrx_word' id='word_1_6' title='bbox 955 536 1099 631; x_wconf 90' lang='lat' dir='ltr'>legatus</span> <span class='ocrx_word' id='word_1_7' title='bbox 1124 521 1298 609; x_wconf 89' lang='lat' dir='ltr'>definiens</span> <span class='ocrx_word' id='word_1_8' title='bbox 1321 525 1530 632; x_wconf 76' lang='lat' dir='ltr'>subscripsi.-</span> 
     </span>
     <span class='ocr_line' id='line_1_3' title="bbox 303 646 1528 747; baseline -0.006 -18"><span class='ocrx_word' id='word_1_9' title='bbox 303 654 508 730; x_wconf 84' lang='lat' dir='ltr'>Theodorus</span> <span class='ocrx_word' id='word_1_10' title='bbox 529 651 772 728; x_wconf 81' lang='lat' dir='ltr'>misericordia</span> <span class='ocrx_word' id='word_1_11' title='bbox 794 649 859 725; x_wconf 91' lang='lat' dir='ltr'>Dei</span> <span class='ocrx_word' id='word_1_12' title='bbox 881 648 1078 747; x_wconf 85' lang='lat' dir='ltr'>Episcopus</span> <span class='ocrx_word' id='word_1_13' title='bbox 1104 647 1263 723; x_wconf 83' lang='lat' dir='ltr'>civitatis</span> <span class='ocrx_word' id='word_1_14' title='bbox 1284 646 1528 737; x_wconf 71' lang='lat' dir='ltr'>Tremituutae‚</span> 
     </span>
     <span class='ocr_line' id='line_1_4' title="bbox 301 760 1525 866; baseline -0.008 -22"><span class='ocrx_word' id='word_1_15' title='bbox 301 769 429 844; x_wconf 81' lang='lat' dir='ltr'>insula</span> <span class='ocrx_word' id='word_1_16' title='bbox 446 767 556 866; x_wconf 71' lang='lat' dir='ltr'>cipri,</span> <span class='ocrx_word' id='word_1_17' title='bbox 573 776 610 842; x_wconf 90' lang='lat' dir='ltr'>et</span> <span class='ocrx_word' id='word_1_18' title='bbox 625 766 743 842; x_wconf 93' lang='lat' dir='ltr'>locum</span> <span class='ocrx_word' id='word_1_19' title='bbox 761 788 892 860; x_wconf 86' lang='lat' dir='ltr'>gerens</span> <span class='ocrx_word' id='word_1_20' title='bbox 904 762 1064 861; x_wconf 87' lang='lat' dir='ltr'>Epifanii</span> <span class='ocrx_word' id='word_1_21' title='bbox 1078 761 1347 859; x_wconf 88' lang='lat' dir='ltr'>Archiepiscopi</span> <span class='ocrx_word' id='word_1_22' title='bbox 1364 760 1525 866; x_wconf 86' lang='lat' dir='ltr'>eiusdem</span> 
     </span>
     <span class='ocr_line' id='line_1_5' title="bbox 300 866 1526 980; baseline -0.007 -24"><span class='ocrx_word' id='word_1_23' title='bbox 300 882 427 958; x_wconf 72' lang='lat' dir='ltr'>insulae</span> <span class='ocrx_word' id='word_1_24' title='bbox 444 881 558 980; x_wconf 84' lang='lat' dir='ltr'>Cypri</span> <span class='ocrx_word' id='word_1_25' title='bbox 575 879 748 956; x_wconf 88' lang='lat' dir='ltr'>definiens</span> <span class='ocrx_word' id='word_1_26' title='bbox 764 866 971 973; x_wconf 90' lang='lat' dir='ltr'>subscripsi.</span> <span class='ocrx_word' id='word_1_27' title='bbox 989 875 1191 951; x_wconf 83' lang='lat' dir='ltr'>Theodorus</span> <span class='ocrx_word' id='word_1_28' title='bbox 1208 874 1357 948; x_wconf 91' lang='lat' dir='ltr'>humilis</span> <span class='ocrx_word' id='word_1_29' title='bbox 1375 874 1526 974; x_wconf 81' lang='lat' dir='ltr'>Presby-</span> 
     </span>
     <span class='ocr_line' id='line_1_6' title="bbox 299 987 1526 1092; baseline -0.008 -21"><span class='ocrx_word' id='word_1_30' title='bbox 299 1005 354 1071; x_wconf 86' lang='lat' dir='ltr'>ter</span> <span class='ocrx_word' id='word_1_31' title='bbox 370 1005 503 1070; x_wconf 75' lang='lat' dir='ltr'>sancta</span> <span class='ocrx_word' id='word_1_32' title='bbox 521 992 742 1068; x_wconf 86' lang='lat' dir='ltr'>Ravennatis</span> <span class='ocrx_word' id='word_1_33' title='bbox 760 990 944 1079; x_wconf 75' lang='lat' dir='ltr'>Ecclesia,</span> <span class='ocrx_word' id='word_1_34' title='bbox 960 988 1079 1065; x_wconf 91' lang='lat' dir='ltr'>locum</span> <span class='ocrx_word' id='word_1_35' title='bbox 1101 1013 1234 1092; x_wconf 75' lang='lat' dir='ltr'>gerens</span> <span class='ocrx_word' id='word_1_36' title='bbox 1250 987 1446 1064; x_wconf 78' lang='lat' dir='ltr'>beatissimi</span> <span class='ocrx_word' id='word_1_37' title='bbox 1460 994 1526 1063; x_wconf 88' lang='lat' dir='ltr'>Ar·</span> 
     </span>
     <span class='ocr_line' id='line_1_7' title="bbox 299 1101 1524 1206; baseline -0.007 -22"><span class='ocrx_word' id='word_1_38' title='bbox 299 1108 515 1206; x_wconf 85' lang='lat' dir='ltr'>chlepiscopi</span> <span class='ocrx_word' id='word_1_39' title='bbox 541 1104 746 1203; x_wconf 85' lang='lat' dir='ltr'>subscripsi.</span> <span class='ocrx_word' id='word_1_40' title='bbox 768 1104 944 1178; x_wconf 84' lang='lat' dir='ltr'>Iohannes</span> <span class='ocrx_word' id='word_1_41' title='bbox 969 1102 1142 1199; x_wconf 86' lang='lat' dir='ltr'>indignus</span> <span class='ocrx_word' id='word_1_42' title='bbox 1159 1111 1292 1177; x_wconf 80' lang='lat' dir='ltr'>sancta</span> <span class='ocrx_word' id='word_1_43' title='bbox 1318 1101 1524 1176; x_wconf 88' lang='lat' dir='ltr'>Portuensis</span> 
     </span>
     <span class='ocr_line' id='line_1_8' title="bbox 300 1214 1525 1320; baseline -0.008 -22"><span class='ocrx_word' id='word_1_44' title='bbox 300 1221 469 1298; x_wconf 87' lang='lat' dir='ltr'>Ecclesiae</span> <span class='ocrx_word' id='word_1_45' title='bbox 487 1221 694 1320; x_wconf 80' lang='lat' dir='ltr'>Episcopus,</span> <span class='ocrx_word' id='word_1_46' title='bbox 708 1223 869 1315; x_wconf 81' lang='lat' dir='ltr'>Legatos</span> <span class='ocrx_word' id='word_1_47' title='bbox 881 1216 992 1292; x_wconf 87' lang='lat' dir='ltr'>totius</span> <span class='ocrx_word' id='word_1_48' title='bbox 1004 1215 1158 1291; x_wconf 79' lang='lat' dir='ltr'>Consilii</span> <span class='ocrx_word' id='word_1_49' title='bbox 1171 1223 1305 1290; x_wconf 84' lang='lat' dir='ltr'>sanetae</span> <span class='ocrx_word' id='word_1_50' title='bbox 1319 1214 1421 1291; x_wconf 87' lang='lat' dir='ltr'>Sedis</span> <span class='ocrx_word' id='word_1_51' title='bbox 1436 1221 1525 1312; x_wconf 86' lang='lat' dir='ltr'>Apo·</span> 
     </span>
     <span class='ocr_line' id='line_1_9' title="bbox 298 1327 1524 1426; baseline -0.007 -17"><span class='ocrx_word' id='word_1_52' title='bbox 298 1335 431 1411; x_wconf 83' lang='lat' dir='ltr'>stolieae</span> <span class='ocrx_word' id='word_1_53' title='bbox 448 1336 557 1412; x_wconf 86' lang='lat' dir='ltr'>Urbis</span> <span class='ocrx_word' id='word_1_54' title='bbox 574 1338 692 1409; x_wconf 83' lang='lat' dir='ltr'>Romae</span> <span class='ocrx_word' id='word_1_55' title='bbox 709 1331 882 1408; x_wconf 90' lang='lat' dir='ltr'>definiens</span> <span class='ocrx_word' id='word_1_56' title='bbox 899 1328 1103 1426; x_wconf 87' lang='lat' dir='ltr'>subscripsi.</span> <span class='ocrx_word' id='word_1_57' title='bbox 1121 1330 1309 1425; x_wconf 62' lang='lat' dir='ltr'>Stepanus‘</span> <span class='ocrx_word' id='word_1_58' title='bbox 1326 1327 1524 1402; x_wconf 89' lang='lat' dir='ltr'>misericor·</span> 
     </span>
     <span class='ocr_line' id='line_1_10' title="bbox 298 1440 1525 1547; baseline -0.007 -25"><span class='ocrx_word' id='word_1_59' title='bbox 298 1449 356 1522; x_wconf 90' lang='lat' dir='ltr'>dia</span> <span class='ocrx_word' id='word_1_60' title='bbox 373 1449 438 1522; x_wconf 89' lang='lat' dir='ltr'>Dei</span> <span class='ocrx_word' id='word_1_61' title='bbox 457 1448 652 1547; x_wconf 87' lang='lat' dir='ltr'>Episcopus</span> <span class='ocrx_word' id='word_1_62' title='bbox 670 1446 845 1533; x_wconf 76' lang='lat' dir='ltr'>Corinthi,</span> <span class='ocrx_word' id='word_1_63' title='bbox 862 1454 899 1520; x_wconf 92' lang='lat' dir='ltr'>et</span> <span class='ocrx_word' id='word_1_64' title='bbox 914 1443 1060 1539; x_wconf 85' lang='lat' dir='ltr'>legatus</span> <span class='ocrx_word' id='word_1_65' title='bbox 1076 1440 1288 1538; x_wconf 86' lang='lat' dir='ltr'>Apostolicae</span> <span class='ocrx_word' id='word_1_66' title='bbox 1305 1441 1408 1516; x_wconf 91' lang='lat' dir='ltr'>Sedis</span> <span class='ocrx_word' id='word_1_67' title='bbox 1432 1440 1525 1515; x_wconf 90' lang='lat' dir='ltr'>auti·</span> 
     </span>
     <span class='ocr_line' id='line_1_11' title="bbox 297 1554 1522 1661; baseline -0.007 -25"><span class='ocrx_word' id='word_1_68' title='bbox 297 1587 377 1661; x_wconf 83' lang='lat' dir='ltr'>quae</span> <span class='ocrx_word' id='word_1_69' title='bbox 394 1566 513 1638; x_wconf 78' lang='lat' dir='ltr'>Roma</span> <span class='ocrx_word' id='word_1_70' title='bbox 530 1561 702 1637; x_wconf 89' lang='lat' dir='ltr'>definiens</span> <span class='ocrx_word' id='word_1_71' title='bbox 716 1557 920 1657; x_wconf 87' lang='lat' dir='ltr'>subscripsi.</span> <span class='ocrx_word' id='word_1_72' title='bbox 932 1554 1091 1632; x_wconf 84' lang='lat' dir='ltr'>Basilius</span> <span class='ocrx_word' id='word_1_73' title='bbox 1104 1554 1347 1630; x_wconf 82' lang='lat' dir='ltr'>misericordia</span> <span class='ocrx_word' id='word_1_74' title='bbox 1360 1554 1426 1629; x_wconf 91' lang='lat' dir='ltr'>Dei</span> <span class='ocrx_word' id='word_1_75' title='bbox 1439 1555 1522 1653; x_wconf 92' lang='lat' dir='ltr'>Epi·</span> 
     </span>
     <span class='ocr_line' id='line_1_12' title="bbox 298 1667 1523 1776; baseline -0.007 -26"><span class='ocrx_word' id='word_1_76' title='bbox 298 1700 425 1774; x_wconf 90' lang='lat' dir='ltr'>scopus</span> <span class='ocrx_word' id='word_1_77' title='bbox 451 1683 487 1750; x_wconf 91' lang='lat' dir='ltr'>et</span> <span class='ocrx_word' id='word_1_78' title='bbox 512 1674 805 1772; x_wconf 87' lang='lat' dir='ltr'>metropolitanus</span> <span class='ocrx_word' id='word_1_79' title='bbox 823 1669 982 1747; x_wconf 86' lang='lat' dir='ltr'>civitatis</span> <span class='ocrx_word' id='word_1_80' title='bbox 1008 1669 1167 1744; x_wconf 83' lang='lat' dir='ltr'>Gortinoe</span> <span class='ocrx_word' id='word_1_81' title='bbox 1192 1667 1321 1776; x_wconf 74' lang='lat' dir='ltr'>insulae</span> <span class='ocrx_word' id='word_1_82' title='bbox 1345 1669 1462 1744; x_wconf 72' lang='lat' dir='ltr'>Cretae</span> <span class='ocrx_word' id='word_1_83' title='bbox 1486 1677 1523 1743; x_wconf 88' lang='lat' dir='ltr'>st</span> 
     </span>
     <span class='ocr_line' id='line_1_13' title="bbox 297 1782 1522 1884; baseline -0.001 -24"><span class='ocrx_word' id='word_1_84' title='bbox 297 1786 439 1884; x_wconf 87' lang='lat' dir='ltr'>legatus</span> <span class='ocrx_word' id='word_1_85' title='bbox 448 1787 557 1861; x_wconf 90' lang='lat' dir='ltr'>totins</span> <span class='ocrx_word' id='word_1_86' title='bbox 571 1785 724 1861; x_wconf 85' lang='lat' dir='ltr'>Consilii</span> <span class='ocrx_word' id='word_1_87' title='bbox 738 1782 949 1882; x_wconf 83' lang='lat' dir='ltr'>Apostolicoe</span> <span class='ocrx_word' id='word_1_88' title='bbox 959 1782 1168 1882; x_wconf 90' lang='lat' dir='ltr'>principalis</span> <span class='ocrx_word' id='word_1_89' title='bbox 1181 1784 1275 1859; x_wconf 89' lang='lat' dir='ltr'>sedis</span> <span class='ocrx_word' id='word_1_90' title='bbox 1287 1784 1445 1882; x_wconf 81' lang='lat' dir='ltr'>antiquar</span> <span class='ocrx_word' id='word_1_91' title='bbox 1458 1787 1522 1859; x_wconf 81' lang='lat' dir='ltr'>Ro</span> 
     </span>
     <span class='ocr_line' id='line_1_14' title="bbox 298 1896 1522 1996; baseline -0.005 -22"><span class='ocrx_word' id='word_1_92' title='bbox 298 1926 362 1975; x_wconf 81' lang='lat' dir='ltr'>mre</span> <span class='ocrx_word' id='word_1_93' title='bbox 379 1898 552 1974; x_wconf 83' lang='lat' dir='ltr'>deliniens</span> <span class='ocrx_word' id='word_1_94' title='bbox 569 1898 773 1996; x_wconf 90' lang='lat' dir='ltr'>subscripsi.</span> <span class='ocrx_word' id='word_1_95' title='bbox 788 1896 1043 1971; x_wconf 83' lang='lat' dir='ltr'>Abundantius</span> <span class='ocrx_word' id='word_1_96' title='bbox 1060 1897 1212 1971; x_wconf 91' lang='lat' dir='ltr'>humilis</span> <span class='ocrx_word' id='word_1_97' title='bbox 1229 1897 1426 1995; x_wconf 91' lang='lat' dir='ltr'>Episcopus</span> <span class='ocrx_word' id='word_1_98' title='bbox 1442 1921 1522 1969; x_wconf 89' lang='lat' dir='ltr'>san·</span> 
     </span>
     <span class='ocr_line' id='line_1_15' title="bbox 297 1998 1521 2108; baseline -0.004 -21"><span class='ocrx_word' id='word_1_99' title='bbox 297 2025 364 2087; x_wconf 79' lang='lat' dir='ltr'>cta</span> <span class='ocrx_word' id='word_1_100' title='bbox 387 2011 548 2087; x_wconf 73' lang='lat' dir='ltr'>ecclesiae</span> <span class='ocrx_word' id='word_1_101' title='bbox 569 2011 730 2087; x_wconf 87' lang='lat' dir='ltr'>civitatis</span> <span class='ocrx_word' id='word_1_102' title='bbox 747 2014 967 2108; x_wconf 74' lang='lat' dir='ltr'>Tempsanra</span> <span class='ocrx_word' id='word_1_103' title='bbox 985 2009 1129 2107; x_wconf 87' lang='lat' dir='ltr'>legatus</span> <span class='ocrx_word' id='word_1_104' title='bbox 1147 2010 1256 2085; x_wconf 87' lang='lat' dir='ltr'>totius</span> <span class='ocrx_word' id='word_1_105' title='bbox 1274 2008 1428 2086; x_wconf 84' lang='lat' dir='ltr'>Concilii</span> <span class='ocrx_word' id='word_1_106' title='bbox 1441 1998 1521 2083; x_wconf 83' lang='lat' dir='ltr'>san·</span> 
     </span>
     <span class='ocr_line' id='line_1_16' title="bbox 297 2122 1521 2222; baseline -0.003 -22"><span class='ocrx_word' id='word_1_107' title='bbox 297 2135 353 2200; x_wconf 89' lang='lat' dir='ltr'>etc</span> <span class='ocrx_word' id='word_1_108' title='bbox 370 2125 472 2199; x_wconf 90' lang='lat' dir='ltr'>Sedis</span> <span class='ocrx_word' id='word_1_109' title='bbox 490 2123 701 2222; x_wconf 85' lang='lat' dir='ltr'>Apostolieae</span> <span class='ocrx_word' id='word_1_110' title='bbox 717 2122 825 2200; x_wconf 87' lang='lat' dir='ltr'>Urbis</span> <span class='ocrx_word' id='word_1_111' title='bbox 843 2127 961 2199; x_wconf 85' lang='lat' dir='ltr'>Romae</span> <span class='ocrx_word' id='word_1_112' title='bbox 978 2125 1151 2200; x_wconf 90' lang='lat' dir='ltr'>definiens</span> <span class='ocrx_word' id='word_1_113' title='bbox 1168 2124 1374 2222; x_wconf 90' lang='lat' dir='ltr'>subscripsi.</span> <span class='ocrx_word' id='word_1_114' title='bbox 1396 2123 1521 2197; x_wconf 89' lang='lat' dir='ltr'>Iohan-</span> 
     </span>
     <span class='ocr_line' id='line_1_17' title="bbox 295 2236 1520 2336; baseline -0.002 -24"><span class='ocrx_word' id='word_1_115' title='bbox 295 2262 359 2312; x_wconf 87' lang='lat' dir='ltr'>nes</span> <span class='ocrx_word' id='word_1_116' title='bbox 372 2237 546 2333; x_wconf 89' lang='lat' dir='ltr'>indignus</span> <span class='ocrx_word' id='word_1_117' title='bbox 558 2236 755 2336; x_wconf 88' lang='lat' dir='ltr'>Episcopus</span> <span class='ocrx_word' id='word_1_118' title='bbox 769 2237 929 2313; x_wconf 79' lang='lat' dir='ltr'>ecclesia·</span> <span class='ocrx_word' id='word_1_119' title='bbox 943 2238 1141 2334; x_wconf 70' lang='lat' dir='ltr'>Regitanm</span> <span class='ocrx_word' id='word_1_120' title='bbox 1153 2238 1298 2335; x_wconf 85' lang='lat' dir='ltr'>legatus</span> <span class='ocrx_word' id='word_1_121' title='bbox 1310 2238 1520 2313; x_wconf 82' lang='lat' dir='ltr'>totiusCon-</span> 
     </span>
     <span class='ocr_line' id='line_1_18' title="bbox 295 2349 1519 2448; baseline -0.002 -22"><span class='ocrx_word' id='word_1_122' title='bbox 295 2350 381 2438; x_wconf 81' lang='lat' dir='ltr'>cibi,</span> <span class='ocrx_word' id='word_1_123' title='bbox 394 2360 526 2426; x_wconf 74' lang='lat' dir='ltr'>sancta</span> <span class='ocrx_word' id='word_1_124' title='bbox 540 2351 641 2425; x_wconf 90' lang='lat' dir='ltr'>Sedis</span> <span class='ocrx_word' id='word_1_125' title='bbox 655 2349 855 2448; x_wconf 87' lang='lat' dir='ltr'>Apostolice</span> <span class='ocrx_word' id='word_1_126' title='bbox 869 2349 976 2426; x_wconf 93' lang='lat' dir='ltr'>Urbis</span> <span class='ocrx_word' id='word_1_127' title='bbox 988 2353 1108 2425; x_wconf 81' lang='lat' dir='ltr'>Romae</span> <span class='ocrx_word' id='word_1_128' title='bbox 1123 2350 1296 2426; x_wconf 90' lang='lat' dir='ltr'>definiens</span> <span class='ocrx_word' id='word_1_129' title='bbox 1314 2349 1519 2447; x_wconf 89' lang='lat' dir='ltr'>subscripsi.</span> 
     </span>
     <span class='ocr_line' id='line_1_19' title="bbox 294 2454 1163 2563; baseline -0.003 -24"><span class='ocrx_word' id='word_1_130' title='bbox 294 2468 341 2539; x_wconf 90' lang='lat' dir='ltr'>Et</span> <span class='ocrx_word' id='word_1_131' title='bbox 356 2474 434 2563; x_wconf 91' lang='lat' dir='ltr'>post</span> <span class='ocrx_word' id='word_1_132' title='bbox 449 2464 516 2541; x_wconf 88' lang='lat' dir='ltr'>hoc</span> <span class='ocrx_word' id='word_1_133' title='bbox 532 2454 823 2562; x_wconf 85' lang='lat' dir='ltr'>subscripserunt</span> <span class='ocrx_word' id='word_1_134' title='bbox 841 2463 969 2561; x_wconf 89' lang='lat' dir='ltr'>reliqui</span> <span class='ocrx_word' id='word_1_135' title='bbox 987 2463 1163 2561; x_wconf 90' lang='lat' dir='ltr'>Episcopi.</span> 
     </span>
    </p>
   </div>
   <div class='ocr_carea' id='block_1_3' title="bbox 817 2691 997 2775">
    <p class='ocr_par' dir='ltr' id='par_1_3' title="bbox 817 2691 997 2775">
     <span class='ocr_line' id='line_1_20' title="bbox 817 2691 997 2775; baseline -0.017 1"><span class='ocrx_word' id='word_1_136' title='bbox 817 2691 997 2775; x_wconf 82' lang='lat' dir='ltr'>XXXIIII.</span> 
     </span>
    </p>
   </div>
   <div class='ocr_carea' id='block_1_4' title="bbox 286 2922 1518 4598">
    <p class='ocr_par' dir='ltr' id='par_1_4' title="bbox 292 2922 1518 3366">
     <span class='ocr_line' id='line_1_21' title="bbox 387 2922 1516 3024; baseline -0.004 -21"><span class='ocrx_word' id='word_1_137' title='bbox 387 2928 479 3003; x_wconf 83' lang='lat' dir='ltr'>Cum</span> <span class='ocrx_word' id='word_1_138' title='bbox 499 2928 628 3001; x_wconf 84' lang='lat' dir='ltr'>Arrius</span> <span class='ocrx_word' id='word_1_139' title='bbox 644 2928 779 3002; x_wconf 88' lang='lat' dir='ltr'>divisor</span> <span class='ocrx_word' id='word_1_140' title='bbox 795 2936 902 3024; x_wconf 84' lang='lat' dir='ltr'>atque</span> <span class='ocrx_word' id='word_1_141' title='bbox 921 2925 1071 3024; x_wconf 89' lang='lat' dir='ltr'>partitor</span> <span class='ocrx_word' id='word_1_142' title='bbox 1088 2923 1278 2999; x_wconf 79' lang='lat' dir='ltr'>Trinitatis</span> <span class='ocrx_word' id='word_1_143' title='bbox 1302 2922 1516 3000; x_wconf 87' lang='lat' dir='ltr'>insurrexis-</span> 
     </span>
     <span class='ocr_line' id='line_1_22' title="bbox 296 3037 1518 3139; baseline -0.002 -25"><span class='ocrx_word' id='word_1_144' title='bbox 296 3048 361 3128; x_wconf 86' lang='lat' dir='ltr'>set,</span> <span class='ocrx_word' id='word_1_145' title='bbox 377 3040 546 3115; x_wconf 87' lang='lat' dir='ltr'>continuo</span> <span class='ocrx_word' id='word_1_146' title='bbox 559 3039 817 3116; x_wconf 85' lang='lat' dir='ltr'>Constantinus</span> <span class='ocrx_word' id='word_1_147' title='bbox 831 3064 969 3139; x_wconf 90' lang='lat' dir='ltr'>semper</span> <span class='ocrx_word' id='word_1_148' title='bbox 982 3044 1186 3136; x_wconf 72' lang='lat' dir='ltr'>Angustus</span> <span class='ocrx_word' id='word_1_149' title='bbox 1202 3048 1239 3114; x_wconf 90' lang='lat' dir='ltr'>et</span> <span class='ocrx_word' id='word_1_150' title='bbox 1255 3037 1429 3114; x_wconf 77' lang='lat' dir='ltr'>silvester</span> <span class='ocrx_word' id='word_1_151' title='bbox 1442 3037 1518 3112; x_wconf 90' lang='lat' dir='ltr'>lau-</span> 
     </span>
     <span class='ocr_line' id='line_1_23' title="bbox 292 3151 1515 3250; baseline -0.001 -23"><span class='ocrx_word' id='word_1_152' title='bbox 292 3151 432 3241; x_wconf 85' lang='lat' dir='ltr'>dabilis,</span> <span class='ocrx_word' id='word_1_153' title='bbox 451 3177 620 3250; x_wconf 90' lang='lat' dir='ltr'>magnam</span> <span class='ocrx_word' id='word_1_154' title='bbox 633 3162 741 3250; x_wconf 88' lang='lat' dir='ltr'>atque</span> <span class='ocrx_word' id='word_1_155' title='bbox 754 3152 966 3228; x_wconf 86' lang='lat' dir='ltr'>laudabilem</span> <span class='ocrx_word' id='word_1_156' title='bbox 980 3161 1087 3250; x_wconf 88' lang='lat' dir='ltr'>atque</span> <span class='ocrx_word' id='word_1_157' title='bbox 1101 3152 1282 3249; x_wconf 81' lang='lat' dir='ltr'>insignem</span> <span class='ocrx_word' id='word_1_158' title='bbox 1295 3161 1420 3228; x_wconf 75' lang='lat' dir='ltr'>contla</span> <span class='ocrx_word' id='word_1_159' title='bbox 1432 3176 1515 3227; x_wconf 92' lang='lat' dir='ltr'>eum</span> 
     </span>
     <span class='ocr_line' id='line_1_24' title="bbox 292 3267 930 3366; baseline 0.002 -25"><span class='ocrx_word' id='word_1_160' title='bbox 292 3267 468 3344; x_wconf 88' lang='lat' dir='ltr'>Niceuam</span> <span class='ocrx_word' id='word_1_161' title='bbox 486 3268 663 3366; x_wconf 85' lang='lat' dir='ltr'>synodum</span> <span class='ocrx_word' id='word_1_162' title='bbox 681 3267 930 3364; x_wconf 86' lang='lat' dir='ltr'>congregavit.</span> 
     </span>
    </p>

    <p class='ocr_par' dir='ltr' id='par_1_5' title="bbox 288 3379 1517 4044">
     <span class='ocr_line' id='line_1_25' title="bbox 389 3379 1517 3479; baseline -0.001 -24"><span class='ocrx_word' id='word_1_163' title='bbox 389 3384 432 3457; x_wconf 92' lang='lat' dir='ltr'>Il.</span> <span class='ocrx_word' id='word_1_164' title='bbox 450 3383 543 3458; x_wconf 85' lang='lat' dir='ltr'>Cum</span> <span class='ocrx_word' id='word_1_165' title='bbox 560 3404 645 3456; x_wconf 85' lang='lat' dir='ltr'>vero</span> <span class='ocrx_word' id='word_1_166' title='bbox 663 3382 893 3458; x_wconf 88' lang='lat' dir='ltr'>Macedonins</span> <span class='ocrx_word' id='word_1_167' title='bbox 911 3381 1068 3479; x_wconf 87' lang='lat' dir='ltr'>Spiritus</span> <span class='ocrx_word' id='word_1_168' title='bbox 1085 3381 1202 3457; x_wconf 87' lang='lat' dir='ltr'>saneti</span> <span class='ocrx_word' id='word_1_169' title='bbox 1220 3379 1371 3478; x_wconf 86' lang='lat' dir='ltr'>negavit</span> <span class='ocrx_word' id='word_1_170' title='bbox 1387 3379 1517 3454; x_wconf 88' lang='lat' dir='ltr'>divini·</span> 
     </span>
     <span class='ocr_line' id='line_1_26' title="bbox 290 3495 1515 3594; baseline 0.001 -26"><span class='ocrx_word' id='word_1_171' title='bbox 290 3502 413 3583; x_wconf 83' lang='lat' dir='ltr'>tatem,</span> <span class='ocrx_word' id='word_1_172' title='bbox 429 3504 465 3569; x_wconf 92' lang='lat' dir='ltr'>et</span> <span class='ocrx_word' id='word_1_173' title='bbox 483 3495 712 3569; x_wconf 85' lang='lat' dir='ltr'>damnantem</span> <span class='ocrx_word' id='word_1_174' title='bbox 730 3520 875 3570; x_wconf 91' lang='lat' dir='ltr'>servum</span> <span class='ocrx_word' id='word_1_175' title='bbox 894 3496 1114 3594; x_wconf 74' lang='lat' dir='ltr'>praedicaret,</span> <span class='ocrx_word' id='word_1_176' title='bbox 1127 3496 1305 3571; x_wconf 79' lang='lat' dir='ltr'>maximus</span> <span class='ocrx_word' id='word_1_177' title='bbox 1322 3495 1515 3593; x_wconf 87' lang='lat' dir='ltr'>imperator</span> 
     </span>
     <span class='ocr_line' id='line_1_27' title="bbox 290 3608 1514 3700; baseline 0.002 -18"><span class='ocrx_word' id='word_1_178' title='bbox 290 3608 524 3697; x_wconf 75' lang='lat' dir='ltr'>Theodosius,</span> <span class='ocrx_word' id='word_1_179' title='bbox 542 3619 578 3684; x_wconf 89' lang='lat' dir='ltr'>et</span> <span class='ocrx_word' id='word_1_180' title='bbox 601 3612 776 3684; x_wconf 88' lang='lat' dir='ltr'>Damasus</span> <span class='ocrx_word' id='word_1_181' title='bbox 794 3610 875 3686; x_wconf 87' lang='lat' dir='ltr'>fidei</span> <span class='ocrx_word' id='word_1_182' title='bbox 891 3611 1047 3700; x_wconf 86' lang='lat' dir='ltr'>adamas,</span> <span class='ocrx_word' id='word_1_183' title='bbox 1063 3611 1169 3688; x_wconf 90' lang='lat' dir='ltr'>cuius</span> <span class='ocrx_word' id='word_1_184' title='bbox 1186 3610 1334 3686; x_wconf 91' lang='lat' dir='ltr'>solidam</span> <span class='ocrx_word' id='word_1_185' title='bbox 1357 3620 1514 3687; x_wconf 87' lang='lat' dir='ltr'>mentem</span> 
     </span>
     <span class='ocr_line' id='line_1_28' title="bbox 289 3721 1516 3821; baseline 0.006 -27"><span class='ocrx_word' id='word_1_186' title='bbox 289 3721 541 3818; x_wconf 84' lang='lat' dir='ltr'>aggressiones</span> <span class='ocrx_word' id='word_1_187' title='bbox 558 3734 665 3821; x_wconf 90' lang='lat' dir='ltr'>atque</span> <span class='ocrx_word' id='word_1_188' title='bbox 683 3723 872 3799; x_wconf 90' lang='lat' dir='ltr'>conflictus</span> <span class='ocrx_word' id='word_1_189' title='bbox 889 3725 1090 3800; x_wconf 87' lang='lat' dir='ltr'>alienarum</span> <span class='ocrx_word' id='word_1_190' title='bbox 1108 3736 1289 3802; x_wconf 89' lang='lat' dir='ltr'>sectarum</span> <span class='ocrx_word' id='word_1_191' title='bbox 1306 3724 1516 3801; x_wconf 86' lang='lat' dir='ltr'>nullatenus</span> 
     </span>
     <span class='ocr_line' id='line_1_29' title="bbox 288 3835 1515 3935; baseline 0.003 -27"><span class='ocrx_word' id='word_1_192' title='bbox 288 3835 508 3910; x_wconf 89' lang='lat' dir='ltr'>sauciarunt.</span> <span class='ocrx_word' id='word_1_193' title='bbox 526 3836 775 3935; x_wconf 84' lang='lat' dir='ltr'>Georginsque</span> <span class='ocrx_word' id='word_1_194' title='bbox 792 3847 829 3912; x_wconf 88' lang='lat' dir='ltr'>et</span> <span class='ocrx_word' id='word_1_195' title='bbox 845 3839 1037 3913; x_wconf 87' lang='lat' dir='ltr'>Nectarins</span> <span class='ocrx_word' id='word_1_196' title='bbox 1051 3839 1089 3912; x_wconf 92' lang='lat' dir='ltr'>in</span> <span class='ocrx_word' id='word_1_197' title='bbox 1107 3839 1175 3913; x_wconf 93' lang='lat' dir='ltr'>hac</span> <span class='ocrx_word' id='word_1_198' title='bbox 1189 3838 1291 3934; x_wconf 86' lang='lat' dir='ltr'>regia</span> <span class='ocrx_word' id='word_1_199' title='bbox 1304 3838 1392 3913; x_wconf 91' lang='lat' dir='ltr'>urbe</span> <span class='ocrx_word' id='word_1_200' title='bbox 1405 3838 1515 3914; x_wconf 89' lang='lat' dir='ltr'>sacri-</span> 
     </span>
     <span class='ocr_line' id='line_1_30' title="bbox 289 3947 1198 4044; baseline 0.007 -24"><span class='ocrx_word' id='word_1_201' title='bbox 289 3947 409 4044; x_wconf 85' lang='lat' dir='ltr'>legam</span> <span class='ocrx_word' id='word_1_202' title='bbox 426 3947 505 4022; x_wconf 90' lang='lat' dir='ltr'>eius</span> <span class='ocrx_word' id='word_1_203' title='bbox 522 3947 687 4044; x_wconf 87' lang='lat' dir='ltr'>linguam</span> <span class='ocrx_word' id='word_1_204' title='bbox 705 3975 727 4021; x_wconf 90' lang='lat' dir='ltr'>a</span> <span class='ocrx_word' id='word_1_205' title='bbox 745 3949 942 4025; x_wconf 90' lang='lat' dir='ltr'>sacerdotio</span> <span class='ocrx_word' id='word_1_206' title='bbox 958 3950 1198 4028; x_wconf 86' lang='lat' dir='ltr'>absciderunt.</span> 
     </span>
    </p>

    <p class='ocr_par' dir='ltr' id='par_1_6' title="bbox 286 4064 1511 4506">
     <span class='ocr_line' id='line_1_31' title="bbox 381 4064 1511 4170; baseline 0.005 -36"><span class='ocrx_word' id='word_1_207' title='bbox 381 4064 443 4136; x_wconf 92' lang='lat' dir='ltr'>III.</span> <span class='ocrx_word' id='word_1_208' title='bbox 460 4069 510 4137; x_wconf 85' lang='lat' dir='ltr'>At</span> <span class='ocrx_word' id='word_1_209' title='bbox 526 4088 610 4139; x_wconf 92' lang='lat' dir='ltr'>cum</span> <span class='ocrx_word' id='word_1_210' title='bbox 624 4064 815 4170; x_wconf 74' lang='lat' dir='ltr'>⁴Nestorius</span> <span class='ocrx_word' id='word_1_211' title='bbox 832 4065 1018 4141; x_wconf 81' lang='lat' dir='ltr'>Christum</span> <span class='ocrx_word' id='word_1_212' title='bbox 1044 4065 1219 4145; x_wconf 89' lang='lat' dir='ltr'>divideret</span> <span class='ocrx_word' id='word_1_213' title='bbox 1242 4074 1280 4141; x_wconf 90' lang='lat' dir='ltr'>et</span> <span class='ocrx_word' id='word_1_214' title='bbox 1303 4065 1511 4163; x_wconf 87' lang='lat' dir='ltr'>partiretur,</span> 
     </span>
     <span class='ocr_line' id='line_1_32' title="bbox 288 4173 1510 4277; baseline 0.004 -28"><span class='ocrx_word' id='word_1_215' title='bbox 288 4173 493 4250; x_wconf 84' lang='lat' dir='ltr'>Celestinns</span> <span class='ocrx_word' id='word_1_216' title='bbox 517 4185 553 4250; x_wconf 86' lang='lat' dir='ltr'>et</span> <span class='ocrx_word' id='word_1_217' title='bbox 577 4175 726 4251; x_wconf 84' lang='lat' dir='ltr'>Oirillus</span> <span class='ocrx_word' id='word_1_218' title='bbox 752 4203 836 4253; x_wconf 91' lang='lat' dir='ltr'>cum</span> <span class='ocrx_word' id='word_1_219' title='bbox 862 4179 1013 4255; x_wconf 92' lang='lat' dir='ltr'>Domino</span> <span class='ocrx_word' id='word_1_220' title='bbox 1037 4180 1293 4277; x_wconf 76' lang='lat' dir='ltr'>conspirantes,</span> <span class='ocrx_word' id='word_1_221' title='bbox 1317 4179 1510 4255; x_wconf 87' lang='lat' dir='ltr'>divisorem</span> 
     </span>
     <span class='ocr_line' id='line_1_33' title="bbox 286 4287 1511 4393; baseline 0.005 -31"><span class='ocrx_word' id='word_1_222' title='bbox 286 4287 482 4363; x_wconf 87' lang='lat' dir='ltr'>eiecerunt.</span> <span class='ocrx_word' id='word_1_223' title='bbox 499 4291 576 4365; x_wconf 86' lang='lat' dir='ltr'>Hoc</span> <span class='ocrx_word' id='word_1_224' title='bbox 593 4290 753 4388; x_wconf 90' lang='lat' dir='ltr'>Ephesus</span> <span class='ocrx_word' id='word_1_225' title='bbox 770 4301 807 4366; x_wconf 87' lang='lat' dir='ltr'>et</span> <span class='ocrx_word' id='word_1_226' title='bbox 822 4291 954 4368; x_wconf 91' lang='lat' dir='ltr'>ibidem</span> <span class='ocrx_word' id='word_1_227' title='bbox 967 4302 1153 4390; x_wconf 89' lang='lat' dir='ltr'>gestorum</span> <span class='ocrx_word' id='word_1_228' title='bbox 1166 4293 1287 4370; x_wconf 86' lang='lat' dir='ltr'>tabule</span> <span class='ocrx_word' id='word_1_229' title='bbox 1301 4318 1363 4393; x_wconf 92' lang='lat' dir='ltr'>per</span> <span class='ocrx_word' id='word_1_230' title='bbox 1375 4294 1511 4370; x_wconf 60' lang='lat' dir='ltr'>litterass</span> 
     </span>
     <span class='ocr_line' id='line_1_34' title="bbox 287 4400 1252 4506; baseline 0.009 -33"><span class='ocrx_word' id='word_1_231' title='bbox 287 4400 378 4474; x_wconf 90' lang='lat' dir='ltr'>riam</span> <span class='ocrx_word' id='word_1_232' title='bbox 397 4424 519 4477; x_wconf 90' lang='lat' dir='ltr'>vocem</span> <span class='ocrx_word' id='word_1_233' title='bbox 538 4402 622 4477; x_wconf 89' lang='lat' dir='ltr'>dum</span> <span class='ocrx_word' id='word_1_234' title='bbox 640 4402 773 4479; x_wconf 90' lang='lat' dir='ltr'>sileant</span> <span class='ocrx_word' id='word_1_235' title='bbox 788 4431 916 4482; x_wconf 89' lang='lat' dir='ltr'>causas</span> <span class='ocrx_word' id='word_1_236' title='bbox 934 4407 1029 4505; x_wconf 89' lang='lat' dir='ltr'>ipsas</span> <span class='ocrx_word' id='word_1_237' title='bbox 1045 4407 1252 4506; x_wconf 91' lang='lat' dir='ltr'>loquuntur.</span> 
     </span>
    </p>

    <p class='ocr_par' dir='ltr' id='par_1_7' title="bbox 386 4515 1510 4598">
     <span class='ocr_line' id='line_1_35' title="bbox 386 4515 1510 4598; baseline 0.004 -9"><span class='ocrx_word' id='word_1_238' title='bbox 386 4516 466 4589; x_wconf 91' lang='lat' dir='ltr'>llll.</span> <span class='ocrx_word' id='word_1_239' title='bbox 483 4515 617 4592; x_wconf 91' lang='lat' dir='ltr'>Deinde</span> <span class='ocrx_word' id='word_1_240' title='bbox 635 4517 836 4596; x_wconf 88' lang='lat' dir='ltr'>Euthicetis</span> <span class='ocrx_word' id='word_1_241' title='bbox 848 4519 989 4595; x_wconf 91' lang='lat' dir='ltr'>insania</span> <span class='ocrx_word' id='word_1_242' title='bbox 1002 4519 1177 4597; x_wconf 91' lang='lat' dir='ltr'>delirante</span> <span class='ocrx_word' id='word_1_243' title='bbox 1188 4520 1337 4598; x_wconf 84' lang='lat' dir='ltr'>alteram</span> <span class='ocrx_word' id='word_1_244' title='bbox 1351 4520 1510 4598; x_wconf 85' lang='lat' dir='ltr'>fabulam</span> 
     </span>
    </p>
   </div>
   <div class='ocr_carea' id='block_1_5' title="bbox 0 0 1808 5498">
    <p class='ocr_par' dir='ltr' id='par_1_8' title="bbox 0 0 1808 5498">
     <span class='ocr_line' id='line_1_36' title="bbox 0 0 1808 5498; baseline 0 7"><span class='ocrx_word' id='word_1_245' title='bbox 0 0 1808 5498; x_wconf 95' lang='lat' dir='ltr'> </span> 
     </span>
    </p>
   </div>
  </div>
 </body>
</html>
