3608 5498
808 415 848 432 -
873 383 940 449 204
964 414 1004 430 -

295 517 373 607 pter·
389 503 584 579 hereticam
601 503 814 576 suasionem.
831 502 901 576 Hic
917 502 1104 578 constituit
1121 511 1162 576 ut
1178 500 1395 576 babtizatum
1414 500 1520 576 liniat

292 616 480 719 presbyter
493 614 698 705 chrismate,
707 613 867 689 levatum
880 613 923 690 do
936 639 1028 712 aqua
1038 624 1178 713 propter
1190 615 1411 690 occasionem
1420 624 1518 689 tran·

292 735 385 808 situs
401 729 535 804 mortis.
550 729 618 804 Hic
632 728 819 803 constituit
834 737 876 802 ut
892 727 1017 802 nullus
1030 728 1145 802 laicus
1158 728 1295 803 crimen
1313 727 1444 804 clerico
1455 755 1518 803 au·

291 849 373 923 deat
390 843 533 931 inferre,
550 853 586 918 et
601 852 643 917 ut
660 842 799 917 diaconi
816 840 1019 917 dalmaticis
1039 842 1077 915 in
1096 841 1256 917 aeoclesia
1277 850 1436 916 utantur.
1454 845 1517 918 Or-

294 958 434 1037 dinavit
446 956 671 1056 presbyteros
680 959 789 1044 XLII,
802 956 966 1030 diaconos
979 959 1121 1031 XXVII
1135 967 1171 1032 et
1184 957 1372 1032 constituit
1385 967 1426 1032 ut
1439 959 1518 1033 nul·

296 1071 355 1146 lus
368 1066 512 1143 maioris
521 1066 579 1141 vel
592 1067 719 1167 prioris
732 1066 849 1142 locum
864 1067 1059 1157 invaderet,
1072 1069 1133 1145 sed
1146 1070 1304 1145 ordinem
1318 1081 1516 1169 temporum

292 1211 377 1264 oum
395 1182 527 1277 pudore
544 1192 786 1278 cognosceret,
802 1181 942 1256 nullum
961 1181 1104 1258 omnino
1115 1181 1288 1260 clericum
1306 1183 1364 1260 vel
1378 1184 1516 1261 fidelem

290 1293 602 1374 contradicentem.

822 1523 993 1609 LXXXH.

389 1749 506 1826 Iuliu's
522 1749 665 1826 natione
682 1753 863 1826 Romanus
880 1751 1116 1827 constitutum
1132 1752 1228 1843 fecit,
1240 1763 1282 1828 ut
1299 1751 1422 1828 nullus
1447 1753 1517 1830 cle·

291 1864 390 1939 ricus
405 1888 552 1940 causam
569 1863 765 1962 quamlibet
781 1864 819 1938 in
836 1864 979 1962 publico
996 1866 1131 1942 diceret
1143 1867 1214 1941 nisi
1227 1867 1264 1940 in
1282 1865 1453 1942 aecclesia.
1466 1871 1513 1943 llt

289 1984 331 2052 ut
346 1977 474 2051 notitia
490 2001 569 2076 quae
585 1977 749 2052 omnibus
767 2001 830 2076 pro
846 1977 914 2052 fide
931 1989 986 2054 est
1002 2003 1065 2079 per
1091 1978 1247 2053 notarios
1270 1978 1514 2075 colligeretur,

292 2102 328 2168 et
344 2103 386 2166 ut
398 2092 556 2167 omnium
572 2101 883 2167 monumentorum
897 2092 935 2165 in
948 2091 1109 2168 aeclesia
1122 2116 1184 2192 per
1197 2091 1442 2189 primicerium
1455 2116 1516 2167 no

288 2206 460 2280 tariorum
468 2204 642 2281 confectio
649 2204 898 2281 celebraretur.
913 2204 997 2278 Sive
1011 2204 1205 2294 cautiones,
1223 2203 1282 2278 vel
1295 2202 1513 2280 instrumen-

289 2327 338 2407 ta,
355 2327 418 2392 aut
435 2328 659 2407 testamenta,
677 2318 736 2393 vel
753 2318 993 2415 alligationes,
1010 2326 1075 2391 aut
1099 2316 1399 2394 manumissiones
1423 2318 1510 2395 oleri

291 2431 330 2507 in
348 2430 510 2508 aeoclesia
527 2456 588 2530 per
605 2441 770 2509 sanctum
787 2431 962 2509 scrinium
980 2430 1209 2507 celebrarent.

813 2654 1004 2739 Lxxxsst

385 2884 548 2961 Liberius
561 2883 703 2958 natione
716 2885 897 2958 Romanus
909 2882 1015 2958 exilio
1023 2882 1226 2981 deportatus
1239 2894 1293 2959 est
1306 2910 1327 2957 a
1342 2884 1514 2961 Constan-

291 3000 341 3076 tio
359 3003 535 3095 Augusto,
548 3021 588 3072 eo
601 2997 692 3096 quod
706 2997 862 3071 noluisse
876 2995 993 3072 heresi
1007 2996 1170 3071 Arrianae
1185 2998 1394 3073 consentire.
1407 3001 1453 3071 Ilt
1465 2997 1514 3073 le·

291 3115 342 3190 oit
358 3114 396 3187 in
413 3112 518 3188 exilio
534 3135 646 3186 annos
662 3115 741 3187 IIII.
760 3116 806 3186 Et
824 3111 1037 3207 congregati
1055 3109 1254 3185 sacerdotes
1267 3135 1351 3186 oum
1364 3110 1512 3186 consilio

290 3227 421 3302 Liberii
438 3226 694 3301 ordinaverunt
706 3227 744 3299 in
757 3225 876 3301 locum
895 3224 972 3298 eius
987 3223 1141 3299 Felicem
1156 3223 1424 3322 Presbyterum,
1442 3225 1513 3325 epi·

290 3365 435 3439 scopum
449 3339 701 3429 venerabilem,
718 3348 754 3414 et
771 3339 856 3414 fecit
873 3337 1068 3413 concilium
1086 3337 1198 3427 Felix,
1210 3346 1246 3412 et
1267 3338 1408 3413 invenit
1424 3338 1510 3414 duos

287 3454 513 3553 presbyteros
525 3452 787 3528 consentientes
797 3452 1005 3528 Constantio
1018 3456 1183 3548 Augusto
1196 3451 1359 3541 Arriano,
1368 3453 1510 3528 nomine

290 3569 482 3645 Ursacium
499 3577 536 3644 et
552 3567 757 3657 Valentem,
773 3577 810 3642 et
827 3566 947 3661 exegit
959 3588 1017 3640 eos
1035 3565 1074 3639 in
1091 3564 1241 3640 concilio
1258 3567 1411 3639 XLVIII
1428 3567 1511 3663 Epi·

288 3704 482 3780 scoporum.
492 3679 551 3755 Illi
565 3693 685 3755 autem
699 3678 775 3755 zelo
787 3679 900 3768 ducti,
910 3688 1132 3775 rogaverunt
1142 3679 1392 3755 Constantium
1402 3690 1443 3753 ut
1457 3704 1510 3755 re·

289 3803 434 3870 vocaret
450 3792 633 3868 Liberium
651 3793 693 3868 de
711 3792 830 3881 exilio,
846 3802 883 3868 et
900 3817 972 3866 una
989 3801 1132 3868 tantum
1145 3791 1422 3869 communitione
1434 3819 1513 3892 par·

287 3908 463 4008 ticiparet,
480 3916 581 3982 extra
597 3905 794 3981 secundum
811 3906 1039 4005 baptismum.
1056 3909 1133 3994 Quo
1150 3915 1325 3996 revocato,
1346 3907 1416 3981 fuit
1433 3932 1510 4007 per·

287 4020 422 4097 secutio
439 4021 478 4094 in
495 4019 600 4108 clero,
622 4018 672 4092 ita
699 4028 739 4094 ut
763 4019 859 4093 intra
884 4019 1073 4095 ecclesiam
1098 4019 1299 4119 presbyteri
1327 4029 1363 4095 et
1387 4019 1509 4096 clerici

287 4135 463 4232 martyrio
479 4140 742 4208 coronarentur.
761 4135 807 4206 Et
823 4132 1005 4230 depositus
1031 4142 1086 4207 est
1102 4132 1204 4207 Felix
1228 4132 1270 4207 de
1296 4132 1510 4232 episcopatu,

288 4272 415 4348 passus
431 4256 486 4322 est
502 4247 540 4320 in
557 4246 705 4322 civitate
722 4269 850 4320 corona
867 4248 919 4320 Ill
938 4245 1019 4320 idus
1036 4245 1258 4322 Novembris.
