3608 5498
933 383 1129 446 ..216-

420 507 597 583 cervicem
615 505 738 601 ipsius.
756 508 802 579 Et
818 504 1014 578 ascendens
1031 493 1126 576 unus
1143 504 1338 600 episcopus,
1355 504 1415 577 dat
1432 503 1638 586 orationem,

419 644 526 718 super
543 644 624 695 eum
638 628 674 693 et
687 616 829 693 recedit.
842 619 888 690 Et
901 616 992 691 alter
1005 616 1181 692 similiter.
1196 617 1345 693 Accedit
1357 616 1497 704 tertius
1510 626 1546 690 et
1559 639 1640 692 con·

420 741 539 809 secret
554 731 665 804 illum.
677 729 960 806 Archidiaconus
972 739 1093 804 autern
1106 729 1215 804 allato
1229 728 1341 803 Pallio
1353 733 1394 803 de
1408 728 1638 814 confessione,

418 844 570 942 imponit
587 845 631 918 ei.
648 845 749 919 Tunc
765 841 811 916 ab
824 842 1082 919 Archidiacono
1095 852 1132 917 et
1145 841 1462 939 Archipresbytero
1474 841 1639 917 elevatur

420 959 459 1031 in
468 980 516 1033 se.
526 959 633 1030 Stans
645 955 957 1052 veroingradibus
966 955 1079 1053 ipsius
1091 957 1195 1043 sedis
1204 955 1344 1031 elevata
1356 978 1442 1031 voce
1452 955 1548 1030 dicit.
1558 955 1640 1030 Glo-

418 1071 473 1145 ria
488 1071 535 1142 in
544 1069 693 1145 excelsis
711 1071 792 1145 Deo.
809 1073 893 1144 Post
909 1069 984 1144 haec
1002 1069 1084 1143 data
1101 1093 1215 1167 prece,
1228 1069 1323 1144 scola
1336 1077 1522 1144 cautorum
1540 1067 1639 1143 canit

419 1185 452 1260 ei
469 1184 622 1273 laudem,
639 1193 676 1259 et
692 1184 820 1260 notarii
838 1183 1025 1281 regionum
1044 1181 1220 1257 similiter.
1242 1182 1408 1258 Celebrat
1432 1182 1547 1278 igitur
1564 1183 1639 1280 ipse

418 1299 564 1373 missam
579 1323 640 1396 per
652 1298 868 1386 ordinem,et
880 1296 1123 1373 communicat
1135 1318 1266 1371 omnes.
1280 1298 1431 1370 Peracta
1445 1295 1637 1368 Missarum

419 1410 655 1487 sollemnitate
672 1411 828 1509 procedit
844 1420 880 1487 et
897 1408 1127 1507 subsequitur
1140 1418 1176 1484 et
1189 1407 1356 1506 praecedit
1368 1433 1450 1483 eurn
1463 1406 1578 1482 omnis
1594 1411 1640 1480 A·

420 1523 611 1622 postolicus
626 1532 828 1622 apparatus
845 1527 892 1599 Et
908 1532 1120 1598 statuuntur
1136 1521 1232 1597 acies
1245 1522 1368 1596 dextra
1380 1520 1541 1618 levaque.
1559 1522 1638 1617 Ipse

417 1660 504 1712 vero
512 1637 645 1712 incedit
657 1638 695 1711 in
710 1637 834 1727 medio,
842 1637 1063 1734 constipatus
1071 1635 1217 1731 agmine
1228 1635 1463 1723 sacerdotum,
1472 1645 1507 1709 et
1516 1658 1639 1708 omnes

419 1748 524 1824 scolae
541 1748 709 1845 flagitant
724 1749 768 1824 ab
785 1773 826 1825 eo
842 1749 1133 1825 benedictionem.
1151 1752 1228 1835 Quo
1244 1749 1484 1836 benedicente,
1499 1772 1639 1846 respon·

417 1861 524 1936 deant
535 1886 657 1937 omnes
674 1871 799 1938 Amen.
813 1867 1004 1959 Ingressus
1016 1871 1138 1936 autem
1150 1862 1385 1936 secretarium
1400 1862 1471 1934 iarn
1485 1872 1574 1937 tunc
1587 1886 1639 1936 so-

417 1975 477 2050 det
493 1975 531 2048 in
548 1974 635 2050 sella
652 1975 851 2074 apostolica.
871 1975 1068 2072 Egrediens
1085 1975 1166 2049 inde
1183 1975 1332 2067 eumad
1350 1973 1535 2049 inferiores
1552 1999 1635 2071 gra-

417 2087 484 2161 dus
500 2087 616 2162 sancti
635 2087 732 2163 Petri
745 2088 938 2175 descendit,
951 2087 1000 2162 ibi
1014 2097 1086 2162 stat
1097 2112 1212 2186 equus
1225 2097 1370 2188 paratus
1383 2089 1427 2162 ad
1440 2088 1634 2164 sedendum

417 2199 456 2274 in
470 2222 519 2275 eo.
532 2201 580 2273 Et
591 2200 801 2275 accedentes
814 2200 945 2274 notarii
959 2200 1159 2296 regionum,
1173 2224 1243 2274 uno
1256 2201 1449 2299 incipiente
1463 2211 1499 2276 et
1511 2202 1639 2277 ceteris

419 2312 723 2411 respondentibus,
741 2313 779 2386 in
796 2313 895 2388 hunc
913 2313 1056 2387 modum
1074 2313 1216 2390 laudern
1240 2315 1273 2390 ei
1290 2327 1434 2390 canunt.
1460 2319 1639 2391 Domnum

417 2429 569 2502 Leonem
587 2429 721 2523 Papam
739 2438 886 2502 sanctus
904 2428 1034 2500 Petrus
1050 2427 1171 2524 elegit.
1189 2431 1264 2504 Hoc
1278 2452 1391 2525 usque
1405 2439 1460 2503 ter
1473 2428 1567 2504 dicto
1580 2453 1637 2503 ac-

417 2539 512 2614 cedit
529 2539 622 2635 prior
639 2537 782 2627 stabuli,
799 2549 835 2613 et
851 2538 1001 2636 imponit
1016 2541 1050 2614 ei
1067 2541 1234 2638 incapite
1249 2565 1414 2637 regnum,
1428 2539 1637 2639 quodadsi-

417 2652 657 2728 militudinem
675 2653 825 2728 cassidis
843 2653 894 2741 fit,
906 2664 942 2728 et
955 2662 1042 2730 tunc
1055 2655 1199 2728 demum
1212 2654 1373 2729 escendit
1385 2677 1491 2749 super
1505 2678 1638 2751 equum

417 2793 534 2842 suum.
553 2771 599 2840 Et
615 2767 836 2864 precedente
853 2791 935 2841 eum
953 2765 1057 2853 clero,
1070 2776 1243 2841 ornantur
1261 2767 1377 2864 palliis
1390 2777 1426 2841 et
1438 2767 1638 2865 constipan-

418 2891 478 2956 tur
496 2881 621 2979 plataae
638 2880 822 2955 immensis
839 2879 964 2955 cuneis
981 2879 1187 2978 populorum
1205 2888 1242 2954 et
1255 2879 1360 2970 clero,
1373 2879 1638 2978 expectantium

418 3020 501 3071 eum
519 2996 564 3070 ad
580 2995 781 3072 canendum
798 2995 832 3070 ei
849 2993 1001 3069 laudem.

853 3183 902 3233 Ex
919 3183 1066 3235 Romano
1086 3179 1207 3232 ordine.

512 3339 553 3410 In
570 3335 695 3411 diebus
710 3347 831 3411 autam
850 3337 960 3426 festis,
977 3335 1069 3410 idest
1085 3332 1235 3424 Pascha,
1252 3337 1496 3422 Pentecosten,
1515 3335 1638 3410 Sancti

417 3451 525 3541 Petri,
538 3450 679 3526 Natalis
692 3451 844 3541 Domini,
855 3449 1080 3549 Presbyteris
1093 3447 1342 3524 Cardinalibus
1356 3448 1638 3525 Archidiaconus

415 3563 571 3663 porrigit
586 3564 782 3661 unicuique
799 3587 921 3638 eorum
941 3563 1080 3638 oblatus
1097 3568 1158 3638 III.
1180 3568 1209 3638 E
1250 3565 1440 3640 accedente
1465 3565 1637 3640 Pontifiee

414 3681 460 3755 ad
472 3679 595 3768 altare,
606 3678 741 3767 dextra,
754 3677 904 3775 levaque
920 3678 1146 3754 circumdant
1159 3677 1294 3765 Altera,
1308 3689 1344 3754 et
1356 3678 1464 3752 simul
1479 3704 1563 3754 cum
1577 3678 1638 3753 illo

415 3816 587 3868 canonem
600 3792 727 3867 dicunt
739 3805 781 3867 ut
793 3815 856 3867 vos
870 3793 947 3891 (sic)
962 3792 1145 3868 Pontificis
1161 3792 1342 3868 valentius
1354 3793 1533 3882 audiatur,
1545 3803 1580 3868 et
1593 3793 1639 3866 si-

417 3905 491 3979 mul
509 3915 719 3982 consecrant
735 3929 862 4003 corpus
878 3916 915 3981 et
932 3906 1147 4001 sanguinem
1164 3905 1317 3981 Domini.

916 4069 1152 4154 lxxxxvss.

830 4226 866 4275 In
887 4222 998 4278 ordine
1018 4222 1218 4276 chrismatis.

511 4358 714 4452 Antequam
732 4355 883 4445 dicatur,
901 4358 969 4430 Per
985 4379 1092 4454 quem
1109 4355 1186 4430 haec
1203 4355 1322 4429 omnia
1336 4357 1485 4432 Domine
1498 4382 1638 4454 semper

417 4465 507 4542 bona
525 4491 643 4558 creas,
655 4469 830 4546 exorcizet
846 4478 883 4546 et
897 4467 1084 4546 benedicat
1101 4469 1264 4546 Pontifex
1284 4469 1400 4546 oleum
1423 4480 1495 4548 tam
1520 4472 1565 4548 ad
1584 4471 1639 4550 iuz
