3608 5498
925 400 1119 465 -282-

411 516 618 593 interfuisse
634 529 669 595 et
686 538 792 593 voces·
815 542 896 617 quae
919 516 1128 593 seditionem
1153 528 1419 594 commoverent
1448 518 1632 596 iactitasse

409 631 592 720 dicuntur,
615 631 645 705 si
671 630 722 706 ita
751 639 807 706 est
830 630 1000 706 distincte
1026 657 1068 708 ea
1093 631 1268 707 inminere
1297 629 1434 707 ultione
1463 633 1632 725 sustemi,

410 771 476 822 nec
493 768 555 843 pro
572 769 720 845 persona
737 745 837 820 illius
855 745 903 821 sit
920 746 1094 821 severitas
1111 756 1232 822 uestra
1249 745 1441 834 remissior,
1456 747 1540 845 quia
1555 773 1631 822 am-

410 859 505 958 plius
522 856 673 933 feriendi
697 869 793 947 sunt,
810 870 944 957 quanto
969 868 1089 957 utpote
1106 859 1235 934 nobilis
1253 858 1396 935 feminae
1413 859 1514 958 pueri
1531 862 1632 937 exola

410 972 576 1073 superbia
598 971 835 1071 deliquerunt.
853 974 923 1048 Sed
947 972 1091 1048 utillud
1112 971 1237 1047 subtili
1258 971 1438 1049 indatione
1456 974 1631 1074 perquiri-

410 1096 595 1175 teatrum
613 1112 659 1163 ne
677 1087 845 1185 praedicta
863 1086 997 1162 femina
1016 1087 1053 1160 in
1071 1096 1171 1162 tanto
1188 1085 1320 1163 scelere
1337 1086 1503 1163 habuerit
1519 1089 1633 1164 consi-

409 1199 510 1288 lium,
523 1210 587 1275 aut
600 1200 630 1274 si
648 1225 731 1276 oum
745 1199 824 1274 eius
835 1208 890 1275 est
902 1198 1120 1276 conscientia
1134 1209 1388 1299 perpetratum,
1401 1209 1443 1275 ut
1460 1225 1569 1299 quam
1583 1203 1632 1277 sit

413 1313 653 1412 periculosum
681 1336 751 1387 non
777 1313 891 1387 solum
918 1313 1096 1402 manibus
1121 1313 1315 1389 sedetiam
1344 1314 1382 1387 in
1412 1314 1631 1392 sacerdotem

411 1426 532 1502 verbis
554 1426 722 1503 excedere
740 1451 784 1501 ex
800 1437 920 1501 nostra
933 1428 1056 1503 cuncti
1070 1427 1206 1525 possint
1223 1427 1425 1503 defensione
1442 1451 1632 1525 cognosce·

416 1565 463 1615 re.
483 1539 608 1638 Siquid
634 1540 728 1616 enim
755 1540 793 1613 in
817 1540 886 1615 hac
911 1566 1020 1617 causa
1037 1551 1216 1617 tentatum
1235 1540 1355 1632 fuerit,
1372 1540 1430 1615 vel
1448 1541 1631 1632 omissum,

411 1654 457 1728 ad
485 1663 586 1728 tuam
611 1654 755 1752 culpam
784 1679 826 1730 ac
856 1654 973 1752 potius
1001 1665 1195 1752 cognoscat
1219 1654 1396 1753 pertinere
1420 1655 1632 1753 periculum.

417 1768 515 1842 Idem
533 1769 679 1865 prefato
697 1767 808 1842 Paulo
825 1768 995 1867 episeopo.
1011 1769 1111 1844 Licet
1134 1792 1205 1845 non
1224 1767 1448 1845 mediocriter
1464 1793 1532 1843 non
1550 1793 1633 1846 con·

368 1885 372 1891 ’
415 1880 617 1956 tristaverit
645 1905 753 1979 quam
784 1905 823 1955 es
851 1906 1039 1981 perpessus
1069 1881 1250 1971 iniuriam,
1274 1881 1447 1958 habemus
1473 1882 1632 1980 aliquam

412 2005 500 2071 tuuc
518 1995 794 2072 consolationem
813 1997 906 2094 quod
923 1996 1065 2071 laudem
1080 2004 1180 2070 tuam
1197 1995 1284 2071 huic
1302 1995 1352 2070 rei
1370 1996 1486 2070 inesse
1504 2018 1633 2092 cogno-

413 2110 545 2198 vimus,
562 2110 605 2185 ob
624 2110 659 2185 id
679 2109 771 2208 quod
788 2133 850 2210 pro
867 2110 1048 2210 requitatis
1065 2109 1281 2186 rectitudine
1296 2109 1363 2186 hoo
1380 2120 1555 2208 quantum
1573 2133 1633 2184 no

411 2224 467 2299 bis
496 2224 631 2300 directa
662 2223 789 2299 relatio
813 2224 982 2324 patefecit
1007 2223 1197 2324 pertulisti.
1214 2228 1264 2301 Ut
1288 2247 1375 2320 ergo
1398 2225 1443 2299 ad
1459 2224 1629 2323 maiorem

413 2337 565 2434 gloriam
584 2338 650 2413 tibi
667 2337 879 2436 applicetur,
896 2337 973 2413 haec
999 2364 1055 2414 res
1072 2339 1311 2415 constantiam
1329 2348 1431 2412 tuam
1449 2363 1516 2413 nec
1534 2337 1629 2413 fran-

411 2477 509 2549 gere,
526 2478 594 2528 uec
611 2480 632 2527 a
650 2452 708 2525 via
726 2453 829 2528 debet
846 2452 1012 2528 veritatis
1028 2462 1200 2527 avertere.
1217 2453 1310 2527 Nam
1330 2451 1441 2525 maior
1458 2451 1495 2525 in
1514 2475 1627 2527 sacer·

410 2566 552 2641 dotibus
570 2591 706 2642 merces
723 2575 789 2657 est,
814 2566 852 2641 in
878 2566 1044 2642 veritatis
1068 2564 1212 2640 tramite
1236 2564 1345 2640 etiarn
1370 2572 1448 2662 post
1472 2563 1626 2638 iniurias

412 2704 565 2755 manere.

875 2847 876 2850 ‘
979 2820 1048 2905 XO.

504 3020 702 3117 Gregorius
732 3019 929 3119 Episcopus
953 3019 1118 3095 omuibus
1142 3019 1335 3118 Episcopis.
1354 3023 1468 3108 Quam
1496 3020 1544 3095 sit
1568 3045 1628 3096 nc·

407 3135 603 3211 cessarium
622 3136 917 3210 monasteriorum
936 3134 1047 3233 quieti
1067 3133 1278 3232 prospicere,
1297 3134 1390 3209 etde
1408 3156 1529 3208 corum
1548 3159 1625 3232 per·

410 3260 517 3348 petua
543 3249 736 3325 securitate
763 3259 929 3338 tractare,
946 3258 1029 3323 ante
1058 3256 1180 3322 actum
1206 3271 1270 3321 nos
1296 3246 1452 3321 officium
1478 3246 1570 3345 quod
1587 3247 1625 3321 in

409 3363 586 3460 regimine
604 3362 741 3439 cenobii
759 3362 989 3438 exhibuimus
1006 3361 1187 3438 informat.
1205 3365 1252 3436 Et
1276 3385 1321 3436 ne
1338 3386 1383 3436 ex
1398 3386 1439 3436 oa
1457 3385 1536 3459 quae
1553 3388 1626 3436 ma·

405 3477 465 3573 gis
491 3477 714 3552 emendanda
742 3486 798 3553 est
827 3473 1084 3551 consuetudine
1114 3474 1302 3572 quisquam
1333 3472 1515 3548 monachis
1539 3473 1625 3572 quid

407 3588 577 3664 molestia
594 3600 788 3687 praesumat
813 3589 945 3663 inferre
974 3612 1118 3663 necesse
1135 3598 1201 3677 ost,
1218 3595 1260 3661 ut
1283 3586 1361 3661 hoec
1377 3611 1456 3685 quae
1472 3587 1625 3662 inferius

405 3728 616 3778 enumerare
644 3703 862 3792 curabimus,
888 3702 939 3776 ita
969 3701 1087 3777 studio
1116 3701 1353 3777 fraternitatis
1378 3701 1622 3800 episcoporum

404 3816 555 3892 debeant
580 3815 762 3907 custodiri,
780 3826 820 3891 ut
846 3841 890 3892 ex
910 3816 963 3892 eis
979 3840 1049 3891 non
1067 3816 1178 3918 possit
1193 3815 1346 3892 ulterius
1362 3813 1545 3890 inferenda
1570 3815 1622 3889 in·

404 3930 626 4029 quietudinis
642 3930 780 4007 occasio
797 3930 884 4007 fieri.

397 4101 467 4153 Hoc
485 4100 692 4166 privilegium
711 4099 842 4153 cuidam
867 4100 1061 4153 monasterio
1080 4100 1279 4152 Ravennatis
1305 4097 1530 4155 tantummono
1551 4111 1628 4150 con-

434 4193 562 4234 cessum
580 4180 680 4235 fuisse
703 4182 822 4246 legitur
840 4183 871 4233 in
895 4181 1032 4246 registro
1052 4182 1086 4233 et
1105 4179 1259 4245 quaedam
1279 4180 1354 4232 sunt
1372 4180 1403 4232 ei
1421 4179 1530 4232 iuncta
1553 4191 1628 4245 quoa

434 4263 596 4315 contraria
614 4262 691 4315 sunt
709 4264 887 4315 canonibus
906 4263 941 4313 et
959 4262 1101 4325 registro
1120 4258 1281 4313 eiusdem.

501 4396 754 4473 Interdicimus
767 4396 882 4494 igitur
899 4396 936 4469 in
954 4397 1097 4471 nominc
1112 4394 1256 4470 Domini
1274 4395 1385 4470 nostri
1399 4395 1505 4470 Ihesu
1519 4393 1621 4468 Chri·

405 4510 452 4589 sti
470 4519 507 4590 ct
522 4532 567 4589 cx
582 4510 796 4588 auctoritate
820 4510 912 4588 beati
933 4510 1029 4588 Petri
1048 4509 1294 4612 Apostolorum
1321 4507 1497 4609 principis
1516 4507 1623 4585 ouius
