3608 5498
803 394 999 458 -483-

288 512 356 590 bus
372 514 564 612 apostolica
581 512 803 588 auctoritate.
816 512 991 610 syricius.
1007 514 1084 587 Nec
1100 512 1357 600 accusationes,
1374 537 1440 588 nec
1457 523 1508 589 tes

291 628 458 700 stimouia
477 626 573 700 ullus
590 627 801 726 perscripta
818 635 932 722 potest
956 625 1112 725 perferre
1137 649 1204 700 neo
1228 626 1270 700 de
1295 626 1376 698 aliis
1401 649 1508 720 nego·

289 740 350 813 tiis
367 741 585 838 quicumque
611 740 853 815 testimouium
871 739 1002 826 dicant,
1020 738 1089 812 nisi
1107 739 1150 814 de
1167 738 1224 812 his
1241 762 1320 836 quae
1340 739 1407 813 sub
1423 763 1509 837 prte-

288 854 405 928 sentia
423 877 543 928 eorum
561 864 642 929 acta
659 878 735 928 esse
760 863 968 928 noscuntur.
993 851 1167 927 Similiter
1192 852 1254 949 qui
1277 876 1447 928 accusare
1472 877 1508 925 a·

289 965 379 1041 lium
396 965 559 1062 elegerit,
576 990 730 1063 praesens
747 989 809 1063 per
833 991 882 1053 se,
906 976 942 1041 et
959 989 1028 1042 nou
1054 990 1116 1064 per
1140 966 1253 1040 alium
1274 975 1429 1055 accuset,
1455 965 1509 1039 iu·

217 1076 219 1080 ’
288 1079 480 1176 scriptione
494 1079 661 1155 videlicet
675 1079 865 1177 premissa.
878 1079 1117 1154 Innocentius.
1131 1078 1257 1154 Alieno
1273 1078 1423 1154 ecclesie
1440 1077 1508 1153 cle·

291 1192 406 1266 riuum
432 1192 595 1269 ordinare
612 1202 677 1268 aut
693 1193 851 1267 iudicare
869 1193 993 1268 nullus
1006 1205 1163 1291 usurpet.
1179 1193 1353 1280 Quotiens
1374 1192 1472 1289 probi
1488 1218 1510 1267 a

291 1306 429 1403 populis
450 1315 515 1381 eut
537 1333 559 1380 a
583 1307 689 1382 turbe
706 1317 885 1404 peccatur,
910 1306 994 1403 quia
1019 1306 1055 1379 iu
1076 1329 1199 1382 omues
1223 1316 1364 1405 propter
1390 1305 1509 1379 multi·
1613 1352 1615 1356 ν

292 1417 454 1494 tudinem
476 1442 547 1493 uon
569 1430 683 1518 potest
702 1420 891 1509 vindicari,
906 1420 1061 1494 inultum
1085 1419 1174 1495 solet
1190 1420 1353 1495 transire.
1370 1419 1479 1494 Bonis
1497 1460 1511 1475 ·

289 1531 372 1605 tius.
401 1533 600 1608 Confitetur
629 1535 671 1608 de
699 1533 864 1608 omnibus
893 1533 1055 1630 quisquis
1079 1559 1116 1607 se
1141 1533 1393 1628 subterfugere
1421 1532 1511 1606 iudi·

292 1644 388 1718 cium
414 1646 644 1721 dilationibus
669 1656 780 1743 putat.
807 1646 844 1718 Si
869 1646 991 1721 adesse
1017 1646 1174 1741 neglerit
1197 1647 1275 1744 (sic)
1303 1646 1510 1720 dilationem

294 1760 480 1833 sententies
498 1760 541 1836 de
556 1759 717 1834 absentia
734 1783 803 1833 uon
821 1759 992 1833 lucretur.
1004 1761 1082 1832 Leo.
1100 1759 1202 1834 Sedis
1215 1759 1415 1855 Apostolice
1441 1781 1511 1831 mo

290 1870 422 1946 deratio
438 1896 481 1949 ac
497 1873 733 1973 temperantia
750 1881 895 1946 servant
918 1879 959 1944 ut
976 1871 1091 1945 serius
1106 1884 1195 1966 agat
1219 1896 1303 1947 cum
1328 1871 1511 1947 obduratis

221 1979 224 1983 ’
291 1992 328 2056 et
345 1982 489 2058 veniam
507 1984 629 2081 cupiat
653 2009 726 2082 prae
742 1984 923 2082 correptis.
936 1987 1023 2070 Ques
1047 1985 1223 2081 patefacta
1249 1996 1335 2059 sunt
1351 2008 1511 2083 querere,

291 2120 371 2193 quae
396 2099 552 2195 perlecta
577 2108 663 2173 suut
684 2108 888 2184 retractare,
909 2107 944 2171 et
962 2121 1041 2194 quae
1058 2096 1210 2170 diffinita
1230 2108 1317 2172 sunt
1335 2097 1509 2172 convelle·

294 2234 341 2284 re.
355 2211 454 2296 Quod
471 2211 570 2285 aliud
586 2221 641 2286 est
657 2236 765 2309 quarn
782 2211 825 2284 de
838 2210 974 2308 adeptis
986 2211 1114 2306 gratim
1132 2234 1202 2284 uon
1216 2211 1337 2287 ferre?
1354 2211 1447 2286 Cum
1465 2209 1511 2284 nd
1634 2253 1637 2255 ·
1747 2210 1750 2215 ’

292 2332 454 2397 nostrum
476 2324 651 2401 iudicium
673 2324 868 2423 Lupicinus
889 2333 1124 2422 provocasset,
1145 2323 1312 2398 inmerito
1329 2348 1411 2398 eum
1430 2345 1513 2421 pen·
1642 2411 1645 2417 ,

291 2435 396 2511 deute
420 2438 563 2533 negotio
586 2436 871 2512 ncommuuioue
889 2436 1052 2511 ridemus
1068 2462 1145 2511 esse
1167 2461 1391 2534 suspensum.
1418 2438 1511 2525 Quia
1608 2437 1609 2441 ’

291 2550 460 2625 universe
478 2549 695 2624 vicedomini
714 2549 966 2625 misericordie
982 2560 1018 2624 et
1040 2550 1184 2638 veritas,
1202 2551 1368 2644 cogimur
1392 2550 1438 2625 ad
1460 2574 1513 2624 se·

292 2662 371 2737 dem
397 2663 595 2738 secuudum
626 2662 825 2760 apostolice
850 2662 1029 2758 pietatem,
1054 2661 1104 2736 ita
1125 2671 1283 2737 nostram
1313 2672 1516 2760 temperare

291 2776 504 2850 seutentiam
523 2786 564 2851 ut
581 2775 783 2850 utrutiuato
801 2774 951 2871 pondere
968 2774 1192 2863 delictorum,
1209 2774 1301 2871 quod
1319 2785 1458 2850 constat
1474 2799 1515 2846 u-

292 2891 374 2964 nius
387 2915 463 2965 esse
482 2915 667 2976 meusuree,
680 2889 841 2986 quaedam
859 2887 1072 2964 definiamus
1085 2886 1279 2975 toleranda,
1293 2886 1443 2984 quedam
1457 2911 1515 2985 pe-
1563 2883 1565 2885 ’

291 3003 391 3077 uitus
407 3002 633 3102 amputanda.
649 3001 861 3076 inferiorum
878 3000 1041 3074 ordinum
1060 2999 1173 3098 culpo
1190 2999 1235 3104 ad
1256 2998 1374 3073 nullos
1392 3001 1511 3094 magis

293 3116 475 3191 referende
497 3124 593 3204 sunt,
610 3138 717 3212 quarn
735 3114 779 3187 ad
795 3112 932 3188 desides
952 3112 1190 3208 neglegentes
1214 3112 1382 3187 doctores.
1400 3112 1513 3208 Hyla·

294 3230 378 3304 rius.
388 3230 486 3316 Quod
495 3229 576 3326 quis
589 3227 767 3305 commisit
780 3227 991 3314 illicite,eut
1003 3251 1025 3298 a
1039 3225 1219 3299 decessore
1233 3224 1513 3298 invenitadmis·

292 3368 384 3428 sum,
397 3342 427 3415 si
442 3341 622 3438 proprium
637 3341 715 3415 vult
731 3339 848 3413 vitare
865 3337 1077 3435 periculum,
1089 3336 1281 3410 damnabit.
1292 3336 1513 3433 Simplicius.

293 3453 525 3550 Priviligium
548 3463 705 3528 meretur
726 3452 903 3538 emittere,
920 3450 982 3548 qui
1000 3451 1172 3550 permissa
1189 3450 1258 3524 sibi
1277 3449 1438 3524 abutitur
1457 3473 1514 3547 po·

292 3574 430 3640 testate.
447 3564 613 3641 Gelasius
630 3566 667 3638 iu
686 3573 836 3660 regesto.
855 3564 1032 3639 Convenit
1051 3573 1090 3638 ut
1114 3563 1153 3637 iu
1177 3562 1248 3638 alio
1273 3563 1392 3660 aliquo
1409 3585 1515 3659 coge·

293 3688 353 3751 tur
371 3679 537 3778 inpactus
554 3678 585 3751 is
602 3678 663 3775 qui
681 3688 804 3775 sponte
829 3678 946 3752 facere
970 3700 1050 3773 qum
1074 3683 1161 3749 sunt
1177 3684 1275 3750 recto
1296 3684 1516 3773 contempse-

294 3790 351 3865 rit.
377 3791 526 3866 Constat
549 3814 631 3864 eum
657 3789 718 3886 qui
735 3789 912 3864 celestem
933 3789 1085 3864 militem
1110 3788 1240 3887 pulset,
1256 3810 1327 3864 uon
1344 3787 1415 3862 nisi
1435 3788 1513 3864 eius

293 3903 410 3976 forum
423 3903 548 3977 debere
561 3901 701 3977 sectari.
719 3902 916 3997 Gregorius
933 3902 1081 3977 Iohanni
1096 3902 1257 3976 Larisseo
1274 3901 1446 3999 episcopo,
1459 3925 1516 3976 ce·

295 4016 368 4112 pite
378 4018 505 4091 XLVI.
515 4015 584 4101 Qui
594 4015 707 4088 sacris
717 4015 831 4089 nescit
839 4014 978 4089 obedire
992 4014 1198 4101 canonibus,
1206 4037 1273 4087 nec
1282 4013 1395 4087 sacris
1404 4012 1516 4086 aduri·

297 4130 463 4215 nistrare,
473 4127 532 4202 vol
541 4128 787 4202 comunionem
796 4151 923 4223 capere
936 4129 983 4201 sit
996 4127 1130 4223 diguus
1139 4125 1323 4201 altaribus.
1332 4128 1515 4201 LXXVII.

296 4244 348 4315 De
365 4242 591 4316 accusatione
608 4241 760 4337 episcopi
781 4237 1048 4313 Corinthiorum
1062 4238 1156 4312 clam
1170 4248 1296 4334 pacata
1313 4261 1398 4311 cum
1415 4235 1518 4310 cleri·

295 4353 348 4426 cis
364 4378 405 4427 ea
423 4377 502 4450 quae
518 4362 604 4427 sunt
620 4352 716 4426 dicta
733 4351 933 4425 indiscusse
960 4375 1103 4426 manere
1125 4373 1195 4425 uon
1212 4349 1369 4447 petimur
1386 4373 1431 4423 ne
1450 4349 1518 4423 for·

295 4474 389 4540 tasse
407 4463 533 4539 horum
551 4466 600 4538 sit
623 4472 807 4560 corpereta
832 4463 1028 4537 concordia.
1045 4462 1146 4550 Quod
1170 4462 1201 4538 si
1226 4461 1318 4559 quod
1335 4462 1429 4536 absit
1445 4482 1516 4534 non
