3608 5498
806 439 841 449 -
867 406 933 468 ma
959 440 999 456 .-

849 559 954 642 ovll.

491 735 573 788 Item
591 747 633 789 ex
652 736 681 787 11
700 733 782 788 llbro
800 734 924 798 regesti
942 735 1089 788 eiusdem
1108 749 1180 803 cap.
1200 738 1312 789 XLIII.

390 870 586 965 Gregorius
603 868 809 967 Episcopus,
826 869 976 944 Rodulso
1000 871 1093 947 Duci
1118 870 1260 949 Sveinae
1285 881 1322 947 et
1346 872 1508 946 Bertulfo

294 982 385 1059 Duci
399 983 602 1058 carentano
619 982 713 1057 inter
726 991 855 1057 cetera.
865 983 957 1058 Cum
975 983 1091 1080 igitur
1103 985 1294 1085 Episcopos
1308 972 1509 1084 Apostolica

292 1096 402 1171 immo
419 1095 575 1194 Spiritus
591 1095 708 1171 sancti
726 1096 893 1170 mandata
911 1107 1130 1194 spernentes,
1146 1108 1183 1174 et
1199 1097 1334 1173 scelera
1352 1097 1508 1172 subdito·

294 1236 372 1284 rum
391 1209 583 1284 criminosa
601 1210 763 1284 faventes
783 1209 965 1307 patientia,
982 1219 1018 1285 et
1042 1210 1164 1284 divina
1183 1211 1343 1287 misteria
1359 1209 1508 1307 indigne

291 1321 440 1398 tractari
458 1321 707 1419 conspicimus,
722 1321 842 1420 aliquo
867 1320 1023 1422 quolibet
1040 1325 1220 1399 medones
1237 1335 1360 1399 contra
1377 1323 1440 1397 hos
1458 1324 1510 1405 vi·

291 1435 407 1532 gilare
420 1435 599 1524 convenit,
608 1433 738 1532 quibus
750 1461 876 1513 curam
888 1437 1065 1512 Dominici
1079 1437 1206 1534 gregis
1220 1461 1292 1535 prae
1304 1437 1446 1512 cunctis
1455 1437 1509 1510 in·

293 1548 440 1625 oumbit.
457 1548 572 1623 Multo
588 1548 684 1623 enim
702 1548 801 1623 uobis
820 1549 951 1624 melius
968 1550 1109 1625 ridetur
1126 1549 1302 1625 iustitiam
1321 1550 1385 1624 Dei
1404 1550 1507 1625 novis

291 1661 481 1737 hedificare
506 1656 676 1752 consiliis,
693 1686 800 1761 quam
826 1661 966 1737 animas
983 1662 1169 1737 hominum
1186 1663 1330 1760 legibus
1346 1663 1507 1761 deperire

290 1775 475 1871 neglectis.
488 1778 708 1874 Quapropter
724 1776 769 1850 ad
785 1798 859 1866 vos,
874 1786 911 1852 et
927 1778 971 1852 ad
987 1802 1110 1853 omnes
1126 1778 1168 1853 de
1186 1800 1335 1877 quorum
1354 1777 1509 1852 devotio·

289 1914 335 1963 ne
360 1889 582 1977 confidimus,
598 1890 842 1964 convertimur
862 1891 1061 1988 Apostolico
1083 1891 1297 1967 auctoritate
1314 1901 1508 1980 monentes,

289 2013 330 2075 ut
346 2001 516 2100 quiequid
533 2001 697 2100 Episcopi
715 2002 845 2078 dehine
871 2011 1023 2094 taceant,
1041 2003 1100 2080 vel
1126 2003 1329 2102 loquantur,
1346 2025 1409 2076 vos
1435 2003 1508 2076 offi-

289 2115 386 2190 cium
405 2115 679 2189 simoniacorum
693 2115 778 2190 etin
792 2115 1025 2194 fornicatione
1042 2117 1237 2193 iacentium
1256 2116 1410 2192 scienter
1427 2115 1508 2189 nul-

289 2229 426 2305 lomodo
443 2229 634 2327 recipiatis,
647 2239 683 2303 et
699 2239 874 2327 quantum
893 2230 1050 2328 potestis,
1066 2230 1158 2306 tales
1174 2230 1309 2306 sanetis
1323 2229 1507 2327 mysteriis

290 2343 397 2418 etiam
428 2344 466 2416 vi
496 2344 528 2416 si
556 2344 751 2443 oportuerit
779 2343 1003 2443 prohibeatis.
1021 2345 1060 2416 Si
1085 2344 1147 2441 qui
1176 2366 1260 2416 vero
1292 2351 1415 2418 contra
1443 2366 1507 2416 vos

288 2457 389 2554 quasi
412 2456 508 2531 istud
533 2480 603 2531 non
628 2457 676 2530 sit
700 2457 811 2532 vestri
837 2458 942 2532 officii
968 2456 1108 2553 garrire
1132 2456 1316 2554 incipient,
1333 2455 1439 2531 dicite
1464 2466 1507 2531 ut

288 2580 445 2644 vestram
458 2580 495 2645 et
511 2569 629 2669 populi
647 2569 802 2646 salutem
819 2594 889 2645 nou
907 2570 1151 2665 impedientes,
1163 2569 1206 2645 de
1223 2570 1387 2645 iniuncta
1404 2570 1505 2645 vobis

288 2683 486 2758 obedientia
502 2685 547 2759 ad
564 2707 628 2759 uos
645 2683 829 2759 vobiscum
847 2683 1063 2784 disputaturi
1080 2682 1305 2759 conveniant.

836 2890 960 2975 ovlss.

472 3093 655 3160 Hystdorus
674 3096 706 3146 ln
724 3095 770 3147 111
788 3094 871 3147 libro
890 3093 1123 3146 sententiarum
1142 3103 1215 3157 cap.
1235 3093 1334 3144 mur.

381 3255 566 3354 Principes
582 3257 692 3331 huius
709 3255 833 3331 sacculi
851 3278 1107 3353 nonnunquam
1122 3254 1216 3328 inter
1230 3253 1428 3330 aecclesiam
1445 3280 1504 3354 po·

290 3369 430 3445 testatis
446 3372 581 3469 adeptor
599 3370 758 3446 culmina
776 3378 911 3457 tenent,
928 3377 970 3442 ut
986 3392 1048 3467 per
1064 3367 1212 3441 eandem
1231 3375 1437 3464 potestatem
1456 3368 1507 3441 di-

288 3484 478 3583 sciplinam
497 3483 777 3560 ecclesiasticam
797 3481 972 3555 muniant.
990 3481 1158 3557 Ceterum
1176 3479 1214 3553 in
1233 3479 1431 3556 aeclesiam
1449 3504 1507 3579 po·

289 3607 436 3673 testates
452 3598 661 3673 necessarior
677 3619 747 3670 non
769 3604 899 3685 essent,
916 3595 986 3670 nisi
1013 3606 1053 3669 ut
1070 3595 1161 3693 quod
1179 3618 1248 3670 nou
1267 3595 1436 3694 praevalet
1452 3621 1507 3670 sa·

288 3711 410 3786 oerdos
427 3712 566 3786 efficere
584 3736 647 3811 per
671 3709 841 3784 doctrinm
865 3730 1076 3798 sermonem,
1092 3716 1247 3804 potestas
1270 3706 1338 3782 hoo
1354 3706 1507 3807 imperet

289 3848 350 3921 per
366 3823 563 3922 disciplima
587 3832 767 3898 terrorem.
785 3825 874 3920 Seps
899 3846 962 3921 per
987 3845 1140 3918 regnum
1158 3830 1343 3896 terrenum
1360 3821 1505 3897 eoeleste

289 3937 474 4037 proficitur
491 3961 657 4033 regnum,
671 3945 711 4011 ut
729 3937 790 4034 qui
809 3937 904 4010 intra
922 3934 1122 4011 aeclesiam
1141 3934 1244 4034 positi
1263 3943 1387 4011 contra
1401 3935 1505 4010 fidem

288 4050 558 4148 etdisciplinam
572 4048 742 4125 aecclesiae
754 4049 844 4145 agit,
853 4048 973 4145 rigore
985 4047 1188 4145 principum
1198 4044 1505 4143 constringantur.

288 4167 476 4264 ipsamque
500 4162 725 4260 disciplinam
751 4186 859 4261 quarn
885 4160 1055 4236 aecolesiae
1079 4159 1220 4235 utilitas
1244 4183 1409 4235 exercere
1434 4183 1505 4235 non

288 4275 470 4375 prsevalet,
482 4275 685 4352 cervicibus
698 4275 931 4374 superborum
945 4283 1099 4370 potestas
1112 4273 1321 4372 principalis
1334 4273 1505 4371 imponat,

289 4401 325 4465 et
337 4402 378 4465 ut
390 4390 656 4472 venerationem
674 4398 865 4478 mereatur,
881 4387 1020 4463 virtute
1036 4388 1222 4485 potestatis
1239 4388 1429 4486 impertiat.
1442 4389 1507 4465 Oo-

288 4513 510 4601 gnoseantur
526 4503 708 4606 principes
731 4501 855 4578 saeeuli
873 4505 946 4578 Deo
969 4501 1095 4578 dobere
1116 4527 1153 4579 sc
1171 4502 1346 4578 rationem
1364 4512 1505 4602 propter
