3608 5498
936 398 1132 462 -212-

422 539 565 590 servare
582 539 624 590 ac
642 515 814 591 venerari.
832 516 870 590 Si
896 541 967 616 qua
993 541 1076 592 vero
1100 527 1324 593 emerserunt
1349 525 1473 592 contra
1498 516 1642 591 canoni-

422 655 500 705 cam
519 629 756 727 disciplinam,
774 630 928 706 filiorum
948 655 1107 707 meorum
1126 631 1274 707 consilio
1290 631 1490 719 emendare,
1507 640 1570 703 aut
1583 654 1642 727 pa·

420 742 550 818 tienter
567 753 713 841 excepta
733 743 825 833 fidei,
842 754 906 818 aut
924 744 1137 821 Christianae
1156 745 1339 842 religionis
1361 745 1466 842 gravi
1483 744 1643 820 offensio

421 868 592 947 ne,tuaet
604 857 801 931 beatissimi
816 858 1014 956 coapostoli
1027 861 1081 936 tui
1096 859 1201 935 Pauli
1215 860 1461 958 patrocinante
1475 853 1643 934 interc‘es·

421 970 519 1045 sione
532 971 694 1060 tolerare,
708 995 898 1070 sacrosque
911 996 1064 1049 canones
1077 984 1113 1050 et
1126 974 1297 1050 canonica
1311 972 1506 1050 constituta
1525 973 1643 1046 Ponti·

421 1085 541 1175 ficum,
553 1095 595 1161 ut
607 1086 730 1160 divina
742 1096 779 1162 et
791 1086 947 1162 caelestia
965 1086 1143 1177 mandata,
1153 1089 1226 1163 Deo
1243 1085 1453 1177 auxiliante,
1465 1085 1641 1161 custodire

422 1209 464 1274 nt
481 1211 561 1297 pote
578 1202 652 1276 Deo
668 1211 704 1276 ot
721 1200 788 1277 tibi
802 1200 1024 1276 redditurum
1040 1225 1096 1275 me
1111 1200 1228 1275 sciens
1241 1202 1283 1275 de
1296 1199 1463 1275 omnibns
1475 1224 1555 1297 qnae
1567 1223 1643 1296 pro

423 1312 523 1387 fitoor
539 1313 741 1388 districtam
755 1315 793 1388 in
807 1313 929 1390 divino
941 1313 1073 1389 iudicio
1086 1313 1271 1402 rationem,
1284 1314 1389 1389 cuius
1406 1312 1642 1386 sanctissimae

420 1425 495 1499 sedi
513 1425 635 1499 divina
653 1426 860 1523 dignatione
878 1436 914 1502 te
931 1427 1175 1524 patrocinante
1194 1427 1373 1527 praesideo,
1390 1435 1426 1501 et
1447 1425 1564 1500 vicem
1589 1426 1643 1497 in-

420 1539 698 1614 tercessionibus
716 1540 790 1614 tuis
806 1539 990 1636 adimpleo.
1008 1542 1088 1613 Eris
1105 1552 1226 1616 autem
1246 1540 1334 1614 mihi
1352 1541 1389 1613 in
1407 1538 1470 1612 illa
1490 1537 1640 1613 terribili

417 1650 533 1724 divini
548 1651 670 1726 iudicii
685 1653 741 1727 die
755 1653 927 1750 propitius
940 1651 1017 1727 haec
1031 1654 1186 1742 conanti,
1200 1664 1236 1727 et
1249 1653 1443 1748 diligenter
1457 1661 1641 1726 servanter

420 1764 577 1838 curanti.
598 1764 826 1839 Adiutorium
845 1788 982 1862 quoque
1000 1774 1042 1839 ut
1059 1765 1215 1863 praebeas
1231 1766 1375 1842 obsecro
1392 1766 1429 1839 in
1442 1765 1511 1840 hac
1524 1787 1643 1840 corru-

419 1875 536 1974 ptibili
555 1877 630 1951 vita
648 1878 854 1966 constituto,
874 1889 916 1952 ut
929 1878 1253 1976 irreprehensibilis
1265 1904 1452 1976 appaream
1466 1888 1549 1952 ante
1562 1900 1644 1952 con·

419 2002 581 2089 spectum
600 1991 730 2067 iudicis
745 1991 903 2066 omnium
920 1991 1061 2066 Domini
1075 1991 1186 2065 nostri
1200 1991 1307 2067 lhesu
1322 1990 1457 2066 Christi
1471 1990 1556 2063 dum
1574 1999 1642 2062 ter·

419 2102 572 2180 ribiliter
589 2106 631 2180 de
649 2103 850 2180 commissis
867 2104 1054 2179 advenerit
1079 2104 1248 2192 iudicare,
1274 2116 1315 2179 ut
1340 2104 1403 2177 fiat
1428 2126 1484 2177 me
1508 2103 1641 2176 dextrae

420 2217 534 2313 partis
547 2217 767 2315 participem,
780 2227 817 2293 et
829 2217 925 2292 inter
938 2216 1058 2292 fideles
1071 2216 1263 2314 discipulos
1275 2242 1318 2292 ac
1330 2238 1553 2291 successores
1561 2223 1642 2286 tuos

419 2353 495 2404 esse
513 2341 722 2405 consortem.
741 2333 843 2405 Hanc
860 2339 980 2405 autem
999 2331 1252 2428 professionem
1268 2355 1381 2405 meam
1396 2353 1459 2426 per
1472 2326 1522 2400 ill.
1535 2330 1642 2400 Nota-

420 2442 514 2516 rium
532 2451 567 2518 et
588 2444 811 2518 Scrinarium
830 2447 865 2517 S.
891 2448 930 2519 R.
956 2443 1139 2530 Ecclesioe,
1157 2468 1213 2517 me
1230 2443 1373 2516 iubente
1392 2438 1640 2536 conscriptam,

417 2556 557 2653 propria
574 2580 682 2630 manu
701 2557 907 2655 conscripsi,
924 2567 960 2632 et
977 2556 1041 2632 tibi
1059 2557 1160 2631 beate
1180 2555 1344 2654 Apostole
1366 2558 1471 2630 Petra
1496 2563 1532 2628 et
1549 2558 1639 2649 Apo-

417 2669 588 2744 stolorum
606 2669 766 2744 omnium
786 2669 964 2768 princepe,
980 2678 1201 2767 puramente
1219 2677 1255 2742 et
1268 2668 1393 2742 devota
1411 2664 1640 2754 conscientia,

416 2805 523 2879 snper
537 2791 702 2857 sanctum
720 2806 848 2880 corpus
865 2793 901 2858 et
917 2782 1032 2857 altare
1045 2791 1149 2856 tuum
1167 2781 1357 2857 sinceriter
1373 2780 1490 2855 offere.
1505 2782 1639 2853 Actum

418 2895 527 2968 Rome
545 2917 649 2984 anno,
667 2919 800 2982 mense,
817 2894 885 2986 die,
902 2905 937 2971 et
954 2895 1158 2985 indictione,
1176 2894 1306 2995 quibus
1322 2918 1440 2991 snpra.

907 3106 1148 3191 LXXXXllll.

593 3309 640 3358 Ex
661 3306 777 3360 eodem
797 3310 906 3360 cautio
924 3309 1079 3374 Episcopi
1096 3309 1172 3360 ante
1191 3305 1465 3360 consecrationem

790 3408 825 3458 et
843 3407 914 3460 eins
933 3407 990 3472 qut
1007 3406 1143 3472 pallium
1161 3406 1255 3472 petit.

512 3579 553 3648 lu
571 3574 713 3649 nomine
732 3577 866 3648 Dorum
880 3576 946 3649 Dei
962 3583 998 3650 et
1015 3575 1213 3650 Salvatoris
1233 3574 1346 3648 nostri
1364 3571 1472 3647 Ihesu
1490 3572 1638 3660 Christi,

415 3712 510 3763 anno
526 3688 784 3762 incarnationis
795 3689 874 3762 eius
886 3686 938 3762 111.
951 3713 1071 3763 mense
1085 3687 1136 3762 ill.
1149 3688 1205 3762 die
1218 3686 1268 3760 ill.
1281 3686 1474 3760 indictione
1487 3685 1538 3759 ill.
1557 3688 1639 3758 Pro

417 3803 519 3877 mitto
536 3824 604 3897 ego
621 3800 672 3876 ill.
686 3802 882 3900 Episcopus
903 3813 1027 3879 sancte
1044 3800 1205 3876 aecclesie
1223 3799 1274 3873 ill.
1291 3798 1390 3873 vobis
1409 3801 1543 3871 Domno
1562 3820 1638 3872 meo

415 3915 481 3990 tibi
498 3914 703 3989 beatissimo
720 3914 771 3988 ill.
789 3917 937 3989 Summo
954 3914 1119 3990 Pontifici
1138 3926 1174 3989 et
1190 3911 1387 3988 universali
1402 3914 1516 4008 Papae,
1528 3921 1565 3985 et
1577 3933 1639 4007 per

415 4051 479 4103 vos
495 4028 610 4102 beatis
627 4027 805 4125 Apostolis
823 4031 928 4102 Petro
944 4037 981 4102 et
998 4027 1110 4101 Paulo
1127 4036 1164 4101 et
1180 4035 1314 4101 sanctae
1331 4022 1525 4099 Catholicae
1547 4027 1638 4120 Apo

415 4139 550 4215 stolicae
567 4139 739 4215 Ecclesia
756 4143 924 4214 Romanae
949 4140 1074 4214 devota
1100 4139 1232 4213 mentis
1257 4137 1465 4232 integritate
1490 4143 1527 4209 et
1547 4158 1637 4234 pura

418 4253 649 4342 conscientia,
663 4253 762 4327 illam
778 4253 882 4327 fidem
896 4260 932 4325 et
949 4250 1160 4346 religionem
1177 4273 1316 4346 semper
1334 4259 1453 4323 tenere
1466 4256 1502 4321 et
1514 4245 1638 4343 praedi-

416 4374 622 4463 careatque
639 4365 825 4441 defendere
842 4388 950 4463 quam
968 4361 1013 4436 ab
1032 4359 1210 4458 Apostolis
1223 4360 1390 4434 traditam
1404 4358 1588 4446 habemns,
1600 4365 1637 4432 et

416 4476 462 4549 ab
477 4499 600 4550 eornm
619 4475 885 4551 suecessoribus
900 4475 1125 4550 custoditam.
1143 4477 1275 4550 Sancta
1300 4496 1438 4570 quoque
1464 4475 1533 4545 Vll
1558 4470 1638 4544 uni-
