3608 5498
797 364 993 428 -470-

288 488 403 584 regali
421 486 567 583 fastigio
584 486 760 585 patienter
776 484 948 585 impleuit.
966 483 1103 572 Quibus
1121 483 1285 558 omnibus
1310 481 1401 555 illud
1426 505 1518 580 quo-

286 624 354 700 que
373 599 583 673 mirabiliter
599 599 740 686 abiecit,
757 597 856 694 leges
873 597 992 672 sanxit
1009 597 1046 668 in
1065 604 1255 693 posterum,
1268 603 1309 668 ut
1322 596 1518 669 sententiae

285 712 488 811 principum
505 734 611 807 super
627 710 934 785 animadversione
951 709 1105 807 prolatae,
1121 709 1160 781 in
1177 708 1269 782 diem
1284 706 1515 782 tricesimum

286 825 330 900 ab
347 822 594 900 executoribus
610 821 829 910 differentur,
847 847 915 920 quo
932 823 1031 897 locus
1048 821 1311 910 misericordiae,
1327 819 1385 896 vel
1403 821 1434 894 si
1455 845 1519 895 res

287 938 430 1014 tulisset
446 935 651 1036 penitentiae
668 958 737 1008 non
755 935 896 1032 periret.

825 1159 975 1243 CXLIII.

290 1363 340 1413 Ex
361 1361 514 1415 chronice
531 1361 671 1414 Victoris
690 1362 847 1426 Episcopi
865 1362 1022 1414 Tunnesis
1040 1359 1146 1413 Africo
1165 1371 1262 1425 quem
1282 1359 1431 1412 subiesse
1452 1361 1518 1426 (stc)

736 1457 885 1532 chronice
903 1458 1065 1521 Prospere.

385 1619 497 1693 Greeo
515 1620 560 1692 V.
577 1617 617 1692 C.
634 1616 798 1692 Consule.
816 1617 1030 1691 Anastasius
1046 1618 1236 1714 imperator
1261 1616 1517 1691 Constantino·

288 1730 359 1831 poli
378 1729 555 1828 synodum
568 1738 779 1826 congregat,
791 1741 827 1805 et
840 1729 1018 1804 Theodoro
1035 1732 1294 1825 Mopsuesten0,
1307 1737 1342 1802 et
1357 1727 1518 1803 Theodo-

289 1854 364 1919 reto
381 1842 505 1941 Cypri,
522 1852 559 1917 et
575 1843 691 1939 Hybae
708 1843 885 1917 Edesseno
902 1842 1096 1940 Episcopis,
1113 1851 1149 1915 et
1165 1842 1272 1916 Leoni
1290 1843 1448 1914 Romano
1464 1844 1517 1914 E·

288 1956 429 2055 piscopc
445 1965 481 2030 et
497 1954 575 2029 eius
592 1954 711 2029 thome
727 1961 834 2053 atque
851 1954 1144 2030 Chancedonensi
1161 1954 1307 2052 synodo,
1325 1953 1457 2028 inferre
1474 1978 1518 2026 a·

288 2067 457 2143 nathema
475 2067 660 2165 persuasit.
678 2071 725 2141 Et
742 2067 847 2141 infra.
865 2067 1019 2142 Messala
1037 2071 1081 2143 V.
1099 2069 1139 2144 C.
1157 2066 1311 2143 Consule
1337 2068 1517 2142 Constan-

288 2179 436 2278 tinopoli
456 2179 601 2254 iubente
623 2179 813 2254 Anastasio
833 2181 1043 2277 imperatore
1061 2191 1185 2255 sancta
1203 2180 1403 2276 Evangelia
1420 2190 1515 2254 tam·

289 2318 397 2392 quam
414 2293 458 2367 ab
474 2291 593 2366 idiotis
610 2291 857 2388 Evangelistis
873 2293 1065 2390 composita
1079 2294 1386 2391 reprehenduntur
1401 2303 1516 2390 atque

290 2404 536 2480 emendantur.
550 2407 597 2478 Et
609 2403 713 2478 infra.
731 2404 852 2479 Boetio
865 2407 909 2479 V.
924 2406 963 2481 C.
980 2406 1145 2481 Consule.
1163 2406 1369 2480 Vitalianus
1393 2428 1516 2481 eomes

290 2516 475 2593 Patricioli
493 2517 601 2605 filius,
619 2518 701 2592 fidei
719 2517 902 2594 Catholice
919 2517 1198 2607 subversionem,
1210 2527 1246 2592 et
1262 2517 1386 2615 synodi
1405 2516 1519 2594 Chal·

290 2630 496 2706 cedonensis
509 2629 781 2720 damnationem,
795 2631 1078 2729 remotionesque
1091 2631 1360 2706 orthodoxorum
1378 2631 1517 2728 episco-

289 2766 426 2840 porum,
450 2751 557 2840 atque
582 2742 826 2818 successiones
843 2744 1083 2819 hereticorum
1100 2767 1329 2840 cognoscens,
1345 2745 1512 2820 virorum

289 2854 437 2930 fortium
455 2854 610 2927 validam
637 2881 783 2929 manum
808 2868 1019 2953 congregat,
1036 2868 1072 2933 et
1088 2858 1292 2957 imperatori
1318 2860 1515 2935 Anastasio

290 2967 449 3045 rebellat.
466 2967 586 3042 Felice
604 2972 648 3043 V.
662 2970 700 3045 C.
715 2968 868 3044 Consule
885 2970 1091 3045 Vitalianus
1108 2994 1224 3046 comes
1237 2972 1433 3070 Ypathium
1447 2998 1515 3048 ne·

290 3092 405 3179 potem
423 3080 636 3154 Anastasius
654 3081 825 3178 principis
843 3083 1060 3178 Magistrum
1087 3087 1253 3158 Romanae
1279 3085 1405 3160 militie
1427 3108 1516 3159 eon·

290 3193 474 3290 gressione
487 3193 583 3267 sacta
596 3197 660 3267 XL
673 3204 709 3268 et
726 3199 759 3265 V
774 3195 932 3269 virorum
946 3221 990 3270 ex
1003 3220 1147 3271 romana
1161 3198 1289 3272 militia
1304 3201 1514 3296 peremptis

290 3306 417 3378 vivum
435 3306 542 3403 capit,
559 3317 595 3380 et
611 3305 769 3381 vinculis
786 3310 888 3382 aereis
905 3309 1070 3383 vinctum
1085 3311 1121 3383 in
1136 3311 1295 3385 custodia
1309 3335 1428 3386 ceveae
1441 3310 1515 3387 fer·

289 3443 348 3494 rec
364 3418 487 3493 trudit.
505 3422 552 3492 Et
568 3419 672 3492 infra.
691 3422 860 3495 Senatore
878 3425 923 3495 V.
941 3423 981 3497 C.
995 3422 1149 3498 Consule
1167 3422 1375 3497 Vitalianus
1388 3446 1513 3500 comes

291 3556 375 3608 cum
397 3557 506 3606 manu
528 3530 647 3606 valida
668 3532 897 3607 barbarorum
924 3536 1264 3635 Constantinopolim
1289 3537 1450 3628 veniens,
1472 3538 1515 3613 in

290 3647 438 3720 Sostene
452 3644 553 3720 sedit.
566 3647 667 3731 Quod
680 3668 750 3720 non
763 3646 868 3721 aliter
882 3649 1081 3746 postulatus
1094 3673 1216 3746 pacem
1230 3649 1421 3723 Anastasio
1432 3673 1515 3747 per·

288 3757 401 3832 mittit
417 3758 488 3831 nisi
510 3758 609 3855 prius
633 3759 833 3834 defensores
858 3761 985 3858 synodi
1011 3760 1312 3836 Chalcedonensis
1338 3761 1514 3857 religatos

287 3868 394 3943 exilio
422 3868 566 3944 sedibus
590 3870 741 3968 propriis
766 3870 898 3961 reddat,
923 3885 959 3946 et
983 3875 1149 3947 Romnum
1173 3872 1333 3949 ecclesie
1357 3883 1514 3952 cunctas

290 3980 450 4056 Orientis
467 3980 648 4057 ecclesias.
661 3986 707 4057 Et
724 3982 827 4058 infra.
842 3987 997 4082 Agapito
1014 3985 1169 4060 secundo
1186 3994 1221 4060 et
1235 3989 1368 4080 Magno
1385 3986 1514 4064 Conse

290 4094 508 4169 Anastasius
525 4096 715 4193 imperator
732 4097 828 4171 intra
845 4098 1019 4196 palatium
1043 4123 1150 4172 suum
1175 4098 1413 4172 tonitruorum
1439 4107 1516 4175 ter·

291 4226 369 4279 rore
388 4205 548 4300 fugatus,
565 4216 600 4282 et
621 4209 905 4283 coruscationum
925 4209 1042 4283 iaculo
1067 4234 1268 4306 percussus,
1285 4210 1322 4282 in
1343 4209 1515 4287 cubiculo

292 4338 362 4413 quo
378 4316 572 4392 absconsus
588 4319 707 4394 fuerat
725 4321 886 4410 moritur,
903 4332 939 4396 et
959 4346 1042 4395 curn
1062 4323 1263 4418 ignominia
1280 4322 1414 4419 absque
1430 4347 1518 4398 con·

290 4428 403 4506 suetis
420 4432 580 4529 exequiis
601 4443 723 4508 actum
743 4433 844 4508 illum
865 4435 1021 4512 ducitur.
