3608 5498
836 419 875 434 ..
901 385 943 450 52
969 419 1009 434 .-

306 506 369 597 ri0,
385 505 564 591 Theodoro
580 506 698 595 locum
716 518 882 581 servante
908 516 1040 582 sanctae
1064 505 1158 580 sedis
1175 504 1471 593 lerosolimorum,
1494 514 1531 580 et

306 619 462 694 Iohanne
484 620 655 718 Episcopo
679 620 837 695 civitatis
862 619 1081 709 Portuensis,
1106 628 1143 694 et
1166 618 1332 693 Abundio
1358 618 1531 717 Episcopo

304 733 465 810 civitatis
482 734 722 823 Patrenensis,
740 745 776 810 et
792 735 947 809 Iohanne
972 733 1142 831 Episcopo
1166 731 1328 808 civitatis
1352 731 1530 828 Regitane

303 846 421 924 locum
438 848 777 946 repraesentantibus
793 846 1012 923 venerabilis
1035 846 1198 936 Concilii,
1222 846 1316 944 quod
1340 845 1439 922 circa
1463 849 1530 921 Ro

305 985 400 1034 mam
423 970 478 1036 est
500 961 648 1038 CXXV.
670 960 928 1036 venerabilium
955 960 1220 1059 Episcoporum,
1243 960 1305 1058 qui
1331 959 1439 1034 etiarn
1465 983 1529 1058 per

305 1076 463 1173 proprias
485 1074 765 1173 subscriptiones
782 1075 1022 1167 declarantur,
1039 1075 1077 1148 in
1094 1074 1329 1171 suggestione
1346 1074 1392 1148 ab
1408 1073 1459 1149 eis
1476 1074 1529 1148 la·

303 1198 361 1264 cta
378 1190 423 1263 ad
440 1188 639 1287 piissimum
658 1189 861 1288 Principem
880 1189 1167 1277 Constantinum,
1184 1198 1221 1264 et
1237 1198 1367 1277 cetera,
1391 1197 1428 1263 et
1448 1199 1528 1285 post

302 1302 447 1376 nomina
464 1301 716 1400 Episcoporurn
735 1302 908 1399 sequitur.
926 1308 972 1378 Et
989 1302 1144 1398 Georgio
1163 1302 1375 1401 Presbytero
1392 1311 1429 1376 et
1454 1304 1527 1376 Mo

302 1414 417 1491 nacho
434 1415 638 1491 monasterii
657 1416 772 1491 renati
789 1415 893 1513 positi
910 1416 947 1490 in
965 1416 1114 1512 antiqua
1133 1419 1254 1505 Roma,
1270 1424 1306 1490 et
1322 1416 1464 1491 Conone
1489 1424 1526 1492 et

302 1528 492 1627 Stephano,
517 1528 738 1627 presbyteris
763 1539 798 1603 et
825 1528 1009 1605 monachis
1034 1528 1239 1603 monasterii
1257 1528 1350 1625 quod
1374 1538 1526 1604 vocatur

302 1642 430 1718 domus
446 1643 587 1731 arsicia,
604 1643 714 1741 positi.
725 1644 891 1718 similiter
907 1644 946 1717 in
962 1643 1111 1740 antiqua
1129 1645 1249 1717 Roma.
1266 1644 1357 1717 Item
1375 1643 1413 1715 in
1431 1655 1526 1718 octa-

300 1783 347 1830 va
363 1758 513 1848 actione,
537 1758 746 1834 Macharius
770 1756 984 1833 venerabilis
1010 1755 1309 1854 Archiepiscopus
1335 1755 1525 1833 Antiochia

299 1869 399 1944 dixit.
415 1874 496 1945 Non
514 1871 592 1946 dico
609 1872 697 1946 duas
715 1871 919 1946 voluntates
936 1882 1000 1947 aut
1015 1872 1105 1945 duas
1121 1870 1343 1969 operationes
1356 1871 1395 1946 in
1409 1872 1525 1948 incar·

300 1985 455 2059 nationis
472 1985 735 2083 dispensatione
753 1984 896 2059 Domini
914 1987 1027 2060 nostri
1045 1985 1151 2061 Ihesu
1169 1985 1316 2075 Christi,
1336 1987 1397 2062 sed
1415 2011 1524 2061 unam

300 2099 520 2176 voluntatem
540 2109 576 2175 et
588 2099 653 2175 Dei
666 2099 811 2174 virilem
828 2100 1078 2197 operationem.
1095 2104 1228 2175 Sancta
1242 2101 1409 2200 Synodus
1425 2100 1524 2176 dixit.

298 2216 491 2312 Postquam
510 2238 579 2290 non
597 2215 775 2290 consentit
788 2214 988 2289 orthodoxis
1000 2214 1307 2310 suggestionibus,
1321 2214 1524 2310 Agathonis

297 2327 515 2402 sanctissimi
533 2331 637 2424 Papae
656 2329 814 2414 Romani,
839 2327 971 2424 quibus
995 2351 1118 2402 onmes
1142 2327 1394 2402 consentiendo
1417 2337 1522 2424 grate

297 2439 533 2537 suscepimus,
551 2439 781 2537 previdimus
798 2440 895 2515 hunc
912 2442 954 2515 de
971 2441 1051 2515 sede
1069 2466 1133 2514 sua
1151 2466 1301 2538 surgere
1321 2452 1358 2516 et
1383 2466 1524 2538 respon·

297 2554 389 2628 dere.
407 2557 453 2629 Et
469 2555 635 2630 surrexit.
654 2559 699 2629 Et
716 2555 821 2629 infra.
840 2557 972 2628 Sancta
986 2555 1153 2653 Synodus
1166 2554 1393 2630 exclamavit.
1411 2557 1522 2631 Here·

295 2667 408 2744 ticum
434 2692 472 2743 se
500 2669 705 2742 Macharius
733 2668 918 2744 manifeste
943 2667 1211 2743 demonstravit.
1235 2671 1335 2743 Novo
1354 2669 1522 2745 Dioscoro

296 2781 500 2857 anathema.
522 2785 647 2857 Novus
673 2782 861 2858 Dioscorus
887 2782 981 2855 foras
1003 2782 1176 2858 mittetur.
1195 2787 1296 2856 Novo
1315 2782 1521 2881 Apolinario

294 2895 406 2970 malos
422 2918 544 2982 annos,
561 2905 659 2970 certo
675 2895 855 2971 alienatur
867 2894 913 2968 ab
930 2896 1148 2993 episcopatu,
1161 2896 1317 2971 nudetur
1334 2896 1521 2971 acircum·

294 3009 406 3106 posito
423 3012 456 3085 ei
474 3009 590 3107 pallio.
608 3014 655 3085 Et
671 3009 873 3085 denudatus
890 3019 945 3107 est
963 3009 1000 3082 in
1019 3010 1133 3085 medio
1149 3019 1258 3083 stans.
1273 3013 1361 3084 Item
1379 3033 1424 3084 ex
1439 3009 1522 3084 sub-

292 3123 547 3221 scriptionibus
564 3127 681 3197 XVII.
693 3139 729 3199 et
742 3126 875 3199 XVIII.
888 3121 1049 3197 actionis.
1059 3122 1261 3198 Theodorus
1275 3121 1424 3195 hurnilis
1435 3124 1518 3196 Pre-

292 3235 417 3334 sbyter
445 3247 578 3312 sanctae
608 3240 775 3311 Romanoe
800 3235 982 3322 Ecclesioe,
1012 3235 1128 3311 locum
1159 3259 1288 3331 gerens
1317 3234 1519 3331 Agathonis

291 3358 345 3421 ter
363 3347 570 3437 beatissimi,
588 3348 806 3425 universalis
824 3353 928 3446 Papae
945 3348 1149 3447 subscripsi.
1174 3349 1352 3445 Georgius
1369 3347 1519 3423 humilis

292 3459 486 3559 Presbyter
502 3476 636 3536 sanctie
654 3465 820 3536 Romenoe
837 3461 1011 3549 ecclesioe,
1026 3472 1066 3535 ut
1080 3485 1199 3559 supra.
1212 3460 1388 3535 lohannes
1400 3459 1517 3533 humi·

291 3570 336 3645 lis
353 3573 533 3648 Diaconus
552 3577 585 3648 S.
604 3577 644 3648 R.
662 3573 843 3661 Ecclesiae,
861 3584 896 3650 et
913 3584 1043 3663 cetera,
1061 3586 1236 3673 utsupra.
1254 3573 1434 3669 Georgius
1452 3573 1518 3646 mi·

288 3683 479 3759 sericordia
496 3685 561 3758 Dei
580 3685 775 3782 Episcopus
793 3686 1147 3784 Constantinopoleos
1165 3711 1266 3762 novse
1290 3690 1409 3761 Romae
1433 3685 1518 3760 defi·

290 3797 393 3871 niens
409 3797 615 3894 subscripsi.
633 3802 761 3874 Petrus
780 3799 1022 3876 misericordia
1040 3800 1105 3876 Dei
1124 3801 1329 3898 Presbyter,
1346 3809 1382 3875 et
1393 3798 1513 3874 locum

289 3935 438 3985 servans
461 3911 661 4009 Apostolice
687 3912 780 3988 sedis
805 3913 1058 3989 Alexandrinis
1083 3938 1225 4010 magnae
1248 3913 1409 3988 civitatis
1433 3911 1515 3987 sub-
1571 3941 1574 3944 ’

287 4024 425 4121 scripsi.
443 4025 675 4124 Theophanes
687 4026 884 4124 Episcopus
897 4027 1121 4126 Theopoleos,
1134 4028 1228 4102 idem
1242 4026 1444 4102 Antiochiae
1455 4025 1513 4101 de·

196 4221 201 4241 .
287 4135 427 4226 finiens,
444 4137 650 4236 subscripsi.
668 4140 850 4236 Georgius
867 4139 1016 4215 humilis
1034 4139 1227 4238 Presbyter
1244 4141 1359 4215 locum
1379 4162 1512 4235 gerens

188 4244 198 4315 t
287 4248 458 4323 Theodori
477 4253 549 4324 Deo
561 4251 736 4340 amabilis,
749 4266 785 4327 et
799 4253 866 4328 loci
880 4253 1075 4328 servatoris
1089 4252 1300 4350 Apostolicae
1313 4250 1416 4326 Sedis
1432 4275 1513 4326 san·

179 4364 186 4429 3
286 4369 354 4437 ctae
371 4361 507 4436 Christi
522 4364 663 4436 Domini
677 4366 788 4439 nostri
804 4365 1116 4441 Hierosolimorum
1130 4365 1291 4440 civitatis
1305 4363 1511 4462 subscripsi.

286 4473 462 4552 lohannes
480 4475 722 4553 misericordia
741 4478 805 4565 Dei
825 4480 1021 4577 Episcopus
1039 4478 1379 4584 Thessalonicensis,
1395 4487 1431 4553 et
1449 4478 1512 4551 Vi-
