3608 5498
800 373 994 437 -138-

287 493 513 593 percepisset,
530 494 673 568 domum
693 517 879 590 regressus
892 495 1048 592 equestri
1062 517 1126 568 suo
1143 495 1312 594 praecepit
1328 501 1370 568 ut
1387 496 1508 569 multi·

285 607 403 681 tudini
417 607 689 706 peregrinorum
700 631 788 705 ques
801 617 884 682 ante
899 607 1045 680 ianuam
1055 607 1213 682 eiusdem
1224 606 1510 698 demusinvenit,

291 730 410 796 ternos
428 746 471 795 ex
487 721 621 796 eisdem
639 721 795 796 denariis
813 719 970 818 singulis
986 729 1188 816 erogarent.
1201 720 1364 818 Cumque
1377 720 1432 794 illi
1450 746 1510 797 ne·

289 859 358 933 que
375 836 480 910 tertie
497 837 591 933 parti
608 836 810 910 eorumdem
827 836 995 910 sulficere
1007 833 1171 930 singulos
1188 855 1287 931 posse
1304 833 1510 922 affirmaret,

289 949 363 1048 ipse
380 949 538 1048 acceptis
554 949 709 1024 denariis
726 959 846 1024 ternos
871 947 1028 1044 singulis
1044 948 1217 1043 erogavit.
1234 950 1276 1022 In
1294 971 1365 1045 qua
1382 948 1512 1023 redun-

287 1062 427 1136 datione
442 1087 527 1138 cum
538 1062 904 1160 miraretureqnester
915 1061 1112 1136 liberaliter
1126 1060 1289 1136 sacerdos
1300 1085 1344 1135 ex
1358 1061 1512 1136 residuis

290 1174 515 1249 multitudini
538 1174 675 1250 familie
700 1200 764 1251 sue
789 1177 874 1251 item
901 1186 1091 1273 ternosque
1117 1176 1247 1273 cuique
1264 1174 1423 1271 largitus
1447 1184 1511 1251 est.

288 1295 338 1363 At
355 1314 438 1364 cum
457 1291 527 1362 VII
554 1299 722 1387 superent
740 1289 841 1364 vides
865 1289 984 1388 inquit
1000 1290 1085 1387 quia
1100 1289 1226 1385 largus
1251 1298 1306 1363 est
1322 1290 1510 1376 Dominus,

291 1404 353 1500 qui
370 1428 415 1477 ex
431 1402 495 1476 illa
511 1403 798 1501 quadragenaria.
826 1402 1027 1502 quantitate
1053 1402 1142 1476 mibi
1159 1402 1295 1500 tibique
1312 1411 1432 1477 ternos
1449 1401 1513 1475 mi·

291 1516 516 1592 sericorditer
533 1518 761 1593 reservavit?
779 1519 848 1593 Hic
865 1543 948 1592 cum
970 1516 1015 1590 ad
1033 1518 1232 1590 Romanum
1259 1516 1511 1592 Pontificatum

288 1629 333 1704 ab
346 1629 497 1705 ecclesia
512 1631 576 1704 Ilei
589 1631 779 1725 genitricis
793 1632 953 1705 Dominae
966 1633 1116 1718 Nostra,
1126 1654 1205 1728 quae
1218 1630 1350 1704 dicitur
1367 1629 1413 1703 ad
1425 1654 1513 1728 prae·

291 1767 373 1841 sepe
389 1743 594 1817 traheretur
612 1743 656 1817 ad
673 1745 911 1820 lateranense
925 1744 1191 1820 Patriarchium
1205 1745 1371 1820 certatim
1384 1769 1405 1817 a
1417 1742 1514 1820 clero

291 1863 327 1928 et
337 1854 542 1953 proceribus
557 1865 592 1930 et
605 1854 704 1952 plebe
714 1854 918 1953 deportatus
931 1868 995 1933 est.
1004 1857 1104 1946 Quod
1114 1857 1299 1933 audientes
1308 1858 1409 1931 missi
1424 1856 1515 1932 Hlu-

291 1968 407 2044 dovici
433 1970 660 2068 Imperatoris
686 1970 830 2045 moleste
856 1970 1020 2044 tulerunt
1046 1969 1226 2066 indignati
1257 1969 1396 2046 scilicet
1420 1970 1513 2068 quod

289 2081 374 2156 dum
392 2093 584 2182 praesentes
601 2094 721 2158 essent
738 2105 808 2156 non
826 2081 971 2158 invitati
989 2083 1125 2158 fuerint
1141 2108 1209 2159 nec
1226 2093 1388 2182 optataea
1405 2109 1443 2159 se
1460 2084 1478 2158 f
1501 2126 1514 2140 ·

290 2197 363 2269 turi
381 2195 544 2294 praesulis
569 2195 736 2271 electioni
762 2196 935 2272 interesse
961 2197 1168 2272 meruerint.
1193 2198 1263 2285 Qui
1288 2206 1434 2296 accepta
1460 2223 1514 2270 ra·

290 2309 386 2383 tione
403 2309 494 2406 qued
508 2333 576 2383 nen
591 2335 701 2384 causa
718 2319 944 2409 contemptus
962 2311 1121 2406 Augusti
1135 2311 1196 2386 sed
1213 2310 1328 2384 futuri
1346 2311 1515 2408 temporis

293 2433 481 2523 prospectu
499 2424 565 2498 hoc
583 2425 753 2498 emissum
767 2425 889 2513 suerit,
907 2449 951 2500 ne
966 2424 1132 2500 videlicet
1152 2424 1290 2521 legatos
1311 2426 1515 2526 principum

293 2541 330 2613 in
348 2539 521 2615 electione
543 2544 781 2614 Romanorum
795 2540 997 2613 Praesulum
1018 2562 1092 2613 mos
1105 2539 1314 2639 expectandi
1328 2564 1391 2640 per
1403 2539 1514 2614 huius

294 2654 402 2727 meris
422 2653 581 2728 fomitem
595 2653 815 2742 inolesceret,
836 2676 975 2727 omnem
998 2653 1281 2748 indignationem
1305 2652 1515 2728 medullitus

295 2767 522 2856 sedaverunt,
539 2794 581 2843 ac
598 2768 827 2842 salutandum
848 2768 1003 2843 electum
1022 2768 1131 2842 etiarn
1155 2768 1222 2868 ipsi
1248 2766 1433 2843 humiliter
1458 2792 1516 2843 ac·

292 2895 487 2956 cesserunt.
502 2886 547 2958 Et
566 2883 670 2957 infra.
684 2883 845 2958 Audiens
861 2883 928 2958 hoc
945 2881 1170 2956 Hludevicus
1183 2881 1515 2957 Christianissimus

291 2995 498 3092 Imperator,
516 3019 596 3068 mox
608 2996 829 3094 imperialem
845 2998 1005 3072 scribens
1018 2996 1214 3097 epistolam,
1227 3005 1376 3071 cunctos
1390 2998 1515 3070 Roma·

290 3130 353 3181 nos
366 3109 428 3206 qui
438 3108 589 3205 dignum
605 3121 704 3184 tanto
716 3111 942 3210 peregissent
954 3112 1068 3186 officie
1081 3110 1273 3210 presulem
1284 3109 1514 3199 collaudavit,

290 3246 469 3320 perquam
480 3222 650 3298 videlicet
664 3224 821 3299 innotuit
830 3224 923 3300 nulli
936 3225 1118 3325 quippiam
1128 3225 1265 3325 premii
1274 3224 1347 3298 sore
1360 3247 1423 3322 pro
1436 3248 1517 3299 con-

291 3337 489 3412 secratione
507 3341 748 3413 Romanorum
766 3341 982 3414 Pontificum
999 3337 1239 3436 quoquomodo
1264 3335 1515 3434 pollicendum,

291 3472 374 3521 cum
400 3450 474 3546 ipse
498 3450 593 3525 hanc
610 3474 681 3525 non
706 3474 850 3525 suorum
878 3452 1162 3548 suggestionem,
1188 3451 1248 3525 sed
1273 3453 1514 3525 Romanorum

290 3562 407 3660 potius
432 3567 672 3640 unanimitate
696 3566 944 3641 ardentissime
970 3574 1117 3664 cuperet
1146 3564 1332 3662 provenire
1358 3565 1513 3639 maxime

289 3700 373 3751 cum
392 3678 489 3754 reddi
506 3704 585 3778 quae
602 3679 721 3754 ablata
737 3681 881 3756 fuerant
898 3702 968 3754 non
985 3678 1120 3754 auferri
1138 3681 1329 3752 aldemano
1348 3678 1513 3753 Ecclesia

290 3791 348 3865 rel
365 3792 524 3892 deperire
541 3794 723 3893 quippiam
740 3819 778 3870 se
795 3794 930 3870 diceret
954 3792 1134 3868 hanelare.
1151 3794 1243 3867 Item
1261 3815 1305 3866 ex
1330 3791 1514 3888 pontifica-

290 3903 385 3981 libus
397 3909 512 4003 gestis
520 3912 554 3982 ΙΙ
569 3908 719 3982 Adriani
735 3913 849 4006 Papae.
863 3907 1048 3983 Celebrate
1062 3905 1155 4005 apud
1170 3904 1513 4003 Constantinopolim
1643 3928 1646 3939 ⁴

289 4031 415 4095 sancta
429 4024 515 4096 VIII
534 4021 732 4096 universali
745 4021 882 4119 synodo
894 4043 956 4118 pro
968 4019 1176 4117 expulsione
1191 4018 1308 4092 Photii
1321 4028 1357 4092 et
1370 4019 1514 4094 restitu-
1543 4038 1548 4050 '

289 4132 384 4207 tione
397 4134 533 4229 Ignatii
547 4134 765 4209 Patriarchae
779 4134 985 4230 Vulgarum
999 4132 1111 4229 legati
1125 4156 1244 4207 coram
1253 4130 1386 4206 Basilio
1399 4134 1514 4230 Impe-

290 4256 406 4321 ratore
419 4257 455 4321 et
468 4249 613 4343 Legatis
626 4251 726 4321 IIIIor
743 4247 1026 4343 Apostolicorum
1042 4244 1186 4321 Sedium
1200 4244 1377 4318 dixerunt.
1392 4247 1513 4342 Usque

289 4360 391 4436 bodie
408 4363 540 4459 pagani
558 4363 694 4436 fuimus
719 4373 755 4436 et
772 4385 886 4459 nuper
906 4358 950 4432 ad
972 4360 1128 4455 gratiam
1156 4357 1443 4433 Christianitatis
1455 4382 1514 4433 ac·

289 4474 474 4550 cessimus.
491 4474 641 4572 Ideoque
667 4499 711 4552 ne
728 4475 765 4549 in
791 4475 911 4574 aliquo
927 4496 1047 4548 errare
1069 4474 1237 4549 videatur·
1262 4472 1322 4547 cui
1340 4472 1512 4547 Ecclesiae
