3608 5498
819 399 993 463 ..60-

295 522 539 597 tantummodo
564 520 764 608 sormamm,
781 529 818 595 et
833 528 958 595 tacens
974 518 1224 594 necessitatem
1240 519 1379 618 quaerit,
1396 518 1441 592 ad
1461 540 1517 593 co·

295 634 460 708 mitatum
476 656 623 730 pergere
637 657 659 706 a
671 631 919 708 communione
932 641 1166 709 removeatur.
1179 634 1279 720 Quod
1292 633 1321 707 si
1336 632 1383 706 ibi
1398 636 1517 707 Romae

297 747 482 846 repentina
499 747 531 821 ei
549 746 745 821 necessitas
761 756 837 820 orta
856 746 965 821 fuerit
981 747 1026 820 ad
1042 746 1250 822 comitatum
1268 747 1454 845 pergendi,
1466 746 1517 820 al·

295 863 392 958 leget
408 864 503 959 apud
520 860 651 936 Urbem
671 852 817 935 Romam
836 859 948 958 ipsam
967 856 1229 950 necessitatem,
1245 871 1281 937 et
1297 860 1340 938 de
1352 856 1418 938 hoc
1431 861 1517 937 scri·

296 988 356 1076 pta
373 975 532 1051 eiusdem
550 975 699 1049 Romani
717 975 881 1073 Episcopi
896 975 996 1049 ferat.
1010 978 1175 1050 Formate
1187 984 1305 1049 autem
1320 999 1400 1072 quae
1412 999 1434 1047 a
1447 974 1518 1073 pri·⁴

296 1090 451 1164 maribus
468 1087 528 1163 vel
545 1115 566 1162 a
583 1088 869 1186 quibuscumque
887 1085 1070 1185 Episcopis
1088 1088 1239 1164 Clericis
1256 1088 1407 1186 propriis
1432 1088 1517 1162 dan-

296 1214 370 1293 tur,
388 1201 542 1278 habeant
558 1203 650 1276 diern
669 1202 825 1277 Paschae.
844 1202 944 1289 Quod
961 1200 991 1274 si
1014 1200 1132 1276 adhuc
1155 1201 1314 1274 eiusdem
1339 1198 1426 1273 anni
1451 1204 1519 1274 Pa·¹

295 1318 380 1394 sobe
404 1318 479 1394 dies
505 1318 665 1393 incertus
689 1328 754 1405 est,
779 1317 840 1392 ille
864 1315 1065 1415 precedens
1089 1314 1321 1411 adiungatur,
1346 1311 1517 1412 quomodo

294 1428 382 1506 solet
400 1431 720 1528 postconsulatum
738 1431 776 1503 in
795 1429 948 1528 publicis
964 1429 1079 1526 gestis
1095 1429 1213 1504 scribi.
1545 1435 1547 1439 ’

834 1659 958 1744 XLHl.

388 1892 527 1962 Rursus
544 1887 681 1986 placuit
698 1886 739 1962 ut
762 1888 896 1961 nemini
922 1889 970 1962 sit
995 1888 1149 1963 facultas
1174 1884 1300 1962 relicta
1325 1883 1514 1984 principali

291 2001 461 2076 cathedra
479 2002 523 2075 ad
540 2001 696 2098 aliquam
715 2000 905 2076 ecclesiam
923 2002 962 2074 in
979 2001 1109 2076 diocesi
1127 2000 1358 2077 constitutam
1376 2024 1414 2074 se
1435 2021 1517 2074 con-

292 2114 386 2190 ferre
404 2115 463 2190 vel
488 2116 524 2188 in
551 2140 588 2188 ro
614 2115 754 2213 propria
779 2114 917 2187 diutius
942 2138 1050 2211 quam
1075 2122 1212 2212 oportet
1236 2113 1456 2202 commorari,
1481 2121 1518 2188 et

183 2293 187 2301 .
293 2251 417 2301 curam
434 2228 493 2302 vol
512 2226 832 2325 frequentationem
851 2227 1000 2325 propriae
1017 2227 1201 2302 catbedrae-
1212 2226 1416 2323 neglegere.

834 2455 976 2541 llbllll.

390 2687 525 2759 Domno
550 2693 669 2759 nostro
694 2683 919 2759 sanctissimo
944 2709 986 2759 ac
1012 2683 1215 2759 beatissimo
1240 2683 1339 2756 Patri
1366 2685 1514 2756 Patrum

291 2798 567 2897 Archiepiscopo
585 2810 620 2874 et
634 2798 855 2874 Patriarchoe
868 2797 991 2886 Felici,
1006 2792 1217 2886 Archelaus,
1229 2796 1417 2886 Iohannes,
1434 2795 1515 2871 Ale-

289 2912 436 2999 xander,
450 2912 607 3000 Cosmas,
621 2911 829 2999 Basiliscus
843 2911 1030 3000 Photinus,
1044 2912 1191 2999 Paulus,
1204 2910 1389 3000 Iohannes,
1400 2910 1515 2986 Acba-

288 3026 377 3115 cius,
395 3037 431 3101 ct
447 3026 564 3103 omnis
577 3027 638 3125 qui
656 3027 761 3100 estin
775 3026 930 3125 presenti
945 3024 1187 3101 Christianica
1202 3022 1515 3120 reginaConstan·

289 3138 452 3237 tinopolis
470 3150 594 3215 sancta
612 3140 772 3237 synodus
790 3140 826 3212 in
845 3140 995 3215 Domino
1011 3139 1155 3237 gaudet.
1174 3143 1221 3215 Et
1237 3149 1366 3215 cetera.
1383 3141 1425 3211 In
1443 3139 1514 3214 fine

288 3255 415 3350 synodi
433 3255 484 3327 ita
501 3254 733 3329 subscribunt
754 3257 827 3328 XL.
845 3257 888 3328 ΙΙ.
905 3254 1080 3351 Episcopi.
1098 3254 1297 3329 Archelaus
1319 3252 1515 3328 misericor·

287 3366 345 3439 dia
363 3367 427 3443 Dei
446 3367 641 3465 Episcopus
658 3367 879 3443 Cesariensis
897 3367 1015 3457 Urbis,
1032 3393 1159 3442 sanum
1186 3392 1242 3443 me
1258 3378 1340 3466 opta
1364 3365 1514 3442 sanctis·

287 3481 376 3556 sime
393 3491 429 3556 et
446 3480 650 3557 beatissime
669 3493 777 3579 petor.
797 3482 1001 3556 Alexander
1020 3481 1261 3558 misericordia
1279 3481 1344 3557 Dei
1369 3481 1515 3579 Episco-

288 3619 355 3692 pus
370 3595 529 3670 civitatis
546 3596 799 3684 Hieraclensis‚
812 3620 941 3669 sanum
954 3618 1009 3671 me
1023 3622 1084 3673 ora
1097 3595 1302 3672 beatissime
1318 3605 1428 3694 pater.
1446 3598 1514 3670 Ba·

287 3709 431 3784 siliscus
439 3709 633 3808 Episcopus
643 3709 867 3785 Euthicenus
882 3709 1183 3808 metropolitanus,
1193 3735 1320 3784 sanum
1330 3734 1386 3785 me
1400 3710 1439 3783 in
1448 3711 1515 3785 Do

288 3824 384 3899 mino
400 3847 460 3897 ora
485 3833 608 3899 sancte
625 3834 662 3899 et
679 3823 881 3899 beatissimo
904 3827 1021 3898 Pater.
1038 3824 1185 3899 cosmas
1198 3822 1395 3922 Episcopus
1408 3823 1514 3900 Nico-

289 3937 479 4014 medionsis
502 3937 794 4035 metropolitanus
815 3937 1021 4034 subscripsi.
1039 3938 1168 4013 Cetera
1187 3961 1273 4012 vero
1292 3961 1355 4035 per
1376 3937 1515 4012 Fausti·

289 4077 375 4125 uum
394 4051 581 4127 diaconum
601 4061 777 4126 meamet
802 4052 981 4127 notarium
1007 4052 1191 4140 mandans,
1216 4053 1344 4126 sanum
1371 4076 1427 4126 me
1451 4075 1513 4126 ora

289 4179 413 4242 sancte
431 4191 473 4241 ac
489 4166 692 4243 beatissime
711 4171 828 4256 Pater,
845 4167 1012 4242 similiter
1031 4168 1179 4265 reliqua.
