<?xml version="1.0" encoding="UTF-8"?>
<!DOCTYPE html PUBLIC "-//W3C//DTD XHTML 1.0 Transitional//EN"
    "http://www.w3.org/TR/xhtml1/DTD/xhtml1-transitional.dtd">
<html xmlns="http://www.w3.org/1999/xhtml" xml:lang="en" lang="en">
 <head>
  <title>
</title>
<meta http-equiv="Content-Type" content="text/html;charset=utf-8" />
  <meta name='ocr-system' content='tesseract 3.04.00' />
  <meta name='ocr-capabilities' content='ocr_page ocr_carea ocr_par ocr_line ocrx_word'/>
</head>
<body>
  <div class='ocr_page' id='page_1' title='image "./collectiocanonu00deusgoog_0358.png"; bbox 0 0 3608 5498; ppageno 0'>
   <div class='ocr_carea' id='block_1_1' title="bbox 176 397 1393 614">
    <p class='ocr_par' dir='ltr' id='par_1_1' title="bbox 176 397 1393 614">
     <span class='ocr_line' id='line_1_1' title="bbox 688 397 882 461; baseline -0.005 -1"><span class='ocrx_word' id='word_1_1' title='bbox 688 430 726 445; x_wconf 96' lang='lat'>-</span> <span class='ocrx_word' id='word_1_2' title='bbox 753 397 816 461; x_wconf 78' lang='lat' dir='ltr'>aar</span> <span class='ocrx_word' id='word_1_3' title='bbox 842 428 882 444; x_wconf 91' lang='grc'>-</span> 
     </span>
     <span class='ocr_line' id='line_1_2' title="bbox 176 516 1393 614; baseline -0.006 -17"><span class='ocrx_word' id='word_1_4' title='bbox 176 522 323 597; x_wconf 86' lang='lat' dir='ltr'>Talassa</span> <span class='ocrx_word' id='word_1_5' title='bbox 336 519 421 594; x_wconf 86' lang='lat' dir='ltr'>rotis</span> <span class='ocrx_word' id='word_1_6' title='bbox 435 528 469 594; x_wconf 91' lang='lat' dir='ltr'>et</span> <span class='ocrx_word' id='word_1_7' title='bbox 482 518 634 592; x_wconf 82' lang='lat' dir='ltr'>fundum</span> <span class='ocrx_word' id='word_1_8' title='bbox 650 516 968 614; x_wconf 90' lang='lat' dir='ltr'>Ampitheanorum</span> <span class='ocrx_word' id='word_1_9' title='bbox 982 541 1027 592; x_wconf 86' lang='lat' dir='ltr'>ex</span> <span class='ocrx_word' id='word_1_10' title='bbox 1038 539 1182 614; x_wconf 87' lang='lat' dir='ltr'>corpore</span> <span class='ocrx_word' id='word_1_11' title='bbox 1197 542 1323 592; x_wconf 82' lang='lat' dir='ltr'>massae</span> <span class='ocrx_word' id='word_1_12' title='bbox 1337 518 1393 591; x_wconf 90' lang='lat' dir='ltr'>Pi-</span> 
     </span>
    </p>
   </div>
   <div class='ocr_carea' id='block_1_2' title="bbox 178 631 1525 732">
    <p class='ocr_par' dir='ltr' id='par_1_2' title="bbox 178 631 1525 732">
     <span class='ocr_line' id='line_1_3' title="bbox 178 631 1525 732; baseline -0.004 -22"><span class='ocrx_word' id='word_1_13' title='bbox 178 631 916 732; x_wconf 70' lang='lat' dir='ltr'>ranacpraestataaurisolidosetcampum</span> <span class='ocrx_word' id='word_1_14' title='bbox 928 631 1394 729; x_wconf 82' lang='lat' dir='ltr'>posituminScauriisproe·</span> <span class='ocrx_word' id='word_1_15' title='bbox 1521 683 1525 691; x_wconf 87' lang='lat'>-</span> 
     </span>
    </p>
   </div>
   <div class='ocr_carea' id='block_1_3' title="bbox 89 745 1395 4367">
    <p class='ocr_par' dir='ltr' id='par_1_3' title="bbox 89 745 1395 4367">
     <span class='ocr_line' id='line_1_4' title="bbox 177 745 1394 843; baseline -0.003 -19"><span class='ocrx_word' id='word_1_16' title='bbox 177 747 402 824; x_wconf 68' lang='lat' dir='ltr'>sataaauri</span> <span class='ocrx_word' id='word_1_17' title='bbox 412 747 572 843; x_wconf 75' lang='lat' dir='ltr'>siliquas,</span> <span class='ocrx_word' id='word_1_18' title='bbox 582 755 759 820; x_wconf 91' lang='lat' dir='ltr'>etterram</span> <span class='ocrx_word' id='word_1_19' title='bbox 774 755 962 821; x_wconf 87' lang='lat' dir='ltr'>vacantem</span> <span class='ocrx_word' id='word_1_20' title='bbox 973 745 1059 820; x_wconf 87' lang='lat' dir='ltr'>foris</span> <span class='ocrx_word' id='word_1_21' title='bbox 1073 769 1192 820; x_wconf 91' lang='lat' dir='ltr'>muros</span> <span class='ocrx_word' id='word_1_22' title='bbox 1205 748 1314 821; x_wconf 78' lang='lat' dir='ltr'>castri</span> <span class='ocrx_word' id='word_1_23' title='bbox 1328 748 1394 823; x_wconf 82' lang='lat' dir='ltr'>Ca·</span> 
     </span>
     <span class='ocr_line' id='line_1_5' title="bbox 173 859 1393 959; baseline -0.002 -24"><span class='ocrx_word' id='word_1_24' title='bbox 173 863 282 938; x_wconf 90' lang='lat' dir='ltr'>ietani</span> <span class='ocrx_word' id='word_1_25' title='bbox 291 883 350 932; x_wconf 71' lang='lat' dir='ltr'>aar</span> <span class='ocrx_word' id='word_1_26' title='bbox 359 860 438 934; x_wconf 90' lang='lat' dir='ltr'>auri</span> <span class='ocrx_word' id='word_1_27' title='bbox 449 859 597 958; x_wconf 87' lang='lat' dir='ltr'>siliquas</span> <span class='ocrx_word' id='word_1_28' title='bbox 606 859 724 934; x_wconf 91' lang='lat' dir='ltr'>omnia</span> <span class='ocrx_word' id='word_1_29' title='bbox 734 885 777 935; x_wconf 86' lang='lat' dir='ltr'>ex</span> <span class='ocrx_word' id='word_1_30' title='bbox 785 883 929 959; x_wconf 91' lang='lat' dir='ltr'>corpore</span> <span class='ocrx_word' id='word_1_31' title='bbox 937 859 1140 956; x_wconf 91' lang='lat' dir='ltr'>patrimonii</span> <span class='ocrx_word' id='word_1_32' title='bbox 1151 860 1393 950; x_wconf 67' lang='lat' dir='ltr'>Caietanibus</span> 
     </span>
     <span class='ocr_line' id='line_1_6' title="bbox 178 972 1392 1072; baseline -0.003 -21"><span class='ocrx_word' id='word_1_33' title='bbox 178 977 267 1051; x_wconf 90' lang='lat' dir='ltr'>iuris</span> <span class='ocrx_word' id='word_1_34' title='bbox 276 980 442 1051; x_wconf 82' lang='lat' dir='ltr'>Romanae</span> <span class='ocrx_word' id='word_1_35' title='bbox 451 974 620 1051; x_wconf 73' lang='lat' dir='ltr'>acclesiae</span> <span class='ocrx_word' id='word_1_36' title='bbox 630 982 799 1072; x_wconf 76' lang='lat' dir='ltr'>prostant</span> <span class='ocrx_word' id='word_1_37' title='bbox 808 973 1037 1048; x_wconf 76' lang='lat' dir='ltr'>omniaurnaa</span> <span class='ocrx_word' id='word_1_38' title='bbox 1049 972 1129 1047; x_wconf 92' lang='lat' dir='ltr'>auri</span> <span class='ocrx_word' id='word_1_39' title='bbox 1143 973 1281 1048; x_wconf 89' lang='lat' dir='ltr'>solidos.</span> <span class='ocrx_word' id='word_1_40' title='bbox 1294 973 1392 1049; x_wconf 91' lang='lat' dir='ltr'>Idem</span> 
     </span>
     <span class='ocr_line' id='line_1_7' title="bbox 89 1084 1393 1186; baseline -0.005 -21"><span class='ocrx_word' id='word_1_41' title='bbox 89 1128 92 1132; x_wconf 43' lang='grc'>“</span> <span class='ocrx_word' id='word_1_42' title='bbox 178 1091 216 1164; x_wconf 91' lang='lat' dir='ltr'>in</span> <span class='ocrx_word' id='word_1_43' title='bbox 229 1089 360 1164; x_wconf 88' lang='lat' dir='ltr'>eodem.</span> <span class='ocrx_word' id='word_1_44' title='bbox 373 1088 552 1186; x_wconf 83' lang='lat' dir='ltr'>Hysido&#39;ro</span> <span class='ocrx_word' id='word_1_45' title='bbox 569 1087 720 1160; x_wconf 86' lang='lat' dir='ltr'>fundum</span> <span class='ocrx_word' id='word_1_46' title='bbox 735 1089 913 1174; x_wconf 85' lang='lat' dir='ltr'>Sororum,</span> <span class='ocrx_word' id='word_1_47' title='bbox 925 1095 962 1161; x_wconf 91' lang='lat' dir='ltr'>ct</span> <span class='ocrx_word' id='word_1_48' title='bbox 978 1085 1130 1160; x_wconf 84' lang='lat' dir='ltr'>fundum</span> <span class='ocrx_word' id='word_1_49' title='bbox 1148 1085 1319 1160; x_wconf 80' lang='lat' dir='ltr'>Virorum</span> <span class='ocrx_word' id='word_1_50' title='bbox 1333 1084 1393 1159; x_wconf 82' lang='lat' dir='ltr'>via</span> 
     </span>
     <span class='ocr_line' id='line_1_8' title="bbox 178 1198 1392 1298; baseline -0.004 -21"><span class='ocrx_word' id='word_1_51' title='bbox 178 1203 358 1278; x_wconf 89' lang='lat' dir='ltr'>Lavieana</span> <span class='ocrx_word' id='word_1_52' title='bbox 374 1201 462 1274; x_wconf 89' lang='lat' dir='ltr'>mill.</span> <span class='ocrx_word' id='word_1_53' title='bbox 474 1200 556 1298; x_wconf 90' lang='lat' dir='ltr'>plus</span> <span class='ocrx_word' id='word_1_54' title='bbox 574 1200 694 1273; x_wconf 89' lang='lat' dir='ltr'>minus</span> <span class='ocrx_word' id='word_1_55' title='bbox 707 1201 813 1273; x_wconf 89' lang='lat' dir='ltr'>XIIII</span> <span class='ocrx_word' id='word_1_56' title='bbox 826 1206 1033 1296; x_wconf 80' lang='lat' dir='ltr'>praestatau</span> <span class='ocrx_word' id='word_1_57' title='bbox 1051 1198 1130 1273; x_wconf 90' lang='lat' dir='ltr'>auri</span> <span class='ocrx_word' id='word_1_58' title='bbox 1145 1198 1281 1273; x_wconf 86' lang='lat' dir='ltr'>solidos.</span> <span class='ocrx_word' id='word_1_59' title='bbox 1294 1199 1392 1273; x_wconf 87' lang='lat' dir='ltr'>Idem</span> 
     </span>
     <span class='ocr_line' id='line_1_9' title="bbox 178 1312 1394 1411; baseline 0 -24"><span class='ocrx_word' id='word_1_60' title='bbox 178 1314 214 1388; x_wconf 86' lang='lat' dir='ltr'>in</span> <span class='ocrx_word' id='word_1_61' title='bbox 229 1316 359 1391; x_wconf 90' lang='lat' dir='ltr'>eodem.</span> <span class='ocrx_word' id='word_1_62' title='bbox 372 1318 464 1390; x_wconf 90' lang='lat' dir='ltr'>Urso</span> <span class='ocrx_word' id='word_1_63' title='bbox 476 1313 626 1388; x_wconf 87' lang='lat' dir='ltr'>fundum</span> <span class='ocrx_word' id='word_1_64' title='bbox 639 1312 850 1401; x_wconf 79' lang='lat' dir='ltr'>Ananvilas,</span> <span class='ocrx_word' id='word_1_65' title='bbox 864 1338 948 1388; x_wconf 91' lang='lat' dir='ltr'>oum</span> <span class='ocrx_word' id='word_1_66' title='bbox 961 1312 1132 1411; x_wconf 83' lang='lat' dir='ltr'>apendice</span> <span class='ocrx_word' id='word_1_67' title='bbox 1145 1338 1221 1402; x_wconf 82' lang='lat' dir='ltr'>sna,</span> <span class='ocrx_word' id='word_1_68' title='bbox 1234 1337 1394 1388; x_wconf 84' lang='lat' dir='ltr'>orrannu-</span> 
     </span>
     <span class='ocr_line' id='line_1_10' title="bbox 176 1425 1394 1525; baseline 0.002 -26"><span class='ocrx_word' id='word_1_69' title='bbox 176 1427 233 1516; x_wconf 80' lang='lat' dir='ltr'>lis,</span> <span class='ocrx_word' id='word_1_70' title='bbox 247 1427 306 1525; x_wconf 89' lang='lat' dir='ltr'>qui</span> <span class='ocrx_word' id='word_1_71' title='bbox 317 1437 352 1502; x_wconf 89' lang='lat' dir='ltr'>et</span> <span class='ocrx_word' id='word_1_72' title='bbox 361 1425 554 1503; x_wconf 85' lang='lat' dir='ltr'>corcurulis</span> <span class='ocrx_word' id='word_1_73' title='bbox 563 1436 597 1501; x_wconf 91' lang='lat' dir='ltr'>et</span> <span class='ocrx_word' id='word_1_74' title='bbox 607 1426 799 1516; x_wconf 82' lang='lat' dir='ltr'>taboruaIe‚</span> <span class='ocrx_word' id='word_1_75' title='bbox 812 1426 923 1524; x_wconf 91' lang='lat' dir='ltr'>posita</span> <span class='ocrx_word' id='word_1_76' title='bbox 934 1427 971 1500; x_wconf 90' lang='lat' dir='ltr'>in</span> <span class='ocrx_word' id='word_1_77' title='bbox 985 1427 1133 1503; x_wconf 86' lang='lat' dir='ltr'>civitate</span> <span class='ocrx_word' id='word_1_78' title='bbox 1141 1426 1341 1517; x_wconf 84' lang='lat' dir='ltr'>Tiburtina,</span> <span class='ocrx_word' id='word_1_79' title='bbox 1349 1452 1394 1503; x_wconf 87' lang='lat' dir='ltr'>ex</span> 
     </span>
     <span class='ocr_line' id='line_1_11' title="bbox 178 1539 1392 1640; baseline 0.001 -27"><span class='ocrx_word' id='word_1_80' title='bbox 178 1562 320 1636; x_wconf 90' lang='lat' dir='ltr'>corpore</span> <span class='ocrx_word' id='word_1_81' title='bbox 342 1565 467 1614; x_wconf 82' lang='lat' dir='ltr'>massae</span> <span class='ocrx_word' id='word_1_82' title='bbox 483 1539 740 1628; x_wconf 82' lang='lat' dir='ltr'>intramurana,</span> <span class='ocrx_word' id='word_1_83' title='bbox 757 1540 961 1637; x_wconf 84' lang='lat' dir='ltr'>patrimonii</span> <span class='ocrx_word' id='word_1_84' title='bbox 980 1541 1157 1614; x_wconf 85' lang='lat' dir='ltr'>Tiburtini</span> <span class='ocrx_word' id='word_1_85' title='bbox 1172 1550 1317 1640; x_wconf 86' lang='lat' dir='ltr'>praestat</span> <span class='ocrx_word' id='word_1_86' title='bbox 1341 1567 1392 1614; x_wconf 75' lang='lat' dir='ltr'>au</span> 
     </span>
     <span class='ocr_line' id='line_1_12' title="bbox 175 1652 1393 1752; baseline 0.002 -28"><span class='ocrx_word' id='word_1_87' title='bbox 175 1653 254 1726; x_wconf 93' lang='lat' dir='ltr'>auri</span> <span class='ocrx_word' id='word_1_88' title='bbox 268 1652 404 1727; x_wconf 88' lang='lat' dir='ltr'>solidos.</span> <span class='ocrx_word' id='word_1_89' title='bbox 418 1654 503 1728; x_wconf 79' lang='lat' dir='ltr'>Haec</span> <span class='ocrx_word' id='word_1_90' title='bbox 516 1652 715 1728; x_wconf 86' lang='lat' dir='ltr'>Zacharias.</span> <span class='ocrx_word' id='word_1_91' title='bbox 728 1654 909 1751; x_wconf 84' lang='lat' dir='ltr'>Septimus</span> <span class='ocrx_word' id='word_1_92' title='bbox 926 1677 1011 1728; x_wconf 88' lang='lat' dir='ltr'>vero</span> <span class='ocrx_word' id='word_1_93' title='bbox 1025 1657 1120 1752; x_wconf 87' lang='lat' dir='ltr'>Papa</span> <span class='ocrx_word' id='word_1_94' title='bbox 1138 1654 1337 1750; x_wconf 84' lang='lat' dir='ltr'>Gregorius</span> <span class='ocrx_word' id='word_1_95' title='bbox 1354 1654 1393 1727; x_wconf 92' lang='lat' dir='ltr'>in</span> 
     </span>
     <span class='ocr_line' id='line_1_13' title="bbox 177 1766 1392 1865; baseline 0.002 -28"><span class='ocrx_word' id='word_1_96' title='bbox 177 1770 229 1840; x_wconf 89' lang='lat' dir='ltr'>VI</span> <span class='ocrx_word' id='word_1_97' title='bbox 243 1767 331 1841; x_wconf 90' lang='lat' dir='ltr'>libro</span> <span class='ocrx_word' id='word_1_98' title='bbox 344 1767 400 1841; x_wconf 90' lang='lat' dir='ltr'>sui</span> <span class='ocrx_word' id='word_1_99' title='bbox 415 1767 547 1863; x_wconf 81' lang='lat' dir='ltr'>regesti</span> <span class='ocrx_word' id='word_1_100' title='bbox 560 1767 656 1842; x_wconf 88' lang='lat' dir='ltr'>dicit.</span> <span class='ocrx_word' id='word_1_101' title='bbox 670 1768 837 1843; x_wconf 83' lang='lat' dir='ltr'>Castrum</span> <span class='ocrx_word' id='word_1_102' title='bbox 853 1768 944 1865; x_wconf 91' lang='lat' dir='ltr'>quod</span> <span class='ocrx_word' id='word_1_103' title='bbox 956 1767 1090 1842; x_wconf 87' lang='lat' dir='ltr'>dicitnr</span> <span class='ocrx_word' id='word_1_104' title='bbox 1103 1766 1286 1842; x_wconf 89' lang='lat' dir='ltr'>Moricicla</span> <span class='ocrx_word' id='word_1_105' title='bbox 1299 1766 1392 1842; x_wconf 89' lang='lat' dir='ltr'>beati</span> 
     </span>
     <span class='ocr_line' id='line_1_14' title="bbox 178 1879 1395 1979; baseline -0.001 -26"><span class='ocrx_word' id='word_1_106' title='bbox 178 1881 274 1954; x_wconf 90' lang='lat' dir='ltr'>Petri</span> <span class='ocrx_word' id='word_1_107' title='bbox 288 1904 364 1955; x_wconf 88' lang='lat' dir='ltr'>esse</span> <span class='ocrx_word' id='word_1_108' title='bbox 382 1879 493 1955; x_wconf 90' lang='lat' dir='ltr'>situm</span> <span class='ocrx_word' id='word_1_109' title='bbox 512 1881 547 1953; x_wconf 90' lang='lat' dir='ltr'>in</span> <span class='ocrx_word' id='word_1_110' title='bbox 567 1882 700 1957; x_wconf 89' lang='lat' dir='ltr'>ducatu</span> <span class='ocrx_word' id='word_1_111' title='bbox 723 1881 913 1979; x_wconf 85' lang='lat' dir='ltr'>Spoletina,</span> <span class='ocrx_word' id='word_1_112' title='bbox 929 1880 1022 1956; x_wconf 90' lang='lat' dir='ltr'>iuter</span> <span class='ocrx_word' id='word_1_113' title='bbox 1035 1880 1211 1955; x_wconf 89' lang='lat' dir='ltr'>Muricam</span> <span class='ocrx_word' id='word_1_114' title='bbox 1228 1889 1265 1954; x_wconf 90' lang='lat' dir='ltr'>et</span> <span class='ocrx_word' id='word_1_115' title='bbox 1281 1881 1395 1956; x_wconf 85' lang='lat' dir='ltr'>Olari-</span> 
     </span>
     <span class='ocr_line' id='line_1_15' title="bbox 175 1992 1394 2093; baseline 0.001 -27"><span class='ocrx_word' id='word_1_116' title='bbox 175 2017 338 2089; x_wconf 81' lang='lat' dir='ltr'>gnanum</span> <span class='ocrx_word' id='word_1_117' title='bbox 356 1992 393 2067; x_wconf 89' lang='lat' dir='ltr'>in</span> <span class='ocrx_word' id='word_1_118' title='bbox 412 1994 512 2093; x_wconf 90' lang='lat' dir='ltr'>plebe</span> <span class='ocrx_word' id='word_1_119' title='bbox 525 1995 567 2069; x_wconf 90' lang='lat' dir='ltr'>de</span> <span class='ocrx_word' id='word_1_120' title='bbox 580 1998 734 2085; x_wconf 75' lang='lat' dir='ltr'>Lazaro,</span> <span class='ocrx_word' id='word_1_121' title='bbox 752 2019 796 2069; x_wconf 82' lang='lat' dir='ltr'>ex</span> <span class='ocrx_word' id='word_1_122' title='bbox 814 1993 984 2069; x_wconf 82' lang='lat' dir='ltr'>reditione</span> <span class='ocrx_word' id='word_1_123' title='bbox 1002 1993 1147 2083; x_wconf 88' lang='lat' dir='ltr'>Gisleri,</span> <span class='ocrx_word' id='word_1_124' title='bbox 1163 1992 1229 2067; x_wconf 91' lang='lat' dir='ltr'>snb</span> <span class='ocrx_word' id='word_1_125' title='bbox 1250 1993 1394 2067; x_wconf 89' lang='lat' dir='ltr'>usufru-</span> 
     </span>
     <span class='ocr_line' id='line_1_16' title="bbox 175 2105 1393 2203; baseline 0.002 -24"><span class='ocrx_word' id='word_1_126' title='bbox 175 2116 237 2180; x_wconf 85' lang='lat' dir='ltr'>ctu</span> <span class='ocrx_word' id='word_1_127' title='bbox 251 2107 336 2180; x_wconf 76' lang='lat' dir='ltr'>vitaa</span> <span class='ocrx_word' id='word_1_128' title='bbox 350 2133 434 2195; x_wconf 80' lang='lat' dir='ltr'>suae,</span> <span class='ocrx_word' id='word_1_129' title='bbox 447 2118 484 2182; x_wconf 91' lang='lat' dir='ltr'>et</span> <span class='ocrx_word' id='word_1_130' title='bbox 496 2107 560 2180; x_wconf 89' lang='lat' dir='ltr'>filii</span> <span class='ocrx_word' id='word_1_131' title='bbox 575 2107 642 2196; x_wconf 82' lang='lat' dir='ltr'>sui,</span> <span class='ocrx_word' id='word_1_132' title='bbox 655 2117 691 2182; x_wconf 93' lang='lat' dir='ltr'>et</span> <span class='ocrx_word' id='word_1_133' title='bbox 708 2106 950 2203; x_wconf 82' lang='lat' dir='ltr'>legitimorum</span> <span class='ocrx_word' id='word_1_134' title='bbox 965 2105 1118 2179; x_wconf 88' lang='lat' dir='ltr'>filiorum</span> <span class='ocrx_word' id='word_1_135' title='bbox 1136 2106 1225 2181; x_wconf 88' lang='lat' dir='ltr'>eius.</span> <span class='ocrx_word' id='word_1_136' title='bbox 1242 2108 1332 2181; x_wconf 90' lang='lat' dir='ltr'>Item</span> <span class='ocrx_word' id='word_1_137' title='bbox 1349 2129 1393 2182; x_wconf 83' lang='lat' dir='ltr'>cx</span> 
     </span>
     <span class='ocr_line' id='line_1_17' title="bbox 175 2218 1392 2319; baseline 0.003 -28"><span class='ocrx_word' id='word_1_138' title='bbox 175 2218 289 2315; x_wconf 93' lang='lat' dir='ltr'>primo</span> <span class='ocrx_word' id='word_1_139' title='bbox 305 2218 462 2293; x_wconf 87' lang='lat' dir='ltr'>eiusdem</span> <span class='ocrx_word' id='word_1_140' title='bbox 481 2243 556 2316; x_wconf 90' lang='lat' dir='ltr'>cap.</span> <span class='ocrx_word' id='word_1_141' title='bbox 574 2223 700 2294; x_wconf 87' lang='lat' dir='ltr'><strong>LXVI.</strong></span> <span class='ocrx_word' id='word_1_142' title='bbox 719 2220 936 2296; x_wconf 87' lang='lat' dir='ltr'>Crescientis</span> <span class='ocrx_word' id='word_1_143' title='bbox 953 2219 1114 2295; x_wconf 85' lang='lat' dir='ltr'>oecclesia</span> <span class='ocrx_word' id='word_1_144' title='bbox 1131 2220 1168 2292; x_wconf 92' lang='lat' dir='ltr'>in</span> <span class='ocrx_word' id='word_1_145' title='bbox 1186 2220 1392 2319; x_wconf 86' lang='lat' dir='ltr'>episcopatu</span> 
     </span>
     <span class='ocr_line' id='line_1_18' title="bbox 176 2331 1392 2430; baseline 0.005 -27"><span class='ocrx_word' id='word_1_146' title='bbox 176 2331 402 2407; x_wconf 90' lang='lat' dir='ltr'>Sistoricensi</span> <span class='ocrx_word' id='word_1_147' title='bbox 421 2333 459 2405; x_wconf 91' lang='lat' dir='ltr'>in</span> <span class='ocrx_word' id='word_1_148' title='bbox 476 2333 689 2409; x_wconf 83' lang='lat' dir='ltr'>comitatu...</span> <span class='ocrx_word' id='word_1_149' title='bbox 704 2334 799 2409; x_wconf 88' lang='lat' dir='ltr'>beati</span> <span class='ocrx_word' id='word_1_150' title='bbox 816 2334 912 2408; x_wconf 91' lang='lat' dir='ltr'>Petri</span> <span class='ocrx_word' id='word_1_151' title='bbox 930 2346 993 2407; x_wconf 88' lang='lat' dir='ltr'>est.</span> <span class='ocrx_word' id='word_1_152' title='bbox 1011 2335 1100 2408; x_wconf 90' lang='lat' dir='ltr'>Item</span> <span class='ocrx_word' id='word_1_153' title='bbox 1117 2331 1156 2405; x_wconf 91' lang='lat' dir='ltr'>in</span> <span class='ocrx_word' id='word_1_154' title='bbox 1173 2333 1294 2408; x_wconf 90' lang='lat' dir='ltr'>eodem</span> <span class='ocrx_word' id='word_1_155' title='bbox 1316 2357 1392 2430; x_wconf 88' lang='lat' dir='ltr'>cap.</span> 
     </span>
     <span class='ocr_line' id='line_1_19' title="bbox 176 2445 1393 2545; baseline 0.002 -25"><span class='ocrx_word' id='word_1_156' title='bbox 176 2448 283 2520; x_wconf 89' lang='lat' dir='ltr'>XVII</span> <span class='ocrx_word' id='word_1_157' title='bbox 296 2445 431 2542; x_wconf 82' lang='lat' dir='ltr'>legitur</span> <span class='ocrx_word' id='word_1_158' title='bbox 443 2445 569 2522; x_wconf 89' lang='lat' dir='ltr'>beatus</span> <span class='ocrx_word' id='word_1_159' title='bbox 582 2448 735 2545; x_wconf 83' lang='lat' dir='ltr'>Egidius</span> <span class='ocrx_word' id='word_1_160' title='bbox 748 2447 819 2522; x_wconf 89' lang='lat' dir='ltr'>iuri</span> <span class='ocrx_word' id='word_1_161' title='bbox 831 2447 923 2523; x_wconf 87' lang='lat' dir='ltr'>beati</span> <span class='ocrx_word' id='word_1_162' title='bbox 943 2448 1039 2523; x_wconf 89' lang='lat' dir='ltr'>Petri</span> <span class='ocrx_word' id='word_1_163' title='bbox 1058 2448 1256 2524; x_wconf 85' lang='lat' dir='ltr'>subdidisse</span> <span class='ocrx_word' id='word_1_164' title='bbox 1274 2471 1393 2522; x_wconf 92' lang='lat' dir='ltr'>mona-</span> 
     </span>
     <span class='ocr_line' id='line_1_20' title="bbox 176 2561 1391 2639; baseline 0.002 -6"><span class='ocrx_word' id='word_1_165' title='bbox 176 2561 324 2635; x_wconf 89' lang='lat' dir='ltr'>sterium</span> <span class='ocrx_word' id='word_1_166' title='bbox 343 2587 448 2636; x_wconf 91' lang='lat' dir='ltr'>suum</span> <span class='ocrx_word' id='word_1_167' title='bbox 467 2573 503 2638; x_wconf 92' lang='lat' dir='ltr'>et</span> <span class='ocrx_word' id='word_1_168' title='bbox 519 2563 663 2639; x_wconf 88' lang='lat' dir='ltr'>abbates</span> <span class='ocrx_word' id='word_1_169' title='bbox 680 2563 758 2638; x_wconf 88' lang='lat' dir='ltr'>eins</span> <span class='ocrx_word' id='word_1_170' title='bbox 774 2562 1088 2638; x_wconf 88' lang='lat' dir='ltr'>consecrationem.</span> <span class='ocrx_word' id='word_1_171' title='bbox 1103 2564 1193 2637; x_wconf 84' lang='lat' dir='ltr'>Item</span> <span class='ocrx_word' id='word_1_172' title='bbox 1211 2562 1249 2635; x_wconf 90' lang='lat' dir='ltr'>in</span> <span class='ocrx_word' id='word_1_173' title='bbox 1270 2562 1391 2638; x_wconf 91' lang='lat' dir='ltr'>eodem</span> 
     </span>
     <span class='ocr_line' id='line_1_21' title="bbox 176 2673 1392 2775; baseline 0.004 -30"><span class='ocrx_word' id='word_1_174' title='bbox 176 2673 266 2747; x_wconf 88' lang='lat' dir='ltr'>libro</span> <span class='ocrx_word' id='word_1_175' title='bbox 279 2675 313 2747; x_wconf 94' lang='grc' dir='ltr'>ΙΙ</span> <span class='ocrx_word' id='word_1_176' title='bbox 321 2699 395 2772; x_wconf 90' lang='lat' dir='ltr'>cap.</span> <span class='ocrx_word' id='word_1_177' title='bbox 405 2679 475 2751; x_wconf 90' lang='lat' dir='ltr'>XV</span> <span class='ocrx_word' id='word_1_178' title='bbox 485 2676 886 2772; x_wconf 83' lang='lat' dir='ltr'>legiturmonasterium</span> <span class='ocrx_word' id='word_1_179' title='bbox 897 2677 1121 2752; x_wconf 84' lang='lat' dir='ltr'>Pultariense</span> <span class='ocrx_word' id='word_1_180' title='bbox 1131 2677 1169 2750; x_wconf 93' lang='lat' dir='ltr'>in</span> <span class='ocrx_word' id='word_1_181' title='bbox 1179 2677 1392 2775; x_wconf 82' lang='lat' dir='ltr'>Burgundio</span> 
     </span>
     <span class='ocr_line' id='line_1_22' title="bbox 177 2787 1390 2887; baseline 0.006 -28"><span class='ocrx_word' id='word_1_182' title='bbox 177 2787 213 2860; x_wconf 93' lang='lat' dir='ltr'>in</span> <span class='ocrx_word' id='word_1_183' title='bbox 228 2789 430 2887; x_wconf 86' lang='lat' dir='ltr'>episcopatu</span> <span class='ocrx_word' id='word_1_184' title='bbox 444 2790 673 2886; x_wconf 79' lang='lat' dir='ltr'>Lingonensi,</span> <span class='ocrx_word' id='word_1_185' title='bbox 686 2790 777 2864; x_wconf 90' lang='lat' dir='ltr'>iuris</span> <span class='ocrx_word' id='word_1_186' title='bbox 789 2791 883 2865; x_wconf 86' lang='lat' dir='ltr'>beati</span> <span class='ocrx_word' id='word_1_187' title='bbox 898 2790 992 2866; x_wconf 89' lang='lat' dir='ltr'>Petri</span> <span class='ocrx_word' id='word_1_188' title='bbox 1007 2815 1093 2866; x_wconf 82' lang='lat' dir='ltr'>esse.</span> <span class='ocrx_word' id='word_1_189' title='bbox 1105 2792 1195 2865; x_wconf 89' lang='lat' dir='ltr'>Item</span> <span class='ocrx_word' id='word_1_190' title='bbox 1213 2791 1251 2863; x_wconf 92' lang='lat' dir='ltr'>in</span> <span class='ocrx_word' id='word_1_191' title='bbox 1269 2791 1390 2865; x_wconf 91' lang='lat' dir='ltr'>eodem</span> 
     </span>
     <span class='ocr_line' id='line_1_23' title="bbox 176 2902 1392 3003; baseline 0.002 -27"><span class='ocrx_word' id='word_1_192' title='bbox 176 2926 251 2998; x_wconf 89' lang='lat' dir='ltr'>cap.</span> <span class='ocrx_word' id='word_1_193' title='bbox 263 2905 397 2977; x_wconf 84' lang='lat' dir='ltr'>XVIII.</span> <span class='ocrx_word' id='word_1_194' title='bbox 408 2906 662 2979; x_wconf 86' lang='lat' dir='ltr'>Mouasterium</span> <span class='ocrx_word' id='word_1_195' title='bbox 674 2904 823 2980; x_wconf 90' lang='lat' dir='ltr'>Dolense</span> <span class='ocrx_word' id='word_1_196' title='bbox 837 2904 873 2977; x_wconf 93' lang='lat' dir='ltr'>in</span> <span class='ocrx_word' id='word_1_197' title='bbox 886 2904 1136 3003; x_wconf 65' lang='lat' dir='ltr'>Aquitaniam</span> <span class='ocrx_word' id='word_1_198' title='bbox 1147 2902 1392 3001; x_wconf 83' lang='lat' dir='ltr'>Archiepisco</span> 
     </span>
     <span class='ocr_line' id='line_1_24' title="bbox 176 3015 1390 3114; baseline 0.006 -28"><span class='ocrx_word' id='word_1_199' title='bbox 176 3024 261 3112; x_wconf 90' lang='lat' dir='ltr'>patu</span> <span class='ocrx_word' id='word_1_200' title='bbox 275 3015 492 3091; x_wconf 89' lang='lat' dir='ltr'>Bituriccnsi</span> <span class='ocrx_word' id='word_1_201' title='bbox 506 3016 596 3092; x_wconf 89' lang='lat' dir='ltr'>iuris</span> <span class='ocrx_word' id='word_1_202' title='bbox 608 3018 701 3093; x_wconf 90' lang='lat' dir='ltr'>beati</span> <span class='ocrx_word' id='word_1_203' title='bbox 717 3019 812 3092; x_wconf 90' lang='lat' dir='ltr'>Petri</span> <span class='ocrx_word' id='word_1_204' title='bbox 821 3043 898 3093; x_wconf 91' lang='lat' dir='ltr'>esse</span> <span class='ocrx_word' id='word_1_205' title='bbox 911 3017 1057 3114; x_wconf 84' lang='lat' dir='ltr'>legitur.</span> <span class='ocrx_word' id='word_1_206' title='bbox 1069 3019 1159 3092; x_wconf 88' lang='lat' dir='ltr'>Item</span> <span class='ocrx_word' id='word_1_207' title='bbox 1173 3042 1193 3092; x_wconf 91' lang='lat' dir='ltr'>e</span> <span class='ocrx_word' id='word_1_208' title='bbox 1206 3016 1295 3092; x_wconf 91' lang='lat' dir='ltr'>libro</span> <span class='ocrx_word' id='word_1_209' title='bbox 1320 3021 1390 3093; x_wconf 89' lang='lat' dir='ltr'>VH</span> 
     </span>
     <span class='ocr_line' id='line_1_25' title="bbox 176 3128 1388 3227; baseline 0.002 -25"><span class='ocrx_word' id='word_1_210' title='bbox 176 3152 251 3226; x_wconf 90' lang='lat' dir='ltr'>cap.</span> <span class='ocrx_word' id='word_1_211' title='bbox 264 3132 364 3203; x_wconf 91' lang='lat' dir='ltr'>LXX</span> <span class='ocrx_word' id='word_1_212' title='bbox 377 3128 512 3227; x_wconf 84' lang='lat' dir='ltr'>legitur</span> <span class='ocrx_word' id='word_1_213' title='bbox 525 3131 649 3207; x_wconf 87' lang='lat' dir='ltr'>beatus</span> <span class='ocrx_word' id='word_1_214' title='bbox 663 3132 831 3206; x_wconf 90' lang='lat' dir='ltr'>Giraldus</span> <span class='ocrx_word' id='word_1_215' title='bbox 844 3130 1100 3206; x_wconf 88' lang='lat' dir='ltr'>monasterium</span> <span class='ocrx_word' id='word_1_216' title='bbox 1114 3156 1219 3204; x_wconf 89' lang='lat' dir='ltr'>suum</span> <span class='ocrx_word' id='word_1_217' title='bbox 1230 3131 1340 3205; x_wconf 90' lang='lat' dir='ltr'>situm</span> <span class='ocrx_word' id='word_1_218' title='bbox 1350 3133 1388 3204; x_wconf 93' lang='lat' dir='ltr'>in</span> 
     </span>
     <span class='ocr_line' id='line_1_26' title="bbox 177 3243 1392 3344; baseline 0.002 -28"><span class='ocrx_word' id='word_1_219' title='bbox 177 3243 354 3317; x_wconf 87' lang='lat' dir='ltr'>Arvernia</span> <span class='ocrx_word' id='word_1_220' title='bbox 364 3244 439 3320; x_wconf 90' lang='lat' dir='ltr'>loco</span> <span class='ocrx_word' id='word_1_221' title='bbox 448 3246 509 3344; x_wconf 92' lang='lat' dir='ltr'>qui</span> <span class='ocrx_word' id='word_1_222' title='bbox 518 3246 651 3321; x_wconf 91' lang='lat' dir='ltr'>dicitur</span> <span class='ocrx_word' id='word_1_223' title='bbox 661 3245 885 3333; x_wconf 85' lang='lat' dir='ltr'>Aureliacus,</span> <span class='ocrx_word' id='word_1_224' title='bbox 894 3243 995 3319; x_wconf 89' lang='lat' dir='ltr'>beato</span> <span class='ocrx_word' id='word_1_225' title='bbox 1009 3248 1113 3319; x_wconf 91' lang='lat' dir='ltr'>Petro</span> <span class='ocrx_word' id='word_1_226' title='bbox 1125 3243 1314 3320; x_wconf 90' lang='lat' dir='ltr'>tradidisse</span> <span class='ocrx_word' id='word_1_227' title='bbox 1323 3244 1392 3319; x_wconf 86' lang='lat' dir='ltr'>sub</span> 
     </span>
     <span class='ocr_line' id='line_1_27' title="bbox 175 3357 1392 3458; baseline 0.003 -30"><span class='ocrx_word' id='word_1_228' title='bbox 175 3381 296 3430; x_wconf 88' lang='lat' dir='ltr'>annua</span> <span class='ocrx_word' id='word_1_229' title='bbox 310 3359 477 3455; x_wconf 88' lang='lat' dir='ltr'>pensione</span> <span class='ocrx_word' id='word_1_230' title='bbox 491 3362 527 3434; x_wconf 92' lang='lat' dir='ltr'>X</span> <span class='ocrx_word' id='word_1_231' title='bbox 539 3360 740 3434; x_wconf 89' lang='lat' dir='ltr'>solidorum.</span> <span class='ocrx_word' id='word_1_232' title='bbox 758 3361 847 3435; x_wconf 91' lang='lat' dir='ltr'>Item</span> <span class='ocrx_word' id='word_1_233' title='bbox 865 3384 909 3433; x_wconf 85' lang='lat' dir='ltr'>ex</span> <span class='ocrx_word' id='word_1_234' title='bbox 925 3357 1056 3446; x_wconf 75' lang='lat' dir='ltr'>eodem,</span> <span class='ocrx_word' id='word_1_235' title='bbox 1074 3384 1148 3458; x_wconf 91' lang='lat' dir='ltr'>cap.</span> <span class='ocrx_word' id='word_1_236' title='bbox 1165 3361 1302 3434; x_wconf 85' lang='lat' dir='ltr'>LXXV</span> <span class='ocrx_word' id='word_1_237' title='bbox 1320 3384 1392 3433; x_wconf 90' lang='lat' dir='ltr'>mo·</span> 
     </span>
     <span class='ocr_line' id='line_1_28' title="bbox 176 3471 1391 3571; baseline 0.004 -29"><span class='ocrx_word' id='word_1_238' title='bbox 176 3471 374 3546; x_wconf 87' lang='lat' dir='ltr'>nastcrium</span> <span class='ocrx_word' id='word_1_239' title='bbox 393 3473 592 3548; x_wconf 85' lang='lat' dir='ltr'>Salvatoris</span> <span class='ocrx_word' id='word_1_240' title='bbox 609 3475 645 3546; x_wconf 92' lang='lat' dir='ltr'>in</span> <span class='ocrx_word' id='word_1_241' title='bbox 665 3472 808 3563; x_wconf 71' lang='lat' dir='ltr'>Svevia</span> <span class='ocrx_word' id='word_1_242' title='bbox 828 3474 866 3546; x_wconf 93' lang='lat' dir='ltr'>in</span> <span class='ocrx_word' id='word_1_243' title='bbox 882 3472 1087 3571; x_wconf 89' lang='lat' dir='ltr'>episcopatu</span> <span class='ocrx_word' id='word_1_244' title='bbox 1106 3474 1335 3563; x_wconf 75' lang='lat' dir='ltr'>Constantia,</span> <span class='ocrx_word' id='word_1_245' title='bbox 1352 3474 1391 3547; x_wconf 92' lang='lat' dir='ltr'>in</span> 
     </span>
     <span class='ocr_line' id='line_1_29' title="bbox 175 3584 1391 3686; baseline 0.005 -30"><span class='ocrx_word' id='word_1_246' title='bbox 175 3584 264 3657; x_wconf 87' lang='lat' dir='ltr'>villa</span> <span class='ocrx_word' id='word_1_247' title='bbox 273 3587 492 3683; x_wconf 83' lang='lat' dir='ltr'>quaedicitur</span> <span class='ocrx_word' id='word_1_248' title='bbox 506 3587 699 3686; x_wconf 67' lang='lat' dir='ltr'>Scaphusa</span> <span class='ocrx_word' id='word_1_249' title='bbox 712 3587 1013 3662; x_wconf 86' lang='lat' dir='ltr'>solvitaunuatim</span> <span class='ocrx_word' id='word_1_250' title='bbox 1022 3610 1148 3662; x_wconf 89' lang='lat' dir='ltr'>aureos</span> <span class='ocrx_word' id='word_1_251' title='bbox 1156 3589 1227 3662; x_wconf 92' lang='lat' dir='ltr'>XII</span> <span class='ocrx_word' id='word_1_252' title='bbox 1240 3611 1391 3686; x_wconf 87' lang='lat' dir='ltr'>quornm</span> 
     </span>
     <span class='ocr_line' id='line_1_30' title="bbox 175 3698 1392 3799; baseline 0.006 -29"><span class='ocrx_word' id='word_1_253' title='bbox 175 3699 248 3771; x_wconf 89' lang='lat' dir='ltr'>XX</span> <span class='ocrx_word' id='word_1_254' title='bbox 261 3698 404 3773; x_wconf 89' lang='lat' dir='ltr'>unciam</span> <span class='ocrx_word' id='word_1_255' title='bbox 419 3699 568 3774; x_wconf 89' lang='lat' dir='ltr'>faciunt.</span> <span class='ocrx_word' id='word_1_256' title='bbox 581 3703 671 3775; x_wconf 90' lang='lat' dir='ltr'>Item</span> <span class='ocrx_word' id='word_1_257' title='bbox 684 3726 728 3775; x_wconf 90' lang='lat' dir='ltr'>ex</span> <span class='ocrx_word' id='word_1_258' title='bbox 740 3703 828 3776; x_wconf 90' lang='lat' dir='ltr'>VIII</span> <span class='ocrx_word' id='word_1_259' title='bbox 841 3700 930 3775; x_wconf 88' lang='lat' dir='ltr'>libro</span> <span class='ocrx_word' id='word_1_260' title='bbox 942 3725 1018 3799; x_wconf 90' lang='lat' dir='ltr'>cap.</span> <span class='ocrx_word' id='word_1_261' title='bbox 1030 3703 1209 3777; x_wconf 90' lang='lat' dir='ltr'>XXVIIII</span> <span class='ocrx_word' id='word_1_262' title='bbox 1218 3712 1392 3778; x_wconf 76' lang='lat' dir='ltr'>monaste</span> 
     </span>
     <span class='ocr_line' id='line_1_31' title="bbox 176 3814 1392 3912; baseline 0.004 -25"><span class='ocrx_word' id='word_1_263' title='bbox 176 3815 270 3888; x_wconf 93' lang='lat' dir='ltr'>rium</span> <span class='ocrx_word' id='word_1_264' title='bbox 283 3814 374 3912; x_wconf 92' lang='lat' dir='ltr'>quod</span> <span class='ocrx_word' id='word_1_265' title='bbox 387 3815 520 3889; x_wconf 87' lang='lat' dir='ltr'>dicitur</span> <span class='ocrx_word' id='word_1_266' title='bbox 533 3838 634 3890; x_wconf 90' lang='lat' dir='ltr'>mons</span> <span class='ocrx_word' id='word_1_267' title='bbox 647 3815 769 3904; x_wconf 83' lang='lat' dir='ltr'>maior,</span> <span class='ocrx_word' id='word_1_268' title='bbox 782 3815 893 3890; x_wconf 87' lang='lat' dir='ltr'>situm</span> <span class='ocrx_word' id='word_1_269' title='bbox 907 3814 945 3888; x_wconf 90' lang='lat' dir='ltr'>in</span> <span class='ocrx_word' id='word_1_270' title='bbox 960 3817 1161 3907; x_wconf 79' lang='lat' dir='ltr'>Provincia,</span> <span class='ocrx_word' id='word_1_271' title='bbox 1172 3825 1208 3891; x_wconf 91' lang='lat' dir='ltr'>et</span> <span class='ocrx_word' id='word_1_272' title='bbox 1217 3825 1392 3892; x_wconf 87' lang='lat' dir='ltr'>monaste·</span> 
     </span>
     <span class='ocr_line' id='line_1_32' title="bbox 175 3928 1392 4027; baseline 0.002 -26"><span class='ocrx_word' id='word_1_273' title='bbox 175 3929 269 4002; x_wconf 90' lang='lat' dir='ltr'>rium</span> <span class='ocrx_word' id='word_1_274' title='bbox 284 3939 416 4003; x_wconf 83' lang='lat' dir='ltr'>sanctae</span> <span class='ocrx_word' id='word_1_275' title='bbox 432 3929 553 4006; x_wconf 79' lang='lat' dir='ltr'>Mariae</span> <span class='ocrx_word' id='word_1_276' title='bbox 565 3930 608 4005; x_wconf 92' lang='lat' dir='ltr'>de</span> <span class='ocrx_word' id='word_1_277' title='bbox 621 3929 808 4018; x_wconf 69' lang='lat' dir='ltr'>Cressam</span> <span class='ocrx_word' id='word_1_278' title='bbox 821 3928 1127 4027; x_wconf 78' lang='lat' dir='ltr'>archiepiscopatu</span> <span class='ocrx_word' id='word_1_279' title='bbox 1141 3929 1325 4018; x_wconf 84' lang='lat' dir='ltr'>Narbonae,</span> <span class='ocrx_word' id='word_1_280' title='bbox 1338 3928 1392 4004; x_wconf 91' lang='lat' dir='ltr'>iu·</span> 
     </span>
     <span class='ocr_line' id='line_1_33' title="bbox 175 4041 1392 4138; baseline 0.002 -23"><span class='ocrx_word' id='word_1_281' title='bbox 175 4042 225 4115; x_wconf 89' lang='lat' dir='ltr'>ris</span> <span class='ocrx_word' id='word_1_282' title='bbox 233 4041 326 4116; x_wconf 92' lang='lat' dir='ltr'>beati</span> <span class='ocrx_word' id='word_1_283' title='bbox 338 4041 433 4115; x_wconf 89' lang='lat' dir='ltr'>Petri</span> <span class='ocrx_word' id='word_1_284' title='bbox 444 4041 629 4138; x_wconf 78' lang='lat' dir='ltr'>leguntur,</span> <span class='ocrx_word' id='word_1_285' title='bbox 637 4053 672 4117; x_wconf 89' lang='lat' dir='ltr'>et</span> <span class='ocrx_word' id='word_1_286' title='bbox 681 4043 870 4118; x_wconf 90' lang='lat' dir='ltr'>commissa</span> <span class='ocrx_word' id='word_1_287' title='bbox 879 4041 946 4117; x_wconf 91' lang='lat' dir='ltr'>sub</span> <span class='ocrx_word' id='word_1_288' title='bbox 954 4043 1068 4117; x_wconf 89' lang='lat' dir='ltr'>tutela</span> <span class='ocrx_word' id='word_1_289' title='bbox 1077 4043 1226 4118; x_wconf 86' lang='lat' dir='ltr'>Abbatis</span> <span class='ocrx_word' id='word_1_290' title='bbox 1236 4042 1392 4118; x_wconf 82' lang='lat' dir='ltr'>Maxiliae</span> 
     </span>
     <span class='ocr_line' id='line_1_34' title="bbox 175 4152 1391 4254; baseline 0.005 -28"><span class='ocrx_word' id='word_1_291' title='bbox 175 4154 236 4251; x_wconf 93' lang='lat' dir='ltr'>qui</span> <span class='ocrx_word' id='word_1_292' title='bbox 255 4152 471 4249; x_wconf 84' lang='lat' dir='ltr'>regulariter</span> <span class='ocrx_word' id='word_1_293' title='bbox 489 4166 724 4252; x_wconf 88' lang='lat' dir='ltr'>promovetur.</span> <span class='ocrx_word' id='word_1_294' title='bbox 737 4158 827 4231; x_wconf 93' lang='lat' dir='ltr'>Item</span> <span class='ocrx_word' id='word_1_295' title='bbox 840 4157 878 4229; x_wconf 93' lang='lat' dir='ltr'>in</span> <span class='ocrx_word' id='word_1_296' title='bbox 892 4156 1012 4231; x_wconf 87' lang='lat' dir='ltr'>eodem</span> <span class='ocrx_word' id='word_1_297' title='bbox 1026 4182 1101 4254; x_wconf 90' lang='lat' dir='ltr'>cap.</span> <span class='ocrx_word' id='word_1_298' title='bbox 1115 4161 1224 4232; x_wconf 93' lang='lat' dir='ltr'>XXX</span> <span class='ocrx_word' id='word_1_299' title='bbox 1240 4159 1391 4234; x_wconf 87' lang='lat' dir='ltr'>ecclesia</span> 
     </span>
     <span class='ocr_line' id='line_1_35' title="bbox 175 4267 1393 4367; baseline 0.005 -28"><span class='ocrx_word' id='word_1_300' title='bbox 175 4267 297 4340; x_wconf 90' lang='lat' dir='ltr'>Sancti</span> <span class='ocrx_word' id='word_1_301' title='bbox 309 4267 404 4341; x_wconf 92' lang='lat' dir='ltr'>Petri</span> <span class='ocrx_word' id='word_1_302' title='bbox 415 4267 451 4340; x_wconf 93' lang='lat' dir='ltr'>in</span> <span class='ocrx_word' id='word_1_303' title='bbox 463 4268 666 4367; x_wconf 88' lang='lat' dir='ltr'>episcopatu</span> <span class='ocrx_word' id='word_1_304' title='bbox 677 4269 906 4358; x_wconf 78' lang='lat' dir='ltr'>Pictaviensi,</span> <span class='ocrx_word' id='word_1_305' title='bbox 916 4270 953 4342; x_wconf 93' lang='lat' dir='ltr'>in</span> <span class='ocrx_word' id='word_1_306' title='bbox 963 4271 1050 4344; x_wconf 84' lang='lat' dir='ltr'>villa</span> <span class='ocrx_word' id='word_1_307' title='bbox 1059 4275 1305 4361; x_wconf 83' lang='lat' dir='ltr'>Mascarans,a</span> <span class='ocrx_word' id='word_1_308' title='bbox 1316 4271 1393 4347; x_wconf 87' lang='lat' dir='ltr'>suis</span> 
     </span>
    </p>
   </div>
   <div class='ocr_carea' id='block_1_4' title="bbox 174 4380 1392 4577">
    <p class='ocr_par' dir='ltr' id='par_1_4' title="bbox 174 4380 1392 4577">
     <span class='ocr_line' id='line_1_36' title="bbox 174 4380 1392 4485; baseline 0.005 -29"><span class='ocrx_word' id='word_1_309' title='bbox 174 4380 589 4457; x_wconf 83' lang='lat' dir='ltr'>conditoribusRomanae</span> <span class='ocrx_word' id='word_1_310' title='bbox 598 4382 1392 4485; x_wconf 83' lang='lat' dir='ltr'>Ecclesiaetraditaest,etunaquaeqnedomus</span> 
     </span>
     <span class='ocr_line' id='line_1_37' title="bbox 174 4495 1320 4577; baseline 0.006 -10"><span class='ocrx_word' id='word_1_311' title='bbox 174 4496 331 4569; x_wconf 84' lang='lat' dir='ltr'>ciusdem</span> <span class='ocrx_word' id='word_1_312' title='bbox 352 4495 449 4571; x_wconf 82' lang='lat' dir='ltr'>rillae</span> <span class='ocrx_word' id='word_1_313' title='bbox 465 4497 574 4572; x_wconf 89' lang='lat' dir='ltr'>solvit</span> <span class='ocrx_word' id='word_1_314' title='bbox 590 4498 777 4572; x_wconf 90' lang='lat' dir='ltr'>annuatim</span> <span class='ocrx_word' id='word_1_315' title='bbox 795 4500 882 4572; x_wconf 93' lang='lat' dir='ltr'>VlII</span> <span class='ocrx_word' id='word_1_316' title='bbox 899 4497 1062 4574; x_wconf 84' lang='lat' dir='ltr'>denarios</span> <span class='ocrx_word' id='word_1_317' title='bbox 1078 4499 1320 4577; x_wconf 83' lang='lat' dir='ltr'>Pictavenses.</span> 
     </span>
    </p>
   </div>
   <div class='ocr_carea' id='block_1_5' title="bbox 0 0 1808 5498">
    <p class='ocr_par' dir='ltr' id='par_1_5' title="bbox 0 0 1808 5498">
     <span class='ocr_line' id='line_1_38' title="bbox 0 0 1808 5498; baseline 0 0"><span class='ocrx_word' id='word_1_318' title='bbox 0 0 1808 5498; x_wconf 95' lang='lat' dir='ltr'> </span> 
     </span>
    </p>
   </div>
  </div>
 </body>
</html>
