3608 5498
805 401 1001 465 -385-

288 521 372 618 quia
390 546 472 597 oum
490 522 624 597 veritas
641 523 785 612 diceret,
801 545 872 597 non
889 523 981 622 quod
998 523 1111 599 intrat
1127 523 1165 597 in
1178 546 1217 599 os
1229 523 1437 622 coinquinat
1449 521 1510 597 ho·

289 636 434 724 minem,
455 648 492 712 et
512 637 679 735 discipuli
702 638 954 735 responderent
970 637 1140 729 dicenter,
1158 638 1229 712 sois
1246 637 1331 736 quia
1354 637 1511 735 pharisei

288 750 410 824 audito
426 752 492 827 boc
508 752 617 826 verbo
633 752 866 828 scandalizati
885 762 981 840 sunt,
998 750 1161 848 protinus
1178 751 1367 849 respondit.
1386 750 1513 826 Omnis

289 862 462 959 plantatio
478 889 585 962 quam
599 890 670 940 non
683 865 861 964 plantavit
875 875 974 962 pater
987 889 1089 940 mens
1101 864 1244 940 celestis
1257 864 1510 952 eradicabitur,

289 976 397 1052 sinite
414 977 505 1067 illos,
520 980 606 1055 oaeci
619 990 705 1054 sunt
721 981 830 1055 duces
843 974 1029 1056 caecorum.
1041 983 1089 1055 Et
1101 989 1222 1056 tamen
1238 1003 1322 1054 cnm
1334 977 1511 1053 tributum

289 1100 469 1187 peteretur
486 1093 588 1193 prius
605 1096 779 1171 rationem
797 1094 951 1171 reddidit
968 1118 1153 1192 perquam
1170 1093 1348 1170 tributum
1375 1091 1513 1168 solvere

290 1227 360 1278 non
378 1206 532 1298 deberet,
549 1218 657 1307 atque
680 1210 763 1287 ilico
788 1209 1008 1285 subiuncxit.
1024 1211 1075 1284 Ut
1096 1218 1215 1284 autem
1241 1229 1312 1282 non
1336 1205 1513 1282 scandali-

290 1344 413 1394 zemus
429 1344 497 1410 eos,
516 1323 608 1397 vade
626 1322 751 1421 inquid
768 1324 813 1398 ad
833 1347 943 1411 mare,
959 1332 996 1397 et
1012 1320 1115 1398 mitte
1132 1322 1290 1410 hamum,
1308 1328 1345 1396 et
1362 1345 1445 1396 eum
1463 1319 1514 1416 pi·

289 1457 385 1508 soem
404 1434 464 1531 qui
483 1435 621 1533 primus
637 1437 847 1527 ascenderit,
864 1435 949 1512 tolle
966 1446 1002 1510 ct
1018 1446 1140 1533 aperto
1156 1458 1216 1510 ore
1233 1434 1310 1511 eius
1323 1435 1513 1509 inveniens

290 1555 469 1637 staterem,
488 1548 591 1623 illum
609 1575 710 1626 sume
727 1562 763 1626 et
779 1551 881 1625 dabis
905 1549 958 1624 eis
983 1571 1045 1646 pro
1069 1573 1126 1623 me
1151 1557 1188 1623 et
1212 1557 1257 1623 te.
1282 1546 1376 1634 Quid
1392 1556 1448 1622 est
1471 1547 1514 1622 de

290 1659 542 1736 scandalizatis
558 1661 641 1735 aliis
657 1663 803 1752 dicitur,
820 1664 928 1738 sinito
946 1662 1026 1736 illos
1050 1661 1136 1737 oaeci
1161 1671 1258 1752 sunt,
1279 1662 1388 1738 duces
1405 1683 1514 1736 caeco-

292 1798 386 1861 rum,
410 1784 446 1848 et
470 1773 533 1847 alii
558 1799 603 1849 ne
629 1776 916 1852 scandalizentur
940 1802 962 1850 a
987 1776 1136 1851 Domino
1160 1775 1336 1851 tributum
1361 1775 1514 1850 solvitur

291 1888 383 1985 quod
405 1913 475 1963 non
493 1890 651 1965 debetur.
669 1891 762 1978 Quid
780 1900 836 1966 est
856 1891 948 1990 quod
972 1890 1071 1966 aliud
1096 1891 1305 1966 scandalum
1331 1914 1408 1965 esse
1437 1915 1514 1989 pcr-

292 2002 399 2090 misit,
416 2001 514 2077 aliud
531 2028 615 2080 vero
631 2005 755 2080 venire
769 2005 960 2103 prohibuit,
976 2005 1045 2078 nisi
1071 2015 1113 2080 ut
1136 2028 1201 2079 nos
1225 2005 1367 2080 doceret
1391 2013 1426 2078 et
1451 2002 1514 2075 illa

291 2116 459 2190 scandala
475 2141 555 2214 quas
571 2142 635 2192 nos
649 2119 836 2216 implicant
853 2120 891 2192 in
910 2128 1054 2216 peccata
1068 2126 1317 2215 contempnere
1330 2126 1367 2192 et
1379 2140 1420 2191 ca
1434 2139 1514 2214 quaa

290 2229 429 2325 placare
448 2230 525 2306 sine
543 2241 687 2329 peceato
704 2256 893 2332 possumus
911 2232 1024 2307 modis
1040 2232 1206 2308 omnibus
1222 2232 1402 2329 mitigare.

830 2397 970 2483 LXVII.

387 2571 585 2668 Gregorius
594 2572 803 2647 Godiscaldo
817 2570 1105 2660 Duci,Mauricio
1118 2569 1414 2671 Imperatorillla
1427 2595 1514 2670 pras·

292 2684 486 2781 positorum
509 2685 710 2761 sollicitudo
725 2685 837 2775 utilis,
855 2684 917 2758 illa
935 2695 990 2759 eat
1006 2685 1147 2760 cautela
1168 2683 1369 2773 laudabilis,
1384 2684 1424 2757 in
1441 2708 1512 2782 qua

291 2806 405 2869 toturn
424 2796 514 2871 ratio
530 2798 620 2893 agit,
637 2807 673 2872 et
692 2798 792 2872 furor
817 2798 885 2873 sibi
910 2797 1022 2873 nichil
1047 2797 1226 2873 vendicat.
1250 2796 1514 2893 Rostringenda

291 2908 357 2981 sub
375 2909 510 2985 ratione
526 2920 681 3009 potestas
699 2921 764 3000 est,
781 2936 847 2987 nso
863 2912 950 3010 quid
966 2912 1147 3007 agendum
1170 2910 1379 3009 priusquam
1397 2911 1514 2986 conci-
1588 2950 1590 2955 ,

194 3011 197 3017 ⁴
290 3032 365 3097 tata
381 3023 426 3097 ad
442 3024 741 3123 tranquillitatem
759 3050 862 3101 meus
887 3025 1016 3101 redeat.
1033 3028 1127 3099 Nam
1151 3013 1397 3100 commotionis
1421 3032 1511 3100 tem·
1599 3068 1602 3074 <

291 3160 372 3232 pore
390 3136 525 3212 iustum
544 3148 648 3239 putat
662 3161 766 3214 omne
783 3139 876 3236 quod
893 3138 1029 3215 fecerit.

816 3303 974 3390 nxvln

386 3476 584 3572 Gregorius
609 3475 766 3574 Agnello
789 3476 961 3576 Episcopo
985 3475 1247 3565 Tarracinensi,
1265 3475 1359 3552 inter
1382 3485 1512 3552 cetera.

291 3589 384 3677 Quia
399 3613 485 3664 vero
501 3591 738 3688 comperimus
759 3590 891 3665 multos
912 3613 950 3664 se
970 3614 991 3661 a
1014 3599 1198 3687 murorum
1224 3588 1365 3686 vigiliis
1389 3613 1514 3663 eausa·

292 3730 330 3778 re
343 3706 432 3804 (aio),
442 3705 489 3780 sit
506 3705 714 3780 fraternitas
730 3715 851 3780 vestra
868 3703 1033 3791 sollicita,
1045 3712 1081 3777 et
1094 3702 1237 3777 nullum
1251 3726 1366 3801 neque
1380 3726 1442 3800 per
1454 3725 1514 3778 no

291 3829 374 3892 stra
387 3818 445 3893 vol
462 3818 623 3894 ecclesiae
640 3843 714 3892 sua
730 3841 869 3906 nomen,
882 3825 946 3890 aut
958 3815 1117 3914 quolibet
1132 3815 1203 3890 alio
1220 3816 1320 3890 modo
1336 3815 1512 3891 desendia

290 3931 430 4026 vigiliis
443 3933 612 4029 patiatur,
621 3931 682 4005 sed
694 3954 817 4005 omnes
829 3927 1048 4027 generaliter
1060 3927 1329 4026 compellantur,
1341 3927 1513 4025 quatinus

290 4046 432 4120 cunetis
453 4043 705 4139 vigilantibus,
723 4044 852 4118 melius
876 4041 1075 4116 auxiliante
1091 4042 1242 4115 Domino
1266 4041 1427 4116 civitatis
1452 4065 1513 4114 va·

291 4156 361 4231 leat
370 4158 531 4232 custodia
545 4159 738 4256 provocari.
748 4157 844 4232 idem
855 4155 1022 4231 Ianuario
1034 4154 1195 4251 episcopo
1205 4152 1419 4230 Calaritano.
1428 4157 1514 4229 Fra·

289 4270 440 4344 tenuitas
456 4278 576 4345 vestra
592 4270 678 4344 dum
697 4270 782 4346 licet
798 4270 983 4344 civitatem
1002 4279 1101 4342 tuam
1120 4267 1177 4342 vel
1195 4267 1267 4340 alia
1285 4267 1362 4343 loca
1379 4267 1510 4343 fortius

163 4430 168 4435 -
290 4383 424 4456 muniri
450 4384 653 4480 prevaleat,
670 4393 778 4481 atque
803 4383 991 4457 immineat
1008 4391 1050 4455 ut
1065 4381 1288 4457 abundanter
1312 4382 1350 4455 in
1368 4381 1421 4457 eis
1438 4405 1513 4456 cre·

289 4495 363 4569 dita
380 4506 626 4593 procurentur,
642 4506 684 4569 ut
700 4496 731 4569 si
751 4494 941 4592 Agilulfus
961 4493 1061 4582 illuc,
1078 4493 1147 4569 sibi
1163 4496 1237 4571 Deo
1260 4495 1376 4570 iratus
1392 4516 1512 4570 acces·

1294 4609 1331 4662 aa
