3608 5498
671 433 712 448 -
735 400 801 466 227
825 431 866 459 ·-.

157 521 296 598 diaconi
319 519 757 620 011101001000100010010,
776 517 1052 594 0010101010010
1071 541 1127 594 000
1144 526 1285 614 agatur.
1307 516 1376 593 Sed
1400 569 1401 572 ¹

155 633 267 710 nichil
288 635 382 734 apud
405 637 518 711 Deum
538 633 717 723 miserius,
734 642 770 707 01
786 632 940 724 10101100,
956 642 993 709 01
1009 632 1259 708 damnabilius.
1285 632 1374 706 Item

157 746 270 824 nichil
287 748 390 823 estin
408 748 474 825 hac
492 748 568 823 0110
584 757 621 823 01
637 747 795 823 maxime
810 747 877 822 hoc
893 757 1050 846 tempore
1076 745 1268 836 difficilius,
1285 744 1377 820 labo·

158 861 299 952 riosius,
319 861 567 962 periculosius,
586 860 751 960 episcopi,
771 860 983 960 presbyteri,
1007 860 1146 937 diaconi
1170 859 1292 936 officio.
1310 858 1379 934 Sed

156 975 251 1075 apud
264 978 378 1052 Deum
392 974 505 1050 nichil
520 974 670 1064 beatius,
683 973 714 1048 si
732 975 885 1050 eomodo
899 974 1085 1066 militetur,
1101 997 1171 1073 quo
1183 982 1303 1049 nester
1315 972 1380 1046 im·

158 1089 313 1188 peratori
326 1087 435 1163 iubet.
460 1088 550 1176 Quis
566 1097 687 1163 autem
706 1087 834 1164 sitista
850 1088 985 1177 modus,
1001 1112 1068 1164 nac
1084 1112 1106 1161 a
1122 1086 1277 1188 pueritia
1291 1110 1380 1175 mea,

159 1226 225 1278 nec
242 1202 286 1277 ab
303 1201 542 1279 adolescentia
553 1201 674 1292 didici,
690 1212 727 1278 et
743 1225 783 1277 eo
795 1211 951 1301 tempore
964 1226 1033 1301 quo
1045 1202 1181 1278 discere
1194 1225 1379 1301 caperem,

158 1316 216 1391 vis
233 1315 322 1390 mihi
334 1316 431 1392 facta
444 1326 499 1391 est
512 1315 638 1392 000110
650 1325 877 1414 peccatorum
891 1340 1062 1392 meorum.
1074 1318 1167 1390 Nam
1181 1314 1267 1413 quid
1280 1313 1379 1388 aliud

159 1428 359 1507 existimem
385 1430 516 1520 nescio,
540 1439 582 1506 ut
606 1430 785 1506 secundus
810 1428 910 1505 locus
934 1426 1262 1525 gubernaculorum
1289 1425 1378 1500 mihi

159 1543 369 1633 traderetur,
386 1543 447 1642 qui
467 1567 606 1620 remum
624 1552 745 1631 tenere
763 1566 833 1617 non
850 1566 1029 1619 noveram.

663 1749 668 1758 ’
728 1771 816 1855 000.

255 1999 465 2075 Ambrosius
481 1999 518 2074 in
536 2003 571 2074 11
588 1998 678 2074 libro
693 1998 899 2074 officiorum.
912 1999 982 2076 Sed
994 2008 1030 2075 et
1046 2000 1263 2076 sacerdotem
1277 1998 1380 2074 bane·

162 2111 253 2188 ficiis
270 2112 346 2188 suis
362 2113 420 2190 001
439 2113 584 2189 iudiciis
600 2114 722 2189 favere
739 2112 918 2203 00000011,
934 2123 976 2188 01
999 2113 1240 2213 aequalitatem
1264 2120 1381 2188 custo·

161 2224 246 2315 diat,
259 2237 295 2301 et
311 2226 561 2326 presbyterum
578 2226 639 2303 001
656 2226 862 2301 010101000
879 2227 1071 2305 deferrent
1087 2227 1238 2330 parenti.
1254 2230 1380 2326 Neque

160 2338 224 2414 hos
236 2340 320 2439 quia
333 2341 443 2417 semel
455 2341 593 2441 probati
606 2350 692 2415 0001
708 2348 919 2436 arrogantes
933 2366 1009 2417 esse
1029 2349 1176 2440 oportet,
1189 2341 1250 2416 sed
1264 2340 1381 2437 magis

160 2476 333 2529 memores
345 2453 473 2550 gratiae
485 2453 727 2529 humilitatem
740 2462 871 2529 tenere.
880 2456 957 2531 Nec
965 2455 1093 2531 offendi
1107 2454 1337 2544 sacerdotem,
1348 2453 1380 2530 si

159 2576 224 2642 aut
238 2567 509 2668 presbyter,aut
521 2568 695 2658 minister,
706 2578 770 2644 aut
782 2568 971 2668 quisquam
984 2570 1028 2645 de
1049 2568 1155 2660 01000,
1167 2580 1232 2645 001
1245 2567 1383 2644 miseri·

160 2681 289 2770 cordia,
298 2691 362 2758 aut
377 2682 522 2772 ieiunio,
534 2692 598 2759 aut
611 2681 831 2778 integritate,
843 2693 908 2760 aut
921 2684 1094 2774 doctrina,
1103 2695 1140 2761 et
1147 2683 1298 2761 lectione
1311 2683 1383 2760 exi·

160 2795 398 2872 etimationem
416 2796 625 2874 accumulat
640 2822 753 2872 suam.
772 2797 898 2873 Gratia
911 2797 1007 2874 euim
1024 2797 1205 2890 acclesiae,
1225 2798 1305 2873 laus
1325 2798 1383 2873 do·

160 2910 1133 3011 010010001,1000000ρο001100100000110001,11010000
1147 2912 1178 2986 si
1192 2911 1291 2987 nullo
1308 2921 1383 2988 stu-

161 3022 218 3098 dio
239 3025 301 3098 1101
326 3023 516 3100 iactantiae.
532 3024 693 3100 Laudent
710 3024 805 3101 enim
824 3050 1117 3126 unumquemque
1133 3026 1382 3125 proximorum,

161 3136 255 3211 labia
271 3147 308 3212 et
324 3162 394 3213 000
412 3162 450 3212 00
467 3164 586 3228 suum,
611 3148 648 3213 et
668 3138 917 3215 commendent
942 3163 1047 3238 opera
1071 3164 1142 3215 non
1166 3140 1284 3216 studio
1308 3163 1382 3216 000.

162 3251 340 3326 Caeterum
359 3252 391 3326 si
408 3252 575 3351 quianon
592 3250 731 3326 obediat
743 3250 914 3350 episcopo,
926 3251 1093 3329 extollere
1105 3262 1213 3352 atque
1225 3252 1383 3329 exaltare

162 3389 199 3440 se
216 3364 391 3442 desideret
409 3366 537 3441 merita
554 3364 707 3464 episcopi
720 3364 931 3440 obumbrare
944 3365 1114 3441 01001010
1128 3365 1383 3443 0110011000ᾶο

162 3477 300 3568 ctrina,
312 3488 376 3553 aut
388 3478 617 3568 humilitatis,
633 3489 698 3553 aut
711 3476 972 3569 misericordia,
985 3478 1042 3553 his
1055 3503 1077 3553 a
1090 3503 1174 3555 vero
1186 3479 1313 3556 devius
1325 3505 1383 3554 su·

161 3590 462 3690 perbit,qu0niam
476 3591 641 3668 veritatis
653 3616 695 3668 ea
707 3600 763 3668 est
776 3590 902 3687 regula
912 3601 954 3667 ut
961 3591 1075 3666 nichil
1083 3591 1193 3669 faciat
1206 3615 1384 3670 commen·

162 3703 269 3779 dandi
282 3704 339 3778 001
352 3729 463 3781 causa
476 3728 545 3803 quo
558 3705 674 3780 minor
685 3704 781 3780 alius
793 3705 866 3778 fiat.
879 3707 1004 3803 Neque
1017 3705 1047 3780 01
1062 3705 1241 3805 quidboni
1254 3705 1384 3782 babeat

162 3816 198 3892 id
215 3818 260 3893 ad
275 3818 564 3895 deformationem
578 3817 729 3896 alterius
743 3829 782 3895 et
797 3818 1096 3917 vituperationem
1113 3842 1287 3896 exerceas
1302 3822 1382 3895 Non

162 3929 330 4006 defendas
348 3929 546 4029 improbum
563 3941 600 4008 et
616 3942 741 4008 sancta
758 3930 908 4029 indigno
925 3933 1178 4010 committenda
1189 3933 1384 4010 arbitreris.

162 4045 287 4142 Neque
295 4043 426 4119 iterum
436 4067 570 4141 urgeas
582 4052 618 4121 01
630 4045 831 4144 impugnes,
843 4045 948 4121 cuius
961 4045 1098 4122 crimen
1110 4069 1181 4122 non
1193 4045 1385 4144 deprehen·

161 4155 266 4231 deris.
281 4159 375 4232 Nam
394 4182 477 4232 cum
495 4156 533 4231 in
549 4157 714 4232 omnibus
731 4157 919 4234 iniustitia
935 4159 1007 4236 cito
1023 4158 1186 4251 offendat,
1209 4169 1287 4235 tum
1313 4185 1386 4234 ma·

161 4268 256 4344 xime
268 4269 306 4342 10
320 4269 482 4346 aecclesia
500 4270 560 4345 ubi
577 4271 783 4370 aequitatem
800 4270 922 4346 haberi
940 4272 1053 4362 decet,
1068 4272 1130 4349 ubi
1143 4272 1383 4372 equalitatem

161 4379 283 4457 haberi
300 4391 448 4481 oportet,
470 4393 511 4458 01
536 4383 650 4461 nichil
675 4383 744 4462 sibi
771 4384 944 4484 potentior
970 4385 1051 4482 plus
1075 4386 1247 4477 vindicet,
1270 4385 1385 4463 nichil

162 4491 243 4591 plus
259 4504 409 4593 usurpet
424 4495 541 4572 ditior.
558 4497 644 4573 Sive
660 4497 757 4573 enim
783 4521 927 4596 pauper,
951 4499 1029 4575 sive
1053 4499 1220 4591 1100010
1242 4499 1385 4576 Christo
