3608 5498
804 439 845 454 -
869 407 933 470 411
960 441 1003 454 -

758 542 785 643 ss
835 561 959 645 nour.

808 738 844 789 1n
868 736 995 792 eadem.
1051 768 1054 772 -

387 876 456 946 Pro
473 897 531 949 me
555 859 916 949 animadvertendum
934 883 1000 964 est,
1016 873 1101 972 quia
1118 895 1188 947 non
1205 869 1355 961 Nicena,
1372 895 1442 948 non
1459 875 1516 951 de·

289 986 397 1085 nique
416 988 491 1062 ulla
507 988 668 1088 synodus
684 989 884 1087 quodquam
903 990 1071 1062 Romanae
1087 986 1258 1063 aecclesiae
1275 986 1429 1063 contulit
1445 989 1516 1086 pri·

289 1103 479 1200 vilegium,
492 1129 571 1202 quae
588 1105 625 1179 in
640 1108 745 1181 Petro
760 1105 910 1180 noverat
927 1114 1000 1176 tam
1019 1100 1130 1176 totius
1146 1101 1227 1174 iura
1244 1100 1430 1200 potestatis
1443 1101 1515 1200 ple-

290 1216 384 1291 niter
402 1217 587 1305 meruisse,
606 1228 642 1293 ot
654 1227 869 1294 cunctarum
888 1215 1024 1292 Christi
1041 1215 1162 1290 ovium
1182 1216 1344 1312 regimen
1360 1217 1515 1315 accepis·

290 1355 337 1405 se.
355 1330 458 1406 Sicut
474 1331 600 1407 beatus
617 1331 747 1430 praesul
761 1327 962 1406 Bonifatius
978 1338 1171 1404 attestatur
1188 1329 1367 1404 universis
1383 1331 1516 1428 episco-

290 1443 425 1543 pisper
442 1444 663 1520 Thessaliam
682 1444 888 1520 constitutis
912 1442 1081 1517 scribens
1098 1441 1281 1517 Institutio
1299 1442 1515 1519 universalis

290 1557 472 1633 nascentis
490 1558 651 1634 ecclesiae
668 1559 710 1634 de
735 1557 829 1633 beati
847 1556 944 1632 Petri
970 1555 1123 1654 sumpsit
1139 1557 1269 1631 honore
1286 1556 1515 1655 principium,

290 1670 329 1743 iu
347 1694 416 1768 quo
432 1671 595 1767 regimen
613 1681 668 1747 est
683 1681 720 1747 ct
736 1694 876 1745 summa
890 1669 1062 1745 consistit.
1072 1672 1127 1743 Ex
1139 1669 1217 1744 eius
1229 1669 1325 1744 cuim
1340 1670 1516 1746 aecclesia·

290 1783 381 1860 stica
397 1784 587 1884 disciplina
605 1791 667 1885 pe'r
683 1809 805 1861 omnes
829 1782 1001 1859 ecclesias
1025 1782 1212 1880 religionis
1236 1783 1307 1857 iam
1333 1794 1516 1882 crescente

293 1898 546 1989 cultura,'s0ns
569 1899 761 1976 emanavit.
777 1901 928 1997 Nycene
953 1897 1081 1996 synodi
1110 1922 1181 1973 non
1211 1897 1310 1974 aliud
1339 1909 1516 1998 praecepta

290 2022 481 2104 testantur,
498 2039 519 2088 a
536 2017 609 2089 Deo
633 2036 703 2088 non
729 2011 865 2111 aliquid
889 2016 997 2109 super
1022 2036 1099 2086 eam
1117 2035 1206 2085 ausa
1222 2011 1271 2086 sit
1287 2010 1515 2101 constituere,

290 2152 374 2202 cum
394 2127 533 2202 videret
546 2126 659 2202 nichil
672 2150 780 2225 supra
794 2123 963 2200 meritum
977 2149 1084 2198 suum
1098 2144 1198 2222 posse
1212 2123 1375 2199 conferri.
1387 2124 1517 2200 Omnia

290 2239 442 2338 denique
459 2251 618 2331 noverat,
630 2240 717 2316 huic
735 2238 877 2316 Domini
892 2258 1053 2312 sermone
1070 2258 1248 2313 concessa.
1261 2237 1299 2310 Si
1317 2233 1447 2326 omnia,
1463 2256 1516 2313 er·

290 2375 337 2448 go
354 2352 467 2428 nichil
479 2353 604 2445 defuit,
622 2354 715 2452 quod
726 2377 797 2428 non
815 2349 869 2426 illi
883 2350 1109 2427 concesserit.
1122 2345 1284 2448 Denique
1302 2350 1333 2424 si
1346 2350 1515 2424 instituta

290 2469 441 2563 Nycene
470 2467 598 2564 synodi
628 2466 823 2562 diligentes
852 2464 1102 2564 inspiciantur,
1119 2464 1325 2540 invenietur
1350 2465 1516 2563 profecto,

291 2579 374 2677 quia
393 2583 561 2655 Romanae
578 2579 739 2657 ecclesiae
755 2579 896 2655 nullum
916 2580 1037 2655 eadem
1056 2579 1215 2677 synodus
1232 2578 1386 2654 contulit
1402 2578 1517 2655 incre-

290 2700 465 2782 mentum,
482 2692 543 2768 sed
564 2692 682 2790 potius
706 2718 750 2769 ex
773 2693 850 2768 eius
875 2694 999 2784 forma,
1017 2695 1110 2792 quod
1128 2694 1370 2771 Alexandrino
1394 2693 1517 2769 aeccle·

293 2807 356 2881 siae
373 2806 557 2897 tribueret,
573 2807 841 2906 particulariter
858 2809 1012 2906 sumpsit
1029 2807 1245 2909 exemplum.
1259 2811 1334 2883 Hoc
1348 2809 1463 2905 igitur
1480 2818 1517 2883 et

290 2920 347 2994 his
364 2921 496 2995 similia
514 2945 577 2996 nos
594 2931 631 2996 ct
655 2944 717 3020 pro
734 2921 1127 3025 Constantinopolitano
1152 2934 1189 2998 et
1214 2946 1276 3020 pro
1292 2923 1435 2998 cunctis
1459 2947 1515 2998 ec·

292 3034 412 3110 clesiis
428 3034 598 3111 sollicitos
616 3036 777 3111 reddunt.

830 3181 972 3265 llllllll.

765 3358 847 3410 Item
863 3360 896 3411 ln
913 3361 1039 3413 eadem.

385 3497 455 3571 Per
471 3493 703 3595 principalem
722 3494 906 3570 beatorum
922 3494 1168 3594 Apostolorum
1183 3493 1281 3569 Petri
1299 3504 1336 3570 et
1349 3493 1454 3569 Pauli
1473 3493 1516 3568 do

291 3633 361 3708 qua
379 3634 486 3707 supra
499 3610 728 3708 exposuimus
741 3618 961 3708 potestatem,
971 3608 1028 3681 ius
1042 3607 1216 3682 habemus
1229 3630 1298 3682 non
1317 3607 1432 3682 solum
1446 3628 1517 3680 mo

291 3723 435 3813 rachos,
450 3747 578 3798 verum
596 3723 703 3798 etiam
721 3723 898 3822 quoslibet
913 3722 1062 3799 clericos
1078 3722 1121 3796 dc
1139 3746 1365 3820 quacumque
1383 3719 1515 3796 diocesi

291 3863 374 3913 cum
387 3861 532 3914 neccsse
545 3837 655 3912 fuerit
667 3837 711 3912 ad
725 3860 788 3912 nos
806 3860 964 3928 evocare,
976 3847 1084 3935 atquc
1102 3834 1360 3911 ecclesiasticis
1372 3833 1518 3929 exigen-

290 3951 387 4026 tibus
402 3950 702 4050 oportunitatibus
719 3950 884 4027 invitarc.
898 3956 945 4027 llt
962 3961 1003 4026 ut
1020 3976 1103 4027 cum
1120 3950 1224 4026 beato
1237 3949 1381 4026 Gelasio
1397 3957 1517 4024 nostre

291 4067 384 4143 sedis
400 4065 561 4140 antistite
578 4064 739 4140 consulte
752 4064 927 4154 dicamus,
939 4066 1141 4142 necessaria
1156 4089 1275 4140 rerum
1290 4062 1517 4163 dispositione

290 4178 585 4274 constringimur,
601 4188 637 4254 et
660 4178 861 4280 apostolicae
886 4180 987 4254 Sedis
1013 4179 1253 4254 moderamine
1278 4177 1516 4278 convenimur

292 4295 344 4368 sic
361 4315 537 4367 canonum
556 4302 785 4394 paternorum
803 4292 945 4367 decreta
970 4292 1113 4381 librare,
1140 4302 1176 4366 et
1203 4300 1296 4366 retro
1321 4290 1515 4389 praesulum

292 4404 588 4504 decessorumque
616 4415 818 4481 nostrorum
844 4422 1019 4504 praecepta
1041 4405 1173 4495 metiri,
1203 4414 1243 4481 ut
1268 4429 1348 4503 quar
1365 4428 1518 4502 praesen-

292 4518 384 4596 tium
409 4521 604 4598 necessitas
628 4530 840 4624 temporum,
865 4520 1108 4599 restaurandis
1131 4518 1295 4600 ecclesiis
1320 4519 1515 4597 relaxanda
