3608 5498
801 378 995 442 -198-

288 500 434 575 nriorem
451 501 606 597 gradum
623 522 783 575 creseere
800 497 1007 588 declinaret,
1025 512 1194 577 asanetae
1208 503 1375 579 memorie
1388 502 1508 580 deces-

288 636 366 689 sore
384 636 460 689 meo
477 612 585 688 missa
602 612 860 712 supplicatione
877 626 1092 711 poposcerat,
1109 641 1154 692 ne
1170 616 1215 691 ad
1231 616 1331 692 hunc
1346 618 1507 694 ordinem

288 727 427 802 invitus
444 728 639 816 accederet,
655 727 721 803 hoc
739 729 835 805 enim
854 733 932 809 fieri
951 729 1018 805 sibi
1040 754 1110 805 non
1137 729 1353 830 provehendi
1377 730 1509 827 gratia,

288 841 349 917 sed
365 867 474 918 causa
491 842 763 940 ingratitudinis
779 847 928 923 dicebat.
941 844 1037 922 Idem
1052 844 1173 919 Natali
1188 844 1359 942 Episcopo
1372 844 1508 919 Saloni·

287 964 380 1031 tarro.
397 955 500 1032 Sicut
515 955 652 1032 iustum
669 966 782 1034 estut
799 984 902 1037 nemo
921 984 1081 1038 creseere
1104 967 1256 1055 cogatur
1281 958 1431 1049 invitus,
1456 959 1509 1034 ita

288 1069 505 1146 censendum
522 1081 617 1169 puto,
635 1097 679 1148 ne
696 1075 885 1174 quisquam
898 1076 1022 1159 insons
1034 1075 1080 1150 ab
1092 1072 1227 1149 ordinis
1239 1074 1297 1148 sui
1311 1073 1510 1150 ministerio

288 1183 464 1259 abiciatur
480 1184 623 1262 iniuste.

851 1415 941 1506 LXI.

385 1642 583 1738 Gregorius
599 1642 766 1718 Ianuario
783 1643 954 1744 Episcopo
971 1642 1175 1719 Calaritano
1188 1651 1265 1740 post
1278 1653 1415 1718 caetera.
1429 1645 1512 1718 Per·

289 1754 390 1829 uenit
405 1777 543 1854 quoque
560 1755 605 1831 ad
621 1779 685 1832 nos
701 1756 871 1856 quosdam
888 1755 1148 1832 scandalizatos
1172 1754 1294 1845 fuisse,
1319 1756 1411 1853 quod
1436 1780 1512 1854 pre·

289 1867 454 1967 sbytcros
471 1868 666 1947 chrismate
684 1879 833 1968 tangere
858 1895 917 1947 eos
941 1869 1003 1967 qui
1027 1868 1199 1969 baptizati
1225 1876 1312 1943 sunt
1335 1867 1514 1966 prohibui·

291 2007 381 2056 mus.
398 1985 444 2058 Et
460 2006 524 2059 nos
540 1984 682 2083 quidem
700 1986 898 2060 secundum
916 2010 1022 2058 usum
1037 1994 1195 2059 veterem
1209 1982 1370 2059 ecclesiae
1383 1993 1513 2058 nostrae

289 2095 451 2171 fecimus.
468 2096 537 2172 Sed
554 2096 584 2171 si
602 2096 745 2173 omnino
760 2098 827 2175 hac
845 2099 888 2173 de
903 2123 940 2174 re
957 2098 1068 2198 aliqui
1083 2099 1342 2175 contristantur
1355 2097 1416 2173 ubi
1430 2096 1512 2194 Epi·

290 2209 387 2307 scopi
404 2208 545 2301 desunt,
568 2221 609 2287 nt
629 2211 831 2310 presbyteri
844 2210 954 2287 etiam
966 2211 1004 2285 in
1018 2211 1195 2288 frontibus
1206 2210 1403 2309 baptizatos
1415 2208 1509 2285 chri-

291 2331 406 2398 smate
422 2331 573 2421 tangere
590 2323 740 2400 debeant
757 2324 995 2401 concedimus.

848 2551 953 2636 LXII.

387 2781 587 2876 Gregorius
604 2781 783 2856 Montana
800 2788 837 2856 et
852 2779 997 2855 Thomae
1014 2787 1092 2879 post
1109 2786 1238 2854 cetera.
1255 2782 1349 2853 Nam
1367 2777 1515 2853 iustitia

290 2920 333 2972 ac
351 2894 500 2970 rationis
516 2894 600 2969 ordo
617 2894 753 2985 suadet,
770 2904 811 2971 ut
828 2895 890 2994 qui
910 2920 976 2969 sua
1001 2919 1022 2967 a
1047 2891 1311 2968 successoribus
1336 2890 1513 2966 desiderat

289 3009 457 3086 mandata
470 3009 619 3097 servari,
632 3009 826 3086 decessoris
844 3008 902 3085 sui
917 3005 1147 3105 proculdubio
1160 3005 1381 3081 voluntatem
1395 3014 1432 3079 et
1444 3013 1515 3078 sta-

290 3136 370 3202 tuta
387 3125 575 3216 custodiat,
591 3124 686 3202 hane
703 3133 825 3201 autem
839 3120 1133 3199 manumissionis
1146 3120 1315 3218 paginam
1330 3118 1444 3217 patrio
1456 3141 1516 3192 no-

290 3240 383 3315 tario
398 3237 622 3316 scribendam
640 3236 858 3312 dictavimus
875 3247 912 3313 et
930 3237 1070 3335 propria
1088 3261 1199 3309 manu
1213 3258 1382 3309 unacum
1397 3233 1515 3307 tribus

292 3351 513 3453 presbyt-eris
526 3353 705 3451 prioribus
722 3362 759 3428 et
771 3353 887 3428 tribus
899 3350 1107 3428 diaconibus
1116 3373 1177 3449 pro
1189 3348 1396 3448 plenissima
1409 3347 1518 3420 firmi·

291 3477 366 3545 tate
378 3465 665 3572 subscripsimus,
673 3466 842 3566 vobisque
854 3465 1078 3542 tradidimus.
1091 3470 1226 3540 Actum
1240 3463 1278 3537 in
1294 3463 1383 3538 urbe
1396 3463 1517 3538 Roma.

839 3693 964 3778 LXIII.

386 3922 584 4020 Gregorius
596 3921 774 3999 Bonifatio
786 3921 900 4023 primo
911 3919 1096 3996 defensori.
1110 3922 1195 3994 Post
1207 3941 1331 4016 pauca.
1341 3915 1433 4005 Quia
1446 3916 1515 4013 igi-

292 4048 354 4115 tur
370 4038 597 4114 defensorum
614 4038 772 4114 officium
788 4037 827 4110 in
844 4033 966 4111 causis
982 4031 1153 4109 aeeclesia
1166 4041 1203 4108 et
1215 4030 1393 4129 obsequiis
1405 4031 1519 4106 nosci·

290 4164 351 4229 tur
367 4151 527 4227 laborare
544 4149 763 4250 pontificum,
780 4150 847 4225 hac
864 4171 923 4224 eos
940 4171 1108 4226 concessa
1126 4145 1370 4246 perspeximus
1383 4169 1514 4223 recom-

291 4265 510 4365 pensationis
519 4263 757 4362 praerogativa
770 4262 940 4359 gaudere,
949 4261 1209 4337 constituentes
1218 4270 1258 4334 ut
1268 4260 1364 4335 sicut
1372 4259 1409 4332 in
1420 4259 1515 4336 scola

290 4378 509 4456 notariorum
522 4387 629 4477 atque
641 4377 935 4453 subdiaconorum
945 4374 1193 4475 perindultam
1206 4374 1313 4470 longe
1322 4383 1414 4448 retro
1422 4397 1505 4472 pon·

292 4491 432 4569 titicum
448 4491 655 4591 largitatem
670 4499 757 4566 sunt
770 4489 965 4589 regionarii
982 4487 1180 4578 constituti,
1193 4486 1243 4562 ita
1256 4509 1394 4586 quoque
1406 4485 1444 4560 in
1457 4486 1515 4565 de·
