3608 5498
675 401 872 465 -399-

160 523 363 601 obedientes
382 532 588 600 remunerat
605 546 675 598 non
693 522 893 621 relinquit?
911 521 1101 598 Sciendum
1119 547 1205 599 vero
1227 534 1282 600 est
1297 523 1381 622 quia

163 663 349 737 nunquam
368 663 429 737 per
442 637 676 713 obedientiam
692 636 828 711 malum
843 637 931 726 fieri,
943 636 1133 735 aliquando
1146 647 1266 713 autem
1280 636 1384 712 debet

159 777 221 851 per
234 753 470 827 obedientiam
484 751 615 826 bonum
631 751 721 850 quod
736 750 861 845 agitur
874 750 1078 840 intermitti,
1091 761 1127 826 et
1140 762 1269 827 cetera.
1290 784 1295 795 ·
1338 859 1346 871 .

690 915 845 1001 LXXXI.

255 1089 453 1187 Gregorius
471 1089 509 1164 in
526 1092 561 1165 11
578 1089 706 1165 omelia
724 1114 830 1187 super
847 1088 1084 1165 Ezechielem.
1100 1089 1280 1166 Iustitiam
1295 1100 1383 1166 tem-

159 1204 322 1305 perantia
339 1204 439 1303 sequi
465 1204 567 1278 debet
583 1204 667 1301 quia
693 1202 903 1302 plerumque
927 1203 1068 1278 iustitia
1085 1204 1116 1279 si
1142 1205 1285 1279 modum
1311 1229 1381 1279 non

159 1316 265 1392 habet
278 1317 316 1390 in
333 1317 581 1392 credulitatem
595 1317 700 1392 cadit.
713 1320 794 1414 Ipsa
811 1341 898 1413 ergo
911 1317 1049 1392 iustitia
1062 1343 1147 1394 vere
1161 1319 1299 1394 iustitia
1317 1329 1382 1408 est,

159 1455 239 1528 qnae
254 1456 292 1506 se
309 1431 554 1529 temperantiae
570 1431 670 1505 freno
688 1429 899 1505 moderator.
924 1431 1028 1506 Utin
1046 1431 1207 1530 zeloque
1231 1433 1382 1531 quisque

160 1544 288 1633 fervet,
301 1543 348 1618 sit
364 1544 473 1619 etiam
486 1553 702 1641 temporam,
719 1544 809 1618 nesi
827 1542 909 1642 plus
922 1544 1049 1632 fervet,
1067 1546 1191 1643 perdat
1204 1545 1380 1620 iustitiam

160 1658 265 1733 cuius
282 1684 425 1735 servare
452 1659 693 1734 moderamina
711 1658 864 1753 ignorat.
877 1657 975 1731 Idem
994 1657 1030 1730 in
1052 1658 1180 1733 omelia
1198 1662 1260 1734 VI.
1277 1657 1384 1746 Quic-

160 1773 246 1870 quid
271 1773 395 1870 agitur
420 1773 457 1845 in
480 1772 599 1846 radice
617 1768 827 1847 intentionis
844 1770 1063 1867 pensandum
1086 1781 1151 1860 est,
1169 1794 1238 1868 quo
1256 1771 1383 1846 merito

160 1885 255 1982 apud
272 1885 446 1961 indicium
464 1884 635 1960 creatoris
655 1883 840 1958 habeatnr.
857 1882 959 1958 Unde
973 1893 1009 1957 et
1026 1884 1119 1958 idem
1132 1895 1269 1960 creator
1286 1885 1383 1960 dicit.

160 1999 200 2071 Si
214 1997 341 2073 oculus
353 2010 440 2072 tuus
452 1998 604 2097 simplex
617 1997 736 2085 fuerit,
746 2006 858 2072 totum
874 2021 1002 2095 corpus
1015 2008 1117 2072 tuum
1128 1997 1290 2073 lucidum
1305 1998 1383 2073 erit.

161 2110 296 2186 Oculus
306 2111 403 2186 videt
416 2112 663 2198 intentionem,
672 2134 801 2208 corpus
813 2133 898 2185 vcro
911 2111 1087 2186 actionem
1102 2110 1301 2184 nominans.
1311 2110 1381 2198 Qui

160 2226 189 2300 si
207 2235 327 2300 nostra
339 2225 490 2300 intentio
507 2226 601 2324 apud
619 2228 734 2301 Deum
760 2224 914 2321 simplex
938 2224 1057 2314 fuerit,
1082 2225 1120 2298 in
1146 2225 1223 2301 eius
1248 2225 1380 2302 iudicio

161 2349 282 2414 nostra
299 2339 438 2415 actione
455 2338 639 2415 tenebrosa
657 2363 726 2412 non
743 2337 821 2414 erit.
841 2340 932 2413 Item
958 2338 1099 2413 ibidem.
1124 2339 1381 2436 Imperfectum

161 2452 292 2527 bonnm
318 2464 372 2528 est
397 2452 489 2550 quod
515 2452 568 2528 sic
584 2452 719 2548 agitur,
743 2451 837 2526 unde
857 2451 941 2549 quid
966 2451 998 2527 ei
1020 2451 1154 2526 exalia
1174 2451 1287 2527 latere
1309 2477 1381 2525 ma·

160 2566 205 2640 lis
221 2576 385 2664 surrepat
398 2591 467 2640 non
485 2567 704 2654 attendatur,
715 2565 786 2639 nisi
801 2565 890 2640 forte
903 2564 970 2640 hoc
983 2565 1075 2663 quod
1088 2565 1165 2641 sine
1179 2566 1381 2664 cuiuspiam

160 2679 325 2755 scandalo
339 2680 414 2754 fieri
428 2704 497 2754 non
512 2689 636 2776 potest,
649 2679 755 2776 culpa
769 2678 899 2752 sitnon
913 2678 1049 2754 fecisse.
1061 2682 1151 2753 Item
1167 2689 1382 2777 postpauca.

160 2793 252 2880 Quia
269 2794 306 2866 in
324 2805 443 2868 nostro
459 2794 548 2869 bono
565 2817 668 2893 opere
685 2790 877 2889 aliquando
889 2791 1089 2866 cavendum
1103 2801 1158 2866 est
1170 2790 1380 2866 scandalum

161 2905 324 3004 proximi,
333 2905 524 3004 aliquando
533 2930 617 2980 vero
626 2928 689 3003 pro
697 2903 831 2979 nichilo
839 2914 893 2979 est
902 2905 1107 2980 tenendum.
1116 2905 1205 2978 Item
1215 2903 1291 3002 ipsc
1305 2915 1382 3001 post

158 3022 534 3118 pauca.1nquantum
553 3019 629 3093 sine
647 3027 791 3115 peccato
812 3041 1011 3116 possumus,
1028 3017 1146 3093 vitare
1171 3016 1381 3092 scandalum

159 3132 397 3230 proximorum
416 3132 594 3207 debemus.
612 3131 651 3205 Si
668 3140 790 3204 autem
807 3131 850 3207 de
867 3130 1018 3206 veritate
1043 3131 1252 3207 scandalum
1271 3130 1382 3204 sumi·

159 3253 231 3334 tur,
248 3246 375 3320 utilius
392 3245 612 3344 permittitur
629 3244 730 3320 nasci
748 3243 969 3333 scandalum,
997 3266 1104 3340 qnam
1122 3242 1258 3317 veritas
1276 3240 1383 3317 relin-

160 3368 302 3455 quatur.

687 3496 859 3584 LXXXII.

256 3699 453 3796 Gregorius
470 3699 508 3773 in
525 3697 653 3774 omelia
670 3700 740 3772 IIII
756 3719 864 3795 snper
881 3691 1118 3769 Ezechielem.
1136 3693 1206 3770 Ubi
1223 3704 1301 3770 erat
1313 3693 1383 3792 spi·

162 3811 253 3885 ritus
269 3811 425 3908 impetus
442 3811 530 3887 illuc
547 3811 815 3907 gradiebantur.
839 3814 970 3882 Amare
996 3816 1150 3897 terrena,
1173 3806 1383 3905 temporalia

160 3925 303 3999 aeternis
321 3948 533 4024 preponere,
550 3925 725 4000 exteriora
741 3923 832 3997 bona
849 3945 919 3995 non
941 3921 986 3995 ad
1011 3947 1116 3994 usum
1139 3919 1383 3997 necessarium

160 4037 302 4126 habere,
318 4038 379 4112 sed
396 4038 441 4112 ad
458 4037 677 4134 voluptatem
695 4033 958 4132 concupiscere,
974 4032 1146 4108 ultionem
1169 4032 1212 4107 de
1238 4031 1384 4107 inimico

161 4173 324 4246 querere,
337 4149 379 4223 de
397 4148 509 4224 emuli
525 4173 634 4225 causa
652 4148 821 4244 gaudere,
838 4147 994 4244 impetus
1011 4147 1130 4222 carnis
1147 4156 1212 4222 est.
1231 4153 1279 4220 At
1303 4168 1385 4221 con·

160 4269 217 4334 tra
233 4285 353 4335 amare
371 4261 526 4350 celestia,
543 4272 792 4361 contempnere
814 4257 1031 4345 transitoria,
1055 4281 1126 4332 non
1150 4258 1194 4332 ad
1220 4258 1381 4334 fructum

163 4373 357 4470 voluptatis
372 4373 578 4448 transitoria
595 4373 656 4448 sed
672 4373 718 4447 ud
729 4397 836 4447 nsum
851 4370 1075 4447 necessitatis
1087 4396 1247 4470 querere,
1258 4371 1300 4446 de
1315 4370 1383 4445 ini·

163 4484 247 4561 mici
264 4495 376 4560 morte
393 4485 570 4573 tribulari,
587 4484 742 4582 impetus
754 4484 902 4582 spiritus
914 4492 978 4558 cst
992 4483 1208 4583 Plerumque
1220 4506 1305 4559 vero
1317 4483 1384 4558 im·
