3608 5498
684 403 879 468 -233-

174 528 221 601 Et
237 524 282 599 ad
299 523 535 599 Timotheum.
552 521 633 599 Noli
651 522 847 620 neglegere
863 521 1019 620 gratiam
1046 548 1125 624 qum
1142 524 1207 600 tibi
1232 527 1315 602 data
1335 538 1391 604 est

171 637 373 738 prophetiae,
390 660 452 736 per
469 635 727 734 impositionem
744 659 919 712 manuum
937 637 1163 737 presbyterii.
1180 639 1251 716 Sed
1267 650 1305 717 et
1328 644 1392 718 Pe·

172 762 250 827 trus
267 751 305 825 in
322 750 482 850 epistola.
499 749 743 849 Presbyteros,
759 748 896 848 inquid,
912 747 952 824 in
968 750 1069 827 vobis
1085 776 1219 850 precor,
1236 776 1392 854 compre·

172 865 297 965 sbyter
314 874 350 940 et
367 864 469 940 testis
486 863 691 964 passionum
711 861 848 939 Christi
864 873 902 939 et
916 863 1049 940 future
1064 867 1190 963 gloriae
1201 891 1281 967 qum
1295 893 1393 945 reve·

171 978 278 1054 lauda
298 988 353 1054 est
373 978 560 1077 particeps,
578 999 703 1074 regere
724 999 873 1072 gregem
895 975 1043 1068 Christi,
1068 990 1105 1056 et
1126 980 1301 1081 inspicere
1321 1007 1393 1058 non

172 1119 216 1168 ex
231 1093 455 1182 necessitate,
468 1093 530 1169 sed
543 1090 743 1168 voluntarie
755 1089 855 1164 iuxta
869 1092 994 1168 Deum.
1006 1094 1108 1182 Quod
1120 1094 1261 1195 quidem
1274 1121 1392 1193 graece

170 1206 438 1304 significantius
459 1204 592 1282 dicitur
610 1235 816 1272 ιιιιιιιιιιι
821 1236 833 1278 c
850 1202 944 1279 unde
957 1214 993 1281 et
1009 1229 1138 1283 nomen
1151 1208 1306 1308 episcopi
1323 1217 1394 1285 tra·

171 1332 270 1398 ctum
300 1329 364 1396 est,
390 1322 507 1394 Parva
530 1319 596 1394 tibi
621 1321 790 1398 videntur
815 1332 996 1399 tantorum
1021 1321 1257 1397 testimonia?
1286 1323 1392 1399 Clan-

171 1445 237 1532 gat
253 1435 339 1510 tuba
356 1433 578 1530 evangelica,
597 1435 694 1512 filins
709 1436 871 1527 tonitrui,
892 1460 997 1536 quem
1023 1434 1191 1513 Christus
1215 1435 1341 1513 Ihesus
1357 1463 1393 1513 a·

172 1549 285 1623 mavit
298 1546 505 1648 plurimum,
514 1548 575 1648 qui
588 1550 631 1626 de
640 1560 780 1649 pectore
788 1548 986 1626 Salvatoris
996 1550 1240 1627 doctrinarum
1257 1551 1393 1627 fluenta

170 1663 315 1762 potavit.
331 1661 523 1760 Presbyter
539 1664 662 1740 electae
678 1664 830 1740 domina
842 1675 879 1740 et
892 1664 977 1739 filiis
994 1663 1084 1756 eius,
1101 1689 1188 1763 quos
1200 1687 1268 1760 ego
1280 1665 1393 1763 diligo

170 1776 209 1851 iu
229 1774 390 1851 veritate
410 1776 512 1862 Quod
529 1786 648 1852 autem
668 1789 789 1876 postea
803 1805 898 1855 unus
918 1779 1055 1856 electus
1085 1786 1150 1868 est,
1174 1778 1237 1878 qui
1263 1780 1394 1857 ceteris

169 1896 442 1987 praeponeretur,
451 1888 489 1962 in
501 1887 706 1980 chrismate,
715 1889 781 1967 hoc
792 1893 989 1968 remedium
1002 1893 1138 1969 factum
1152 1902 1217 1983 est,
1226 1917 1271 1970 ne
1284 1919 1394 1969 unus·

170 2001 302 2101 quique
333 2001 379 2076 ad
403 2025 441 2076 se
463 2002 609 2077 trahens
634 2003 769 2080 Christi
796 2007 986 2084 ecclesiam
1012 2015 1203 2106 rumperet.
1227 2010 1319 2082 Nam
1346 2015 1394 2082 A·

168 2115 361 2192 lexandriae
377 2118 500 2192 Marco
516 2116 742 2215 evangelista
767 2145 879 2221 usque
903 2122 949 2197 ad
974 2121 1182 2198 Heraclium
1206 2129 1243 2197 et
1268 2120 1389 2197 Dioni·

171 2231 266 2307 sium
291 2233 484 2332 episcopos,
509 2232 571 2332 qui
595 2233 744 2309 tertium
768 2240 846 2313 Xum
862 2247 898 2321 et
922 2238 1070 2312 XIIIIum
1088 2234 1207 2313 locum
1231 2234 1392 2334 optinue-

174 2357 271 2436 runt,
287 2346 487 2446 presbyteri
505 2371 646 2445 semper
662 2374 776 2425 unum
793 2349 836 2425 de
853 2374 890 2424 se
903 2349 1071 2439 electum,
1091 2359 1129 2425 et
1150 2347 1187 2423 in
1204 2346 1390 2424 excelsiori

174 2460 289 2558 gradu
308 2460 533 2550 collocatum,
549 2459 751 2561 episcopum
771 2461 1010 2538 nominabant
1035 2461 1215 2551 Quomodo
1239 2461 1271 2535 si
1294 2485 1392 2538 exer-

169 2576 266 2651 citus
282 2576 531 2675 imperatorem
551 2576 671 2668 faciat,
687 2586 752 2653 aut
769 2577 907 2653 diaconi
925 2577 1065 2675 eligant
1079 2576 1123 2654 de
1143 2601 1181 2652 se
1205 2599 1311 2673 quem
1338 2575 1393 2650 in-

169 2690 329 2766 dustrem
347 2690 563 2779 invenerint,
576 2701 612 2767 et
626 2691 922 2768 Archidiacouem
935 2715 1069 2767 vocem.
1081 2689 1175 2779 Quid
1192 2689 1289 2765 enim
1302 2688 1392 2766 facit

171 2813 319 2904 excepta
331 2804 551 2881 ordinatione
564 2806 760 2905 episcopus,
777 2808 870 2907 quod
882 2805 1067 2906 presbyter
1079 2829 1149 2881 non
1162 2805 1299 2881 faciat?
1314 2808 1392 2882 Nec

166 2918 279 2994 altera
297 2921 463 2994 Romanae
480 2919 589 2995 Urbis
604 2918 765 2997 ecclesiae
780 2920 1008 3009 consuetudo,
1028 2918 1142 2994 altera
1163 2918 1274 2993 totius
1294 2918 1391 2994 orbis

168 3032 369 3109 estimanda
381 3046 446 3108 est.
458 3036 506 3108 Et
519 3034 657 3124 Galliae,
675 3045 711 3109 et
727 3032 935 3122 Britanniae,
951 3041 987 3108 et
999 3031 1142 3121 Africae,
1159 3041 1195 3105 et
1212 3030 1343 3120 Persis,
1355 3040 1392 3106 et

166 3171 289 3224 omnes
301 3148 459 3223 barbarae
472 3148 644 3238 nationes,
657 3174 771 3223 unum
785 3147 967 3224 Christum
981 3145 1140 3234 adorant,
1152 3169 1261 3219 unam
1274 3144 1392 3220 obser-

167 3271 256 3336 vant
271 3261 436 3359 regulam
453 3263 627 3338 veritatis.
645 3262 683 3336 Si
700 3261 896 3337 auctoritas
913 3260 1077 3359 queritur
1093 3259 1187 3334 erbis
1205 3259 1317 3333 maior
1336 3267 1392 3334 est

167 3373 264 3449 urbe.
277 3374 502 3474 Ubicumque
515 3374 829 3474 fueritepiscopus,
841 3371 1143 3462 siveRomae,sive
1159 3370 1393 3469 Egubii,sive

169 3489 486 3588 Constantinopoli,
498 3491 574 3566 sive
588 3490 705 3586 Regii,
717 3488 794 3564 sive
808 3485 1042 3575 Alexandrioe,
1055 3483 1131 3562 sire
1144 3484 1290 3574 Thanis,
1300 3484 1394 3562 eius·

166 3601 246 3678 dem
260 3603 390 3693 meriti,
402 3603 560 3680 eiusdem
578 3613 635 3681 est
644 3598 842 3680 sacerdotii.
855 3598 1018 3675 Potentia
1031 3597 1241 3674 divitiarum
1258 3606 1294 3673 et
1307 3623 1392 3697 pau·

167 3715 315 3813 peitatis
331 3715 530 3808 humilitas,
545 3716 605 3794 vel
618 3716 873 3804 sublimiorem,
888 3713 948 3790 vel
965 3711 1170 3790 inferiorem
1187 3712 1390 3812 episcopum

166 3827 263 3905 iacit
275 3829 455 3906 Caeterum
468 3855 590 3909 omnes
604 3829 850 3930 Apostolorum
867 3852 1089 3904 successores
1105 3836 1202 3902 sunt.
1223 3829 1271 3902 Et
1286 3827 1392 3903 infra.

166 3945 209 4018 In
229 3943 381 4020 ecclesia
401 3953 465 4019 tua
487 3949 606 4022 Rome
628 3942 828 4045 presbyteri
837 3944 971 4032 sedent,
991 3952 1029 4018 et
1047 3951 1146 4018 stunt
1169 3940 1320 4018 diaconi.
1345 3944 1394 4018 Et

165 4057 271 4154 paulo
282 4067 370 4157 post.
383 4058 453 4145 Qui
466 4059 676 4157 provehitur
688 4085 709 4133 a
722 4058 851 4134 minori
864 4057 908 4132 ad
922 4055 1038 4133 maius
1050 4055 1222 4155 provehit
1237 4061 1313 4131 Aut
1322 4054 1392 4152 igi·

165 4179 225 4245 tur
254 4197 299 4247 ex
329 4174 539 4273 presbytero
562 4173 746 4249 ordinetur
770 4173 953 4260 diaconus,
978 4181 1019 4247 ut
1046 4169 1253 4270 presbytero
1281 4168 1392 4244 maior

165 4285 423 4384 comprobetur,
438 4287 478 4362 in
494 4311 601 4386 quem
619 4287 750 4363 crescit
767 4312 812 4363 ex
827 4308 949 4384 parvo,
967 4294 1031 4358 aut
1047 4283 1078 4358 si
1096 4309 1141 4359 ex
1164 4282 1312 4358 diacone
1338 4305 1392 4358 or·

165 4399 311 4474 dinatur
335 4399 524 4500 presbyter
548 4401 689 4481 noverit
709 4426 747 4480 se
769 4394 863 4478 lucis
886 4400 1069 4494 minorem,
1093 4397 1288 4475 sacerdotio
1312 4420 1390 4477 esse

170 4534 348 4593 maiorem.
