3608 5498
811 394 1006 457 -156-

296 517 457 616 plenaria
481 538 564 616 sepe
585 514 703 612 priora
725 539 746 586 a
766 511 1018 611 posterioribus
1034 512 1282 603 emendantur,
1298 537 1383 589 oum
1401 514 1523 614 aliquo

296 629 537 728 experimento
555 652 676 703 rerum
694 625 855 724 aperitur
872 627 965 725 quod
989 627 1154 702 clausum
1172 636 1259 716 erat,
1282 638 1319 702 et
1335 629 1521 725 cognosci-

295 752 356 817 tur
372 742 464 840 quod
481 740 624 828 latebat,
642 739 719 814 sine
736 739 809 814 ullo
826 749 913 837 typo
930 739 1118 836 sacrilege,
1137 740 1324 837 superbiae,
1345 742 1423 817 sine
1441 742 1519 818 ulla

295 858 421 931 inflata
436 857 579 932 cervice
603 854 831 951 arrogantie,
848 854 925 930 sine
950 852 1025 928 ulla
1042 857 1267 931 contentione
1294 854 1446 932 lividine
1465 856 1520 931 in-

298 972 415 1061 vidiae,
431 996 515 1046 cum
533 979 659 1046 sancta
676 967 893 1058 humilitate,
909 992 993 1044 cum
1007 991 1094 1065 pace
1107 967 1294 1057 catholica,
1307 993 1390 1044 cum
1404 969 1521 1045 chari·

295 1095 371 1161 tate
392 1083 599 1160 christiana.
620 1085 841 1181 Quapropter
858 1091 1005 1158 sanctus
1024 1082 1231 1181 Cyprianus
1252 1082 1313 1181 qui
1330 1082 1521 1160 documen-

296 1210 374 1274 tum
387 1197 483 1273 Petri
494 1197 546 1273 sic
555 1196 702 1286 amavit,
711 1207 751 1270 ut
760 1196 895 1271 diceret
907 1220 989 1270 eum
1003 1195 1257 1270 documentum
1268 1195 1368 1270 nobis
1381 1221 1426 1272 ex
1438 1220 1519 1272 con·

296 1312 424 1388 cordiae
441 1320 478 1386 et
494 1309 677 1407 patientiae
696 1309 877 1399 tribuisse,
894 1317 1021 1383 utnon
1040 1308 1270 1407 pertinaciter
1287 1319 1408 1385 nostra
1424 1335 1521 1386 ame·

295 1452 387 1514 mus,
405 1425 466 1500 sed
483 1449 562 1523 quoe
578 1423 769 1522 aliquando
785 1448 806 1495 a
823 1422 996 1499 iratribus
1012 1432 1049 1498 et
1061 1422 1213 1519 collegis
1229 1423 1362 1498 nostris
1379 1424 1518 1500 utiliter

297 1549 335 1615 et
352 1538 545 1613 salubriter
562 1547 823 1634 suggeruntur,
837 1537 867 1611 si
884 1537 958 1612 sint
974 1562 1061 1613 vera
1075 1547 1111 1613 et
1128 1536 1292 1633 legitima
1307 1537 1383 1635 ipsa
1396 1548 1519 1613 nostra

296 1651 415 1750 potius
431 1651 605 1739 dicamne,
622 1650 711 1724 setis
726 1651 880 1744 ostendit
896 1650 1068 1726 facillime
1084 1676 1122 1726 se
1140 1660 1384 1726 correcturum
1403 1652 1515 1729 fuisso

296 1764 513 1840 sententiam
531 1788 634 1838 suam
653 1763 682 1837 si
708 1764 788 1862 quis
806 1764 838 1839 ei
864 1765 1122 1840 demonstraret
1147 1764 1364 1861 baptismum
1381 1766 1518 1842 Christi

298 1879 351 1955 sic
367 1879 453 1954 dare
470 1902 569 1977 posse
587 1878 631 1952 ab
649 1878 700 1953 eis
717 1878 779 1976 qui
797 1879 901 1968 foras,
915 1877 1210 1976 quemadmodum
1224 1878 1361 1953 amittit
1373 1902 1443 1953 non
1461 1903 1519 1978 po-

294 1992 366 2067 tuit
391 2017 473 2067 cum
492 1992 587 2066 foras
611 1991 759 2066 exirent.
776 1995 823 2067 Et
847 1992 951 2067 infra.
969 1991 1187 2089 Plerumque
1213 1991 1290 2066 ideo
1314 1992 1518 2068 doctoribus

295 2107 416 2181 minus
440 2104 583 2203 aliquod
608 2105 791 2179 revelatur
808 2115 849 2207 ut
865 2129 986 2180 eorum
1006 2103 1145 2201 patiens
1166 2113 1203 2179 et
1219 2103 1367 2179 humilis
1384 2106 1518 2181 caritas

294 2220 333 2293 in
350 2245 422 2319 qua
438 2220 581 2294 fructus
598 2218 711 2294 maior
727 2227 782 2293 est
799 2218 1058 2316 comprobetur,
1074 2217 1133 2293 vel
1151 2218 1322 2316 quomodo
1337 2219 1518 2318 accipiant

298 2334 487 2422 unitatem,
499 2358 582 2409 cum
597 2332 635 2406 in
650 2333 755 2408 rebus
768 2332 1011 2408 obsanioribus
1023 2333 1165 2408 diversa
1180 2333 1352 2422 sentiunt,
1365 2334 1424 2408 vel
1433 2358 1518 2433 quo·

294 2447 395 2522 modo
415 2446 596 2545 accipiant
613 2445 814 2536 veritatem,
832 2473 916 2523 cum
934 2458 1057 2522 contra
1073 2445 1109 2519 id
1125 2447 1218 2545 quod
1240 2446 1444 2522 sentiebant
1458 2447 1517 2524 de·

293 2561 467 2636 claratam
485 2584 561 2635 esse
580 2569 812 2656 cognoscunt.
829 2564 990 2647 Quorum
1007 2560 1158 2634 duorum
1176 2560 1448 2636 manifestatum
1464 2571 1517 2638 te-

292 2701 420 2751 nemus
437 2700 550 2749 unum
568 2674 606 2746 in
624 2673 726 2750 beato
744 2675 937 2773 Cypriano,
959 2674 1052 2749 idest
1068 2674 1239 2772 quomodo
1255 2675 1411 2750 tenuerit
1437 2675 1516 2749 uni·

291 2797 401 2863 tatem
419 2813 503 2863 cum
521 2787 573 2862 eis
589 2813 611 2860 a
629 2788 758 2886 quibus
775 2789 958 2864 diversum
978 2787 1164 2863 sentiebat.
1183 2789 1245 2862 Ait
1269 2788 1375 2864 enim.
1393 2790 1515 2864 Nemi-

291 2926 373 2977 nem
392 2901 604 2990 iudicantes,
621 2912 685 2977 aut
701 2926 722 2975 a
739 2902 818 2977 iure
836 2902 1097 2978 communionis
1113 2901 1271 3001 aliquem
1285 2903 1315 2976 si
1329 2903 1513 2978 diversum

294 3016 445 3092 senserit
454 3024 669 3091 amoventes
681 3014 846 3090 Alterum
860 3026 980 3091 autem
995 3015 1086 3090 idest
1100 3016 1270 3114 quomodo
1282 3016 1443 3115 accipere
1457 3040 1514 3116 po-

293 3129 405 3204 tuerit
421 3128 610 3204 veritatem
628 3138 753 3204 contra
770 3129 806 3204 id
822 3130 917 3227 quod
933 3129 1109 3205 sentiebat
1125 3130 1322 3206 inventam.

798 3332 999 3416 ooxxssss.

493 3536 585 3589 idem
607 3535 804 3601 Augustinus
826 3501 859 3588 in
879 3536 1021 3604 epistola
1039 3535 1084 3589 ad
1101 3537 1314 3591 vincentium.

388 3703 480 3773 Nom
494 3724 631 3773 enarer
647 3707 772 3775 contra
785 3698 920 3788 divina,
934 3708 1007 3773 tam
1025 3699 1150 3788 multa,
1164 3708 1237 3773 tam
1251 3700 1360 3791 clara,
1373 3710 1448 3776 tam
1461 3703 1514 3776 in·

288 3812 450 3887 dubitata
467 3812 672 3889 testimonia
685 3813 856 3909 colligere
873 3813 967 3889 velle
984 3814 1185 3890 calumnias
1198 3840 1242 3889 ex
1257 3816 1510 3914 Episcoporum
1620 3855 1625 3862 ·

287 3927 432 4024 scriptis
448 3927 526 4003 sive
543 3937 759 4016 nostrorum,
776 3928 873 4005 sicut
890 3927 1032 4017 Hilarii,
1050 3929 1127 4002 sive
1144 3929 1331 4028 antiquam
1350 3955 1433 4029 pars
1446 3933 1513 4006 Do

288 4041 364 4114 nati
382 4052 608 4140 separaretur
624 4051 846 4117 sacramento
864 4041 978 4139 ipsius
996 4041 1157 4130 unitatis,
1174 4042 1270 4118 sicut
1286 4043 1461 4142 Cypriani
1474 4053 1511 4119 et

290 4154 494 4253 Agrippini.
508 4156 640 4245 Primo,
653 4156 737 4254 quia
753 4155 821 4233 hoc
833 4179 952 4252 genus
965 4152 1151 4229 literarum
1166 4155 1211 4229 ab
1228 4156 1442 4232 auctoritate
1455 4182 1512 4232 ca·

287 4267 391 4341 nonis
407 4266 704 4363 distinguendum
718 4278 781 4343 est.
797 4272 878 4343 Non
896 4267 993 4343 enim
1007 4267 1060 4344 sic
1078 4267 1251 4363 leguntur
1265 4279 1448 4368 tamquam
1464 4295 1510 4345 ex

286 4378 338 4454 eis
364 4378 609 4453 testimonium
635 4380 835 4477 proferatur
852 4390 893 4455 ut
916 4391 1040 4456 contra
1058 4382 1191 4456 sentire
1214 4406 1285 4457 non
1311 4381 1431 4473 liceat,
1456 4383 1509 4459 sic

286 4493 347 4572 ubi
360 4493 452 4572 forte
464 4493 570 4570 aliter
582 4502 780 4594 sapuerunt
792 4518 900 4596 quam
914 4493 1037 4570 unitas
1050 4495 1260 4596 postulabat.
1271 4499 1311 4571 In
1326 4520 1367 4574 eo
1379 4496 1510 4597 quippe
