3608 5498
799 406 839 420 -
867 373 930 438 118
960 408 993 416 «-

288 504 517 595 agnoscatur.
531 495 639 585 Adeo,
657 504 698 569 ut
714 518 829 594 neque
846 494 997 571 ecclesia
1014 494 1267 594 ipsius,'neque
1281 495 1509 586 monasteria,

286 610 365 687 sive
389 609 466 700 filii,
482 608 541 707 rel
559 609 717 708 oppressi
742 632 914 707 pauperes
940 608 1019 684 eius
1043 631 1132 706 erga
1149 633 1187 685 se
1212 609 1416 687 dilectionis
1436 618 1512 684 stu·

183 810 188 819 ¹
286 723 386 799 dium
404 723 574 814 sentiant,
591 747 657 799 nec
674 722 854 826 aliquibus
867 722 1154 820 supplicantibus
1166 723 1234 799 sibi
1252 723 1289 797 in
1308 724 1439 822 quibus
1456 724 1510 799 iu·

287 848 383 914 stum
409 848 464 914 est
487 861 588 937 opem
613 837 830 913 defensionis
846 837 1061 928 accomodat,
1086 850 1122 913 et
1140 861 1208 937 quo
1225 838 1343 914 adhuc
1366 837 1437 915 dici
1455 850 1511 915 est

288 955 452 1051 gravius,
470 954 620 1030 consilia
638 954 854 1052 sapientium
872 962 909 1028 et
925 960 1022 1028 recta
1037 952 1266 1028 suadentium
1284 952 1385 1027 nulla
1403 953 1514 1052 patia-

288 1078 348 1144 tur
369 1069 505 1145 ratione
525 1069 773 1167 susciperent
789 1069 851 1168 qui
869 1092 931 1169 per
949 1092 986 1143 se
1011 1067 1143 1165 nequid
1169 1068 1364 1157 attendere,
1380 1068 1426 1143 ab
1442 1069 1513 1143 alio

289 1183 415 1258 saltem
433 1183 543 1282 possit
560 1183 751 1260 addiscere.
770 1188 816 1259 Et
829 1183 933 1257 infra.
952 1183 1052 1270 Quod
1069 1182 1099 1256 si
1116 1184 1167 1257 ita
1186 1193 1250 1272 est,
1265 1206 1336 1258 non
1355 1182 1432 1258 sine
1448 1193 1514 1258 tua

291 1296 397 1394 culpa
411 1321 489 1373 esse
503 1320 699 1394 cognoscas
715 1298 776 1396 qui
795 1323 877 1373 eum
895 1297 1085 1396 obiurgare
1103 1309 1211 1397 atque
1229 1322 1391 1375 coercere
1405 1309 1448 1374 ut
1463 1298 1515 1372 di·

289 1435 404 1508 gnum
418 1421 473 1486 est
485 1411 668 1487 distulisti.
681 1416 728 1486 Et
740 1411 846 1511 paulo
858 1424 945 1513 post.
955 1414 1133 1488 Volumus
1147 1423 1188 1488 ut
1201 1439 1282 1489 eum
1297 1437 1416 1488 coram
1430 1412 1514 1488 aliis

290 1525 532 1601 sacerdotibus
556 1525 615 1600 vel
632 1525 845 1624 quibusdam
863 1526 905 1602 de
924 1527 1007 1602 filiis
1024 1529 1100 1602 suis
1117 1528 1295 1604 nobilibus
1319 1527 1514 1604 contestari

290 1664 352 1739 pro
363 1640 432 1716 bac
446 1665 483 1716 re
497 1640 624 1716 debeas
637 1649 672 1716 et
684 1641 804 1716 ortari.
816 1640 854 1715 Si
865 1645 1050 1741 veroquod
1063 1667 1132 1719 non
1143 1643 1513 1742 credimusposthanc

290 1753 570 1830 adhortationem
584 1762 755 1842 nostram,
765 1753 867 1828 solito
878 1756 995 1832 adhuc
1009 1780 1105 1832 more
1118 1758 1320 1854 neglegens
1333 1782 1410 1833 esse
1424 1769 1514 1832 tem·

293 1868 460 1967 ptaverit,
477 1868 523 1942 ad
548 1891 611 1943 nos
635 1892 716 1943 eum
742 1868 853 1942 modis
877 1869 1041 1944 omuibus
1057 1870 1367 1960 transmittendus,
1385 1880 1425 1945 ut
1449 1870 1511 1947 hio

292 1982 428 2082 positus
441 1983 577 2058 discere
592 1982 712 2080 possit,
726 1983 811 2081 quid
824 1983 884 2058 vel
896 1983 1050 2081 qualiter
1062 1985 1259 2061 secundum
1274 1985 1339 2061 Dei
1351 1985 1515 2062 timorem

294 2120 404 2194 agere
421 2096 613 2173 conveniat
628 2097 856 2173 sacerdotem.

811 2325 993 2410 CLXXIII.

390 2556 589 2653 Gregorius
597 2556 762 2631 Athemio
770 2555 984 2632 subdiacono
992 2557 1206 2654 Campaniae.
1216 2556 1387 2633 Pervenit
1398 2557 1443 2630 ad
1452 2579 1518 2630 uos

294 2669 500 2768 Campaniae
524 2670 703 2769 episcopos
723 2669 774 2743 ita
791 2671 1028 2768 neglegentes
1045 2671 1212 2760 existere,
1229 2681 1270 2747 ut
1292 2672 1519 2747 immemores

293 2782 436 2858 honoris
449 2784 507 2858 sui
523 2783 643 2881 genio,
660 2808 775 2883 neque
791 2808 880 2881 erga
897 2785 1078 2873 ecclesias,
1098 2810 1213 2883 neque
1227 2810 1315 2882 erga
1329 2784 1420 2859 filios
1433 2807 1518 2859 suos

295 2907 441 2998 paterne
458 2897 660 2996 vigilantiae
676 2922 801 2974 curam
827 2897 1002 2990 exibeant,
1024 2897 1083 2975 vel
1108 2899 1402 2974 monasteriorum
1423 2896 1519 2973 solli·

295 3012 492 3091 citudinem
514 3023 655 3112 gerant,
671 3039 736 3089 seu
749 3013 787 3087 in
800 3037 1046 3113 oppressorum
1064 3037 1101 3088 se
1118 3036 1315 3113 pauperum
1329 3011 1518 3086 tuitionem

295 3129 511 3229 impendant.
529 3129 680 3226 Ideoque
698 3128 766 3204 hac
779 3127 845 3203 tibi
858 3128 1071 3204 auctoritate
1089 3127 1326 3226 praecipimus,
1345 3137 1385 3200 ut
1401 3125 1454 3202 eis
1470 3125 1516 3200 ad

295 3256 330 3320 te
355 3245 571 3333 convocatis,
587 3269 631 3319 ex
654 3252 774 3318 nostro
798 3241 879 3317 illos
905 3243 1070 3318 mandato
1094 3241 1256 3317 districte
1286 3262 1520 3328 commoneas,

296 3360 468 3460 quatinus
480 3361 530 3435 ita
549 3361 587 3434 in
604 3360 661 3434 his
679 3385 758 3458 quae
776 3382 834 3433 eos
851 3358 945 3432 iuste
963 3356 1160 3433 secuudum
1179 3357 1295 3429 Deum
1313 3376 1421 3450 agere
1438 3375 1522 3428 eon·

296 3475 400 3551 venit
411 3474 608 3572 vigilantes
621 3473 787 3561 existant,
800 3481 842 3546 ut
858 3472 1002 3546 nullum
1021 3496 1084 3546 uos
1101 3470 1146 3545 de
1161 3469 1215 3545 eis
1226 3469 1342 3545 denuo
1355 3491 1521 3542 murmur

297 3598 491 3689 exasperet.
505 3590 544 3664 Si
562 3614 668 3688 quem
685 3611 770 3664 vero
786 3611 908 3663 eorum
927 3596 1003 3685 post
1020 3586 1087 3661 hoe
1103 3584 1357 3681 neglegentem
1375 3606 1452 3657 esse
1464 3605 1521 3657 co

297 3708 478 3808 guoveris,
503 3707 548 3782 ad
569 3729 633 3780 nos
650 3731 732 3780 eum
756 3703 833 3780 sine
858 3703 979 3801 aliqua
1010 3698 1237 3776 excusatione
1262 3695 1451 3785 trasmitte,
1480 3703 1523 3769 ut

298 3851 407 3926 quam
425 3824 473 3898 sit
489 3847 604 3921 grave
621 3821 716 3896 nolle
741 3819 787 3893 ab
802 3818 860 3892 his
885 3842 964 3916 qum
991 3811 1281 3915 reprehensibilia
1298 3820 1334 3886 ct
1351 3808 1452 3884 valde
1471 3807 1524 3880 vi·

298 3922 497 4038 tuperauda
523 3944 609 4011 suut
625 3933 771 4030 corrigi,
790 3930 949 4030 regulari
968 3930 1005 4003 in
1019 3954 1057 4005 se
1074 3927 1193 4003 valeat
1206 3923 1427 4001 districtione
1443 3946 1523 3997 sen-

300 4054 430 4130 tentiae.

809 4190 1011 4278 cmxliii.

397 4399 595 4497 Gregorius
612 4396 776 4472 omnibus
793 4390 987 4495 Episcopis.
1003 4387 1106 4463 Nulli
1131 4386 1187 4461 fas
1203 4394 1258 4461 est
1274 4381 1334 4457 vel
1352 4377 1525 4456 vellevel

301 4540 414 4617 perse
430 4511 633 4612 transgredi
647 4510 858 4613 Apostolicae
875 4507 970 4584 sedis
984 4515 1172 4607 praecepta,
1186 4526 1252 4578 nec
1265 4498 1369 4576 euius
1382 4496 1528 4595 disposi-
