3608 5498
814 379 1012 445 -378-

296 502 471 601 quitatem
484 503 634 577 tacendo
646 500 859 576 dissimulat.
873 499 1091 574 Audivimus
1106 501 1202 575 enim
1223 500 1316 598 quod
1338 500 1441 575 valde
1459 501 1528 574 mi·

296 640 429 702 ramur,
438 614 530 712 quod
545 614 639 690 sacri
652 614 746 712 apud
760 638 822 688 vos
830 612 971 688 ordines
984 611 1147 709 pecuniis
1155 611 1414 687 distrahuntur.
1424 614 1524 686 Dum

293 726 510 824 quicumque
523 726 594 802 tale
606 725 749 825 aliquod
766 726 1070 822 attemptaverint‚
1087 725 1231 800 omnino
1247 724 1409 801 haeretioi
1427 749 1525 800 eom·

297 841 499 940 probentur.
513 844 644 915 Sancto
657 839 794 938 Spiritu
807 864 869 939 per
883 840 1099 936 Gregorium
1113 841 1307 915 intonante.
1321 839 1414 926 Quia
1426 839 1526 937 quis-

295 953 378 1051 quis
390 953 650 1052 perpecuniam
664 951 859 1040 ordinetur,
872 953 917 1026 ad
930 952 997 1026 hoc
1009 965 1050 1026 ut
1063 953 1126 1026 fiat
1138 952 1328 1028 haeretieus
1340 975 1526 1051 promove·
1567 1034 1570 1039 ,

295 1078 366 1139 tur.
383 1067 473 1140 Item
499 1063 603 1138 idem.
620 1062 791 1161 Quisquis
808 1073 932 1138 eontra
957 1065 1188 1140 simoniacam
1213 1073 1249 1140 et
1272 1064 1524 1166 neophitorum

294 1177 448 1253 heresim
467 1200 530 1273 pro
545 1175 652 1250 officii
670 1175 726 1250 sui
745 1175 819 1250 loeo
836 1176 1063 1252 vehementer
1079 1201 1149 1252 non
1167 1177 1307 1265 arserit,
1324 1183 1407 1252 cum
1429 1200 1469 1252 eo
1480 1202 1525 1253 se

293 1314 363 1364 non
388 1289 527 1365 dubitet
551 1288 654 1363 abere
679 1288 885 1388 portionem,
902 1291 964 1388 qui
981 1290 1081 1388 prius
1105 1290 1283 1365 commisit
1308 1290 1374 1364 hoe
1399 1289 1526 1387 piacu-

295 1403 370 1478 lare
387 1401 580 1498 flagitium.
599 1399 736 1488 Quibus
753 1400 791 1474 in
809 1400 927 1476 verbis
944 1428 1028 1478 cum
1049 1404 1239 1479 haereticus
1263 1413 1299 1478 et
1323 1402 1524 1479 simoniaca

292 1526 328 1591 et
345 1514 592 1611 neophitorum
610 1513 748 1589 heresis
764 1514 994 1611 exprimatur,
1007 1517 1099 1614 quod
1112 1526 1244 1592 aeterna
1258 1524 1370 1590 morte
1382 1515 1524 1612 dignis·

295 1628 427 1701 simum
444 1630 582 1702 crimen
599 1627 657 1714 sit,
673 1627 896 1726 apertissime
913 1629 1116 1705 declaratur
1134 1639 1351 1727 protestante
1369 1655 1429 1727 per
1443 1636 1524 1705 Au·

295 1740 484 1836 goslinum
503 1739 635 1814 Divino
650 1740 792 1815 oraculo
808 1765 851 1816 ae
868 1742 1008 1816 dicente
1026 1741 1228 1816 firmissime
1246 1753 1339 1831 tene,
1352 1753 1388 1817 et
1404 1741 1525 1815 nulla·
1571 1747 1574 1751 ’

293 1864 399 1928 tenus
408 1852 705 1942 dubitet,omnem
718 1852 917 1929 hereticum
927 1853 985 1928 vel
995 1855 1239 1929 scismaticum
1250 1856 1415 1953 quamvis
1428 1856 1523 1930 mul·

292 1978 348 2042 tas
365 1966 583 2042 hlemosinas
600 1965 719 2052 faeiat,
737 1965 795 2041 vel
821 1967 928 2042 etiam
945 1988 1007 2066 pro
1026 1966 1169 2043 Christo
1194 1968 1409 2063 sanguinem
1433 1967 1520 2041 fun·
1588 2047 1592 2052 ,

290 2083 361 2172 dat,
390 2108 473 2158 eum
498 2080 636 2155 diabole
660 2088 696 2155 et
719 2079 861 2175 angelis
886 2080 964 2155 eius
981 2081 1105 2155 aeterni
1122 2081 1221 2177 ignis
1237 2081 1402 2157 incendio
1419 2107 1522 2156 man·

289 2195 491 2296 cipandum,
515 2194 585 2268 nisi
602 2204 685 2269 ante
703 2195 810 2268 finem
829 2192 938 2267 huius
956 2193 1040 2268 vitra
1065 2194 1248 2269 catholice
1273 2194 1521 2292 incorporetur

289 2319 325 2384 et
344 2307 610 2404 redintegretur
627 2306 797 2383 ecelesia.
814 2310 861 2381 Et
877 2317 955 2406 post
972 2331 1095 2404 pauca.
1113 2307 1151 2381 Si
1174 2309 1255 2406 quis
1279 2318 1400 2384 autem
1425 2308 1521 2385 obie-

289 2422 389 2510 cerit,
409 2443 480 2494 non
499 2421 801 2495 consecrationem
820 2421 881 2495 sed
899 2445 956 2495 res
975 2421 1071 2518 ipsas
1089 2444 1168 2518 quae
1184 2446 1229 2496 ex
1253 2421 1518 2497 consecratione

290 2534 507 2634 proveniunt
524 2535 643 2623 vendi,
660 2533 804 2609 videtur
820 2535 961 2632 quidem
976 2533 1111 2633 aliquid
1124 2534 1252 2624 dicere,
1265 2534 1378 2611 nichil
1391 2546 1517 2611 autem

293 2647 437 2746 penitus
450 2671 583 2744 sapere.
596 2650 689 2720 Nam
704 2671 788 2722 eum
801 2646 991 2744 corporalis
1004 2647 1174 2723 aecclesiae
1186 2648 1372 2748 episeopus
1385 2647 1443 2722 vel
1456 2649 1517 2723 ab·

288 2760 363 2848 bas,
389 2769 453 2835 aut
469 2759 600 2858 aliquis
617 2758 693 2834 sine
713 2760 819 2834 rebus
836 2760 1076 2858 corporalibus
1099 2761 1334 2835 exterioribus
1359 2762 1396 2832 in
1414 2760 1517 2837 nullo

289 2875 461 2973 proficiat,
479 2873 573 2949 sicut
586 2898 654 2949 nee
666 2873 787 2948 anima
799 2873 877 2949 sine
889 2897 1032 2973 corpore
1047 2872 1289 2974 temporaliter
1302 2873 1406 2962 vivit,
1419 2872 1516 2971 quis·

289 2989 371 3087 quis
387 3012 509 3064 eorum
526 2989 681 3064 alterum
695 2989 859 3078 vendere,
871 2989 949 3063 sine
962 3011 1031 3086 quo
1043 2987 1195 3062 alterum
1210 2987 1340 3063 habere
1353 3011 1422 3062 non
1437 3011 1515 3084 pro·

287 3102 399 3192 venit,
415 3110 583 3176 neutrum
602 3125 671 3176 non
689 3101 876 3177 venditum
894 3099 1126 3199 derelinquid.
1144 3105 1260 3189 Quam
1277 3110 1398 3175 tamen
1421 3100 1516 3178 obie-

287 3216 441 3292 ctionem
459 3240 560 3290 sacer
578 3214 875 3292 Chalcedonensis
892 3238 1006 3291 canon
1024 3214 1166 3312 penitus
1183 3212 1410 3303 exterminat,
1427 3238 1513 3289 cum

287 3328 651 3430 procurationemvel
661 3328 880 3404 defensorem
893 3328 1073 3416 aecclesie,
1082 3329 1141 3404 vel
1149 3353 1365 3427 quemquam
1375 3327 1514 3424 regulis

287 3444 501 3534 subiectum,
518 3445 603 3519 adeo
620 3469 681 3542 per
699 3445 869 3542 pecunias
886 3440 1042 3518 ordinari
1058 3440 1229 3538 prohibet,
1242 3450 1284 3514 ut
1296 3441 1515 3514 intervento-

289 3584 346 3634 res
364 3582 502 3656 quoque
520 3558 613 3632 tanti
630 3558 774 3633 sceleris
787 3555 1025 3631 anathematis
1044 3579 1212 3630 mucrone
1229 3553 1401 3629 succidat.
1417 3553 1516 3640 Quid

287 3672 418 3770 plura?
435 3671 473 3743 Si
491 3670 784 3746 anathematizati
802 3680 838 3746 et
858 3668 1124 3757 communicati,
1140 3679 1177 3744 et
1194 3677 1235 3741 ut
1251 3691 1336 3742 vere
1360 3666 1515 3742 heretici

287 3783 473 3858 simoniaci
486 3793 521 3858 et
533 3783 691 3882 neophiti
704 3784 749 3857 ab
762 3783 923 3858 aecclesia
936 3792 1022 3856 sunt
1034 3782 1198 3882 separati,
1206 3781 1288 3878 quis
1301 3804 1372 3854 non
1381 3779 1515 3870 videat,

287 3897 379 3995 quod
404 3898 606 3972 huiusmodi
626 3897 850 3972 sacerdotum
865 3896 970 3970 misse
987 3905 1023 3969 et
1039 3895 1224 3984 orationes,
1241 3896 1355 3969 Deum
1373 3893 1418 3967 ad
1441 3893 1517 3968 ira·

288 4009 455 4083 cundiam
472 4033 578 4106 super
595 4009 764 4107 populum
782 4018 987 4107 provocent,
1004 4033 1108 4107 quem
1128 4008 1263 4105 placari
1280 4006 1412 4082 talibus
1435 4031 1517 4082 cre·

288 4122 485 4197 debemus?
498 4123 679 4223 Scriptum
693 4134 748 4198 est
760 4123 865 4198 enirn.
879 4122 966 4198 Veri
980 4122 1148 4197 sacrificii
1162 4121 1261 4196 locus
1274 4130 1377 4196 extra
1390 4118 1516 4193 catho-

290 4233 396 4308 licam
414 4234 611 4310 aeoelesiam
624 4258 694 4308 non
708 4243 772 4308 est.
781 4237 827 4308 Et
836 4235 932 4311 item.
944 4235 1150 4311 Hereticum
1161 4233 1339 4308 hominem
1350 4240 1427 4330 post
1439 4233 1516 4328 pri-

288 4371 382 4418 mam
396 4354 432 4421 et
444 4345 637 4422 secundam
650 4347 907 4447 eorreptionem
922 4347 1051 4423 devita.
1065 4345 1213 4434 Quando
1226 4368 1312 4441 ergo
1325 4343 1414 4419 tales
1426 4344 1515 4441 Epi·

289 4481 410 4560 seopos
426 4458 485 4534 vel
504 4460 670 4550 abbates,
683 4459 741 4535 vel
756 4459 909 4561 reliquos
925 4459 1074 4537 elericos
1091 4481 1161 4534 non
1178 4456 1391 4545 devitemus,
1408 4453 1438 4529 si
1456 4478 1517 4531 eo-
