3608 5498
795 403 991 466 -403-

288 535 359 600 tur.
377 523 479 601 Unde
496 534 533 600 et
549 525 643 600 idem
662 548 788 598 rursus
804 521 997 620 discipulos
1013 531 1192 597 ammonet
1216 521 1348 597 dicens.
1365 519 1404 593 Si
1429 518 1510 617 quis

288 663 359 712 non
376 638 494 714 obedit
511 638 618 713 verbo
635 647 755 712 nostro
770 662 834 737 per
850 638 1046 738 epistolam,
1059 636 1157 712 hunc
1170 645 1344 725 notasset
1357 660 1401 709 ne
1419 657 1512 710 corn-

291 752 514 826 misceamini
533 778 616 826 eum
639 776 690 841 eo,
707 761 748 825 ut
771 751 1012 826 confundatur
1029 760 1136 849 atque
1154 749 1251 824 illico
1274 747 1448 822 adiunxit.
1466 751 1513 820 Et

290 866 400 940 nolite
413 876 455 940 ut
473 866 660 942 inimicum
678 866 884 941 existimare
901 865 1016 955 illum,
1030 865 1092 939 sed
1109 863 1276 961 corripite
1294 871 1335 936 ut
1351 862 1512 936 fratrem.

291 984 347 1056 Ac
365 979 396 1053 si
409 979 552 1054 diceret.
560 982 691 1055 Pacem
703 1005 787 1055 cum
804 1002 844 1055 eo
861 977 1073 1054 exteriorem
1087 976 1295 1065 solvite‚sed
1309 975 1512 1050 interiorem

292 1094 388 1168 circa
406 1092 510 1168 illum
529 1093 737 1169 medullitus
761 1093 947 1183 custodite,
964 1101 1006 1166 ut
1031 1101 1157 1189 pacata
1181 1100 1300 1166 mente
1322 1088 1375 1164 sic
1392 1096 1514 1163 vestra

292 1205 467 1281 discordia
484 1205 599 1295 feriat,
612 1208 784 1306 quatinus
800 1231 869 1306 pax
885 1233 907 1281 a
923 1204 1055 1282 vestris
1071 1202 1237 1280 cordibus
1252 1227 1320 1279 nec
1336 1202 1513 1297 abnegata

292 1319 459 1398 discedat

821 1462 990 1549 LXXXV.

390 1661 588 1758 Gregorius
605 1662 644 1734 in
670 1662 847 1760 pastorali.
867 1663 938 1751 Qui
959 1663 1143 1738 abscondit
1164 1662 1345 1736 frumenta
1371 1658 1517 1734 maledi-

296 1784 399 1850 cetur
423 1774 461 1849 in
486 1776 647 1874 propriis,
664 1776 844 1851 frumenta
869 1776 999 1875 quippe
1026 1775 1239 1852 abscondere
1262 1784 1327 1863 est,
1352 1771 1519 1871 pradica-

297 1890 406 1963 tionis
430 1899 563 1965 senctae
588 1890 682 1987 apud
707 1916 744 1965 se
769 1889 878 1965 verba
896 1890 1115 1966 retinereln
1137 1889 1275 1988 populis
1296 1897 1417 1963 autem
1435 1885 1519 1960 talis

297 2005 447 2102 quisquo
474 2004 710 2094 maledicitur,
734 2005 819 2103 quia
845 2005 883 2078 in
908 2004 1019 2078 solius
1046 2002 1152 2102 culpa
1178 2002 1312 2078 silentii
1342 2024 1405 2099 pro
1427 1997 1518 2073 mul·

297 2127 415 2192 torum
433 2141 520 2216 quos
544 2118 724 2215 corrigere
749 2119 865 2216 potuit
890 2141 980 2217 pena
1005 2118 1206 2192 damnatur.
1232 2117 1271 2191 si
1297 2113 1521 2191 medicinalis

298 2231 388 2306 artis
405 2232 553 2305 minime
570 2231 691 2326 ignari
709 2232 905 2306 secundum
923 2230 1058 2305 vulnus
1074 2240 1247 2319 cerneret,
1265 2240 1301 2306 et
1322 2247 1443 2304 tamen
1469 2253 1522 2303 se·

299 2370 381 2420 care
406 2353 625 2433 recusarent,
651 2343 805 2440 prolecto
830 2354 1015 2442 peccatum
1041 2345 1208 2419 fraternae
1234 2342 1357 2418 mortis
1382 2369 1426 2418 ex
1448 2341 1521 2417 solo

300 2469 437 2555 torpore
446 2456 720 2532 committerent.
730 2461 872 2545 Quanta
881 2481 967 2555 ergo
976 2459 1082 2556 culpa
1096 2458 1327 2534 involvantur
1336 2457 1523 2556 aspiciant,

301 2573 362 2670 qui
381 2572 465 2646 dum
484 2581 702 2666 cognoscant
718 2571 870 2646 vulnera
888 2575 1075 2663 mentium,
1101 2595 1228 2649 curare
1253 2599 1295 2650 ea
1320 2573 1524 2670 neglegunt

301 2685 456 2760 sectione
474 2685 673 2760 verborum.
691 2685 793 2762 Unde
811 2696 847 2760 et
863 2686 952 2763 bene
968 2713 1031 2785 per
1048 2688 1258 2788 prophetam
1281 2688 1425 2764 dicitur.
1450 2691 1523 2761 Ma·

302 2799 455 2874 ledictus
468 2799 529 2897 qni
543 2799 702 2896 prohibet
714 2799 878 2896 gladium
892 2827 998 2875 suum
1013 2827 1034 2875 a
1047 2802 1236 2898 sanguine.
1246 2801 1414 2878 Gladium
1423 2801 1526 2900 quip-

302 2938 345 3010 pe
362 2938 383 2985 a
401 2913 579 3009 sanguine
595 2913 779 3013 prohibere
796 2924 861 3003 est,
878 2916 1141 3012 predicationis
1157 2915 1306 2991 verbum
1323 2941 1345 2987 a
1367 2914 1526 2991 carnalis

303 3027 388 3100 vitae
404 3026 651 3102 interfectione
669 3027 833 3102 retinere.
849 3031 896 3102 Et
913 3028 1017 3103 infra.
1035 3029 1073 3102 Si
1091 3051 1178 3125 ergo
1203 3027 1266 3104 ille
1291 3028 1356 3103 Dei
1381 3027 1526 3117 dicitur,

305 3141 366 3238 qui
379 3141 425 3214 ad
437 3140 596 3216 ferienda
609 3141 700 3216 vitia
712 3141 789 3216 zelo
801 3141 915 3216 divini
928 3141 1060 3215 amoris
1072 3143 1262 3232 excitatur,
1274 3141 1431 3239 prolecto
1448 3164 1526 3217 esse

304 3279 342 3328 se
361 3254 424 3329 Dei
443 3253 623 3350 denegant
640 3255 701 3353 qui
719 3254 950 3352 inquantum
968 3253 1103 3330 sufficit
1119 3254 1304 3351 increpare
1320 3254 1435 3330 vitam
1449 3277 1528 3329 car·

305 3368 444 3442 nalium
462 3377 614 3443 recusat.

825 3503 1014 3591 LXXXVI.

403 3703 600 3798 Gregorius
617 3702 656 3776 in
690 3758 834 3776 .....
867 3703 1073 3780 Vendentes
1089 3715 1125 3780 et
1146 3715 1307 3781 ementes
1330 3703 1373 3780 de
1396 3705 1529 3803 templo

307 3816 412 3892 eiecti
429 3826 525 3907 sunt,
542 3816 626 3914 quia
644 3816 706 3914 qui
724 3816 814 3890 dona
832 3816 1131 3914 Spiritus‘sanoti
1143 3818 1307 3893 vendunt
1319 3819 1379 3894 vel
1392 3830 1530 3911 emunt,

307 3953 377 4003 non
395 3940 481 4004 sunt
497 3929 592 4003 infra
609 3929 823 4006 catholicam
840 3929 1029 4006 ecclesiam
1044 3931 1106 4008 sed
1118 3940 1218 4006 extra
1231 3957 1315 4005 eum
1330 3933 1482 4030 paganis
1494 3944 1532 4009 et

308 4042 488 4117 hereticis.
505 4043 603 4118 Idem
621 4043 659 4115 in
677 4054 818 4140 regesto
834 4043 880 4119 ad
893 4044 1073 4140 Vigilium
1087 4044 1301 4141 episcopum.
1315 4048 1408 4121 Eum
1422 4070 1529 4144 quem

309 4180 396 4254 quos
421 4156 535 4253 pretio
562 4157 712 4247 ordinat,
741 4157 822 4254 agit
851 4167 891 4231 ut
920 4156 1100 4233 hereticus
1125 4158 1197 4230 fiat.
1219 4157 1316 4232 Idem
1339 4158 1376 4231 in
1399 4161 1532 4236 eodem.
1580 4156 1587 4169 '

311 4270 380 4356 Qui
398 4293 518 4344 saeros
539 4271 678 4346 ordines
703 4272 875 4358 vendunt,
900 4271 959 4346 vel
984 4281 1121 4361 emunt,
1142 4271 1341 4347 sacerdotes
1358 4297 1435 4349 esse
1461 4295 1533 4347 non

312 4394 469 4481 possunt,
486 4384 546 4458 sed
564 4395 650 4458 sunt
667 4384 924 4482 pseudochristi
943 4394 980 4458 et
997 4384 1316 4484 pseudoprophetae.
1334 4387 1533 4482 Gregorius

311 4498 570 4572 Nazianzenus.
588 4497 657 4585 Qui
675 4497 805 4572 donum
828 4496 890 4572 Ilei
908 4495 1022 4596 pretio
1039 4507 1232 4584 mercatur,
1244 4496 1282 4571 in
1295 4521 1397 4575 sacro
1408 4498 1533 4574 ordine
