3608 5498
794 405 990 470 -426-

281 520 436 596 Christo.
453 525 566 610 Quem
584 522 743 598 convicit
758 522 883 597 beatus
906 526 1012 620 Papa,
1037 533 1073 598 et
1098 522 1322 619 glorificatus
1339 533 1393 600 est
1409 527 1456 602 ab
1474 549 1516 600 o·

282 635 436 710 mnibus.
453 639 556 710 Tunc
570 635 794 710 lastinianus
811 643 1000 732 Augustus
1013 636 1145 733 gaudio
1160 637 1326 735 repletus,
1339 638 1516 714 humilia-

244 761 249 770 ’
281 747 336 824 vit
352 774 390 823 se
410 748 620 846 Apostolicae
642 749 724 823 Sedi
744 761 780 825 et
796 749 958 824 adoravit
974 749 1221 847 beatissimum
1236 753 1378 848 Papam.
1393 755 1439 825 Et
1452 776 1511 826 se·

279 873 432 958 gregato
450 861 620 936 anthimo
637 886 658 934 a
675 862 923 939 communione
941 874 977 938 et
994 862 1095 961 pulso
1112 863 1151 937 in
1174 863 1290 953 exilio,
1306 890 1352 939 ex
1376 876 1513 962 rogatu

280 976 440 1071 Augusti
458 974 683 1050 consecravit
699 975 737 1048 in
751 974 826 1051 loco
840 976 919 1052 eius
932 979 1101 1078 Meunam
1116 976 1356 1052 venerabilem
1374 978 1513 1053 virum.

279 1091 320 1161 In
339 1089 469 1164 eodem.
483 1086 705 1161 lastinianus
718 1089 897 1164 secundus
911 1094 1118 1187 Imperator,
1133 1090 1194 1188 qui
1209 1091 1386 1188 quondam
1400 1115 1514 1190 syno-

279 1202 363 1275 dum
376 1228 398 1276 a
411 1205 480 1277 IIII
494 1200 882 1299 patriarchiseteorum
898 1203 1137 1300 suffraganeis
1149 1203 1363 1280 celebratam
1375 1215 1410 1281 et
1423 1205 1512 1279 sub-

280 1313 462 1411 scriptam,
479 1315 523 1388 ad
541 1314 831 1391 subscribendam
850 1317 887 1390 in
906 1317 1019 1416 primo
1033 1317 1107 1392 loco
1121 1317 1227 1414 priori
1243 1317 1368 1413 Sergio
1380 1319 1513 1392 Roma-

279 1449 325 1500 no
343 1426 518 1516 Pontifici,
536 1438 577 1501 ut
594 1437 672 1524 pote
688 1429 848 1502 omnium
867 1430 1089 1505 sacerdotum
1108 1429 1216 1527 capiti
1235 1430 1424 1521 direxerat,
1442 1456 1511 1531 per

280 1528 509 1639 quemcidem
521 1543 760 1640 propterquod
771 1544 927 1641 praefatae
941 1543 1076 1641 synodo
1088 1542 1131 1617 ob
1144 1543 1305 1641 quadam
1320 1543 1356 1616 in
1372 1566 1511 1619 eacon·

279 1654 391 1728 traria
408 1658 575 1728 Romanae
592 1655 762 1731 aecclesiae
779 1657 914 1731 inserta
933 1656 1101 1753 capitula,
1118 1655 1327 1732 nullatenus
1351 1658 1511 1733 subscri-

279 1766 362 1842 bere
380 1766 505 1855 voluit,
524 1767 648 1842 multis
667 1768 778 1842 modis
797 1769 925 1843 insidia
948 1769 1159 1857 tetenderat,
1184 1794 1267 1844 cum
1293 1773 1443 1845 Leonem
1469 1781 1514 1846 et

279 1878 487 1976 Tyberium,
504 1879 564 1976 qui
583 1902 623 1954 co
636 1880 785 1977 expulso
798 1881 919 1955 divino
932 1892 1025 1957 nutu
1039 1882 1117 1956 eius
1130 1881 1320 1980 imperium
1335 1881 1402 1958 sibi
1415 1885 1511 1958 arri·

279 2003 430 2091 puerant
447 2016 565 2068 corum
591 1993 718 2090 populo
743 1994 958 2091 iugulasset‚
975 1993 1058 2071 ilico
1084 2007 1124 2069 ut
1141 1994 1331 2094 imperium
1359 1996 1511 2094 recepit,

278 2132 339 2206 per
356 2107 443 2182 duos
460 2107 699 2205 metropolitas
716 2108 896 2206 episcopos
921 2107 1107 2204 epistolam
1134 2132 1236 2180 suam
1260 2110 1330 2181 VII
1355 2107 1509 2182 Iohanni

279 2224 383 2318 Papae
392 2220 531 2309 direxit,
541 2221 576 2293 iu
588 2246 657 2319 qua
672 2221 824 2297 eundem
837 2221 1047 2296 adhortatus
1060 2230 1114 2295 est
1127 2221 1355 2310 coniurando,
1369 2230 1411 2295 ut
1423 2246 1509 2319 apo·

279 2334 413 2411 stolicra
429 2335 599 2411 acclesiae
616 2332 809 2411 concilium
826 2345 1048 2432 aggregaret
1065 2344 1102 2409 et
1115 2358 1264 2432 quaque
1277 2333 1310 2409 ei
1325 2333 1402 2408 visa
1415 2335 1508 2410 suis·

279 2458 369 2536 sent,
386 2457 569 2536 statueret,
586 2474 665 2547 quae
682 2449 831 2524 adversa
850 2448 1056 2524 rennuenda
1074 2456 1242 2522 cessaret.

843 2614 949 2698 oxu.

373 2787 630 2862 Constantinus
648 2786 791 2861 natione
809 2790 927 2886 Syrus
940 2787 1129 2882 ingressus
1142 2793 1197 2859 est
1210 2784 1506 2882 Constantinopo-

278 2901 353 2988 lim,
366 2902 425 2975 cui
443 2927 464 2975 a
478 2905 546 2976 VII
562 2900 729 2974 milliario
741 2900 881 2975 obviam
897 2900 997 2974 vonit
1011 2897 1189 2997 Tyberius
1202 2895 1391 2994 imperator
1405 2897 1505 2974 filius

276 3015 468 3089 Iustiniani
488 3015 658 3111 Augusti,
676 3040 759 3090 cum
777 3014 939 3112 patriciis
957 3024 992 3089 et
1009 3013 1104 3087 omni
1123 3011 1303 3109 syncletu,
1320 3020 1356 3086 ot
1378 3012 1504 3109 Cyrus

277 3129 486 3205 Patriarcha
503 3154 586 3204 cum
604 3129 699 3204 clero
717 3138 753 3203 et
768 3126 997 3202 multitudine
1012 3123 1142 3223 populi,
1155 3147 1277 3197 omncs
1290 3122 1452 3199 laetantes
1466 3133 1505 3200 et

276 3242 369 3318 diem
388 3243 517 3317 festum
536 3252 696 3338 agentes.
715 3242 879 3317 Pontifex
896 3264 980 3315 vcro
999 3250 1036 3315 rt
1053 3240 1132 3313 eius
1149 3237 1269 3312 clerus
1281 3247 1318 3311 et
1331 3236 1503 3334 primates

276 3382 357 3432 curn
379 3356 567 3432 sellaribus
584 3355 841 3453 imperialibus,
860 3366 895 3430 et
914 3353 1025 3429 frenis
1043 3351 1200 3426 inaurati
1218 3348 1327 3424 simul
1344 3360 1380 3425 ct
1405 3375 1503 3451 map-

276 3469 370 3568 pulis
387 3469 542 3567 ingressi
560 3479 647 3544 sunt
663 3469 860 3545 civitatem.
874 3473 921 3542 Et
933 3466 1148 3565 apostolicus
1166 3463 1329 3539 Pontifex
1341 3489 1425 3540 curn
1442 3489 1503 3541 oa·

276 3581 436 3658 melauco
454 3593 495 3658 ut
520 3581 646 3657 solitus
667 3593 722 3658 est
740 3585 858 3656 Roma
877 3582 1071 3680 procedere.
1089 3584 1130 3655 In
1148 3580 1343 3655 dicantem
1368 3603 1438 3676 qua
1461 3605 1502 3656 se

275 3697 430 3773 invicem
445 3696 613 3772 viderunt
626 3696 848 3771 Iustinianus
864 3702 1053 3791 Augustus
1067 3692 1398 3770 christianissimus
1415 3716 1501 3767 cum

276 3833 386 3905 regno
404 3810 440 3882 in
454 3809 569 3907 capito
582 3833 659 3884 sose
674 3809 867 3906 prostravit
880 3811 985 3908 pedes
997 3806 1199 3896 obsculans,
1213 3805 1387 3895 Pontifex,
1399 3805 1499 3880 dein-

274 3925 317 4000 de
335 3924 372 3997 in
390 3923 555 4022 amplexu
574 3934 697 3999 mutuo
715 3934 971 4012 convenerunt,
987 3933 1024 3998 et
1040 3923 1136 3998 facta
1153 3933 1208 3998 est
1221 3921 1345 3997 latitia
1363 3944 1501 4017 magna

278 4039 316 4112 in
336 4038 472 4136 populo.

830 4180 953 4265 oxlll.

371 4379 574 4480 Stephanus
587 4380 730 4454 natione
743 4382 923 4455 &manus
932 4403 1026 4454 anno
1035 4379 1229 4453 Dominioae
1238 4376 1499 4454 incarnationis

274 4491 430 4569 occult
447 4492 561 4568 habiit
577 4492 621 4569 ad
638 4490 977 4570 excellentissimum
1004 4516 1126 4592 regem
1152 4494 1370 4566 Francorum
1404 4488 1502 4593 Pipi·
