3608 5498
800 439 840 456 -
864 410 931 472 295
956 441 995 456 -

782 525 983 648 lcxvnn.

635 743 684 794 Ex
702 703 832 807 regesto
853 738 999 805 Gregorii
1017 738 1157 793 tantoris.

383 875 580 972 Gregorius
593 876 772 976 Stephano
784 876 991 975 presbytero
1003 883 1111 974 atque
1123 874 1205 951 aliis
1218 873 1357 950 duabus
1366 899 1510 972 succes·

287 988 354 1063 sim
368 988 537 1087 personis.
554 981 726 1077 Quotiens
738 979 813 1081 illu,
825 1015 845 1063 a
859 988 960 1068 nobis
973 989 1082 1066 tribui
1099 999 1300 1088 sperantur,
1312 1014 1392 1088 quse
1404 987 1509 1064 ratio·

289 1102 324 1175 ui
344 1102 596 1179 incunctanter
613 1105 839 1196 conveniant,
856 1107 976 1181 animo
993 1127 1056 1178 nos
1073 1104 1175 1179 decet
1191 1101 1318 1177 libenti
1342 1100 1509 1177 concede-

289 1242 337 1306 re,
358 1228 395 1293 et
420 1218 617 1317 petentium
631 1207 828 1295 ⁸desideriis
853 1244 1056 1318 congruum
1074 1217 1257 1316 impertire
1283 1214 1508 1312 suffragium.

289 1331 439 1430 Ideoque
452 1331 537 1429 quia
549 1328 736 1432 postulasti
749 1359 771 1408 a
784 1334 895 1427 nobis,
909 1333 1081 1434 quatinus
1094 1331 1246 1407 fundum
1261 1328 1508 1428 Capanianum

288 1470 371 1519 cum
389 1445 491 1520 domo
508 1470 573 1519 sua
590 1459 627 1521 et
643 1445 749 1522 vinea
766 1449 880 1545 posita
893 1451 952 1524 via
966 1448 1162 1536 Flaminea,
1175 1446 1281 1520 XIIII
1294 1442 1376 1542 plus
1389 1441 1510 1518 miuus

289 1559 449 1635 millibus
464 1559 509 1635 ad
522 1560 589 1636 hac
602 1561 698 1637 Urbe
715 1564 836 1655 Roma,
853 1587 932 1662 quse
948 1563 1066 1640 tenuit
1083 1585 1145 1661 per
1157 1557 1415 1635 emunitionem
1431 1561 1510 1634 Ser·

289 1675 374 1771 gius
391 1674 580 1774 presbyter
596 1680 631 1751 et
648 1677 881 1753 vester-iarius
894 1691 1014 1756 noster
1027 1677 1089 1777 qui
1102 1675 1236 1751 fundus
1248 1673 1367 1751 extitit
1379 1699 1424 1749 ex
1435 1697 1511 1750 cor·

288 1811 369 1886 porc
388 1789 590 1886 patrimonii
610 1791 749 1865 Tuscia
761 1791 851 1867 iuris
864 1802 998 1870 sanctae
1015 1788 1509 1880 numerusnumerous

289 1901 512 1978 deservimus
528 1904 709 1996 aecclesia,
725 1906 794 1981 hac
812 1906 912 1982 vobis
929 1906 1058 1982 emissa
1076 1902 1311 2006 preceptione
1328 1901 1372 1976 ad
1388 1910 1510 1976 tenen·

289 2018 374 2092 dum
392 2019 583 2093 concedere
609 2016 827 2095 deberemus.
852 2020 1021 2097 Inclinati
1042 2019 1163 2117 itaque
1181 2016 1346 2116 precibus
1366 2015 1509 2105 restris,

289 2131 647 2232 perhuiuspraecepti
657 2134 785 2209 seriem
793 2135 1039 2234 supradictum
1049 2132 1214 2236 fundum,
1226 2156 1308 2206 cum
1317 2128 1460 2204 domum
1474 2138 1511 2205 et

287 2246 394 2322 vinea
411 2256 446 2322 et
462 2248 628 2322 omnibus
645 2250 676 2324 ei
695 2251 955 2347 pertinentibus
973 2249 1011 2323 in
1028 2249 1219 2345 integrae
1241 2245 1407 2343 praesenti
1422 2248 1510 2320 VIII

288 2360 372 2435 Idus
383 2360 509 2434 diebus
522 2361 607 2436 vitae
622 2370 750 2438 vestre
763 2364 863 2439 vobis
876 2364 1104 2441 concedimus
1113 2361 1355 2449 detinendum,
1363 2360 1414 2434 ita
1423 2385 1509 2436 sane

288 2484 329 2548 ut
345 2500 367 2547 a
383 2473 482 2549 vobis
499 2474 657 2572 siugulis
673 2477 874 2576 quibusque
890 2476 1157 2566 indictionibus,
1173 2474 1354 2574 pensionis
1368 2476 1510 2552 nomine

288 2588 487 2662 rationibus
503 2590 767 2666 aecclesiasticis
783 2594 835 2667 Ill
851 2591 932 2666 auri
949 2589 1051 2664 solidi
1077 2587 1290 2662 difficultate
1316 2587 1510 2686 postposita

290 2701 548 2798 persolvantur,
556 2726 766 2802 omnemque
779 2727 850 2804 qua
864 2703 1030 2801 indtgau
1044 2700 1324 2777 meliorationem
1333 2726 1376 2776 ac
1391 2700 1511 2777 delen-

289 2815 423 2890 sionem
443 2815 633 2912 praedictus
650 2817 785 2892 fundus
801 2830 837 2894 et
853 2818 960 2893 vinca
986 2842 1050 2893 seu
1075 2817 1200 2891 domus
1224 2814 1467 2891 indifferenter
1488 2841 1510 2889 a

289 2928 389 3003 vobis
405 2929 483 3003 sine
500 2929 606 3004 dubio
619 2941 850 3028 procurantur
863 2933 1075 3022 efficiantur,
1092 2932 1262 3030 nullaque
1280 2940 1448 3029 preterea
1465 2931 1510 3006 ad

289 3043 444 3117 dandum
467 3069 597 3119 annue
614 3046 792 3144 pensionis
816 3073 837 3121 a
860 3048 960 3123 vobis
987 3071 1082 3121 mora
1105 3044 1301 3144 proveniat,
1325 3045 1386 3120 sed
1412 3044 1510 3120 ultro

289 3158 498 3233 actionariis
522 3169 655 3234 sancta
680 3169 810 3236 nostre
827 3162 1036 3238 Ecclesiae
1061 3160 1229 3259 praedicto
1253 3168 1409 3259 temporo
1433 3184 1510 3258 per·

289 3271 459 3348 solvatur.
475 3275 569 3347 Nam
587 3274 617 3346 si
634 3273 741 3349 aliter
756 3275 848 3373 quod
865 3274 996 3349 absita
1012 3273 1113 3348 vobis
1130 3273 1333 3372 provenerit
1358 3273 1510 3372 desuper

289 3386 358 3460 scri
364 3397 421 3484 pta
440 3386 691 3481 mederatione,
709 3390 912 3466 defensioue
928 3398 964 3463 ot
979 3412 1101 3462 annua
1122 3387 1289 3485 pensione
1314 3387 1509 3465 statuimus

290 3502 364 3576 fore
382 3500 576 3576 invalidam
594 3503 687 3580 hanc
705 3516 862 3580 nostram
880 3500 1164 3602 preceptionem.
1177 3503 1261 3575 Post
1272 3500 1408 3574 obitum
1428 3525 1511 3578 vero

290 3626 451 3690 vostrum
471 3624 687 3691 memoratus
700 3618 833 3693 fundus
849 3619 893 3693 ad
907 3618 964 3692 ius
976 3625 1110 3692 sancte
1124 3625 1253 3691 nostrae
1265 3614 1438 3691 aecclesiae
1450 3641 1512 3692 cu-

291 3728 348 3802 ius
364 3739 418 3804 est
435 3730 631 3828 proprietas
647 3731 685 3805 in
698 3732 841 3830 integro
854 3741 1067 3810 revertatur.
1080 3733 1161 3806 Dat.
1173 3730 1223 3805 Id.
1237 3728 1375 3828 Aprilis
1387 3729 1511 3807 indict.

294 3845 381 3917 Vlll
397 3867 491 3920 anno
509 3843 650 3920 Domini
668 3845 719 3920 ill.
757 3864 760 3873 ·

828 3964 929 4074 cxx.

387 4188 585 4284 Gregorius
603 4189 798 4290 Episcopus
813 4214 942 4266 servus
958 4209 1144 4264 servorum
1163 4184 1240 4274 Dei,
1256 4183 1439 4261 universis
1460 4209 1514 4261 re·

293 4300 555 4378 verentissimis
571 4313 607 4379 et
624 4304 862 4379 sanctissimis
878 4300 1050 4377 fratribus
1069 4297 1262 4398 Episcopis,
1275 4296 1514 4395 Presbyteris,

294 4414 518 4508 Diaconibus,
530 4417 696 4515 gloriosis
714 4417 884 4507 Ducibus,
897 4426 932 4493 ct
946 4415 1151 4512 magnificis
1163 4412 1356 4504 Gestaldis,
1369 4411 1515 4488 Comiti-

291 4529 359 4604 bus
375 4530 482 4606 etium
500 4556 563 4607 seu
590 4533 732 4610 cunctis
753 4531 970 4609 Christianis
991 4531 1105 4609 Deum
1131 4527 1350 4605 timentibus.
1376 4524 1514 4604 Sollici-
