3608 5498
929 443 970 460 -
994 409 1059 474 aee
1084 443 1125 460 -

897 573 910 591 '
962 582 1082 667 LXXI.

508 764 716 862 Gregorius,
732 768 774 840 In
792 767 880 841 XIII
898 763 1100 839 moralium.
1114 767 1250 860 Magna
1271 772 1347 838 arte
1372 762 1635 865 predicationis

413 879 595 977 agendum
608 886 717 954 estut
729 877 792 976 qui
804 903 851 953 ex
863 887 985 975 aperta
999 877 1218 975 correptione
1231 877 1422 953 deteriores
1435 877 1538 965 fiunt,
1551 900 1635 976 quo

413 992 495 1068 dam
512 1001 789 1089 temperamento
806 991 1038 1089 correptionis
1050 992 1095 1067 ad
1108 991 1261 1068 salutem
1275 990 1431 1067 redeant.
1445 992 1548 1067 Sicut
1561 992 1632 1066 ino·

412 1116 515 1183 nesta
532 1105 690 1182 membra
702 1104 740 1177 in
753 1104 1184 1203 corpore‚itautquidam
1198 1104 1335 1179 suntin
1349 1103 1499 1181 ecclesia
1514 1116 1634 1203 poten·

413 1229 469 1295 tes
484 1229 521 1296 et
535 1217 703 1316 protervi,
716 1217 778 1316 qni
795 1217 880 1291 dum
895 1226 1019 1316 aperta
1037 1217 1302 1318 proinveetione
1320 1218 1421 1293 feriri
1439 1229 1634 1317 nequeunt,

414 1333 516 1434 quasi
533 1333 700 1410 honorem
718 1333 892 1428 tegminis
909 1331 1085 1409 velantur.
1103 1332 1173 1407 Sed
1188 1332 1254 1407 hoc
1271 1333 1314 1407 de
1339 1331 1491 1407 occultis
1515 1342 1636 1431 poten-

415 1458 493 1523 tum
509 1446 651 1522 delictis
667 1446 857 1545 loquimur.
875 1450 969 1521 Nam
986 1470 1056 1545 quo
1073 1454 1109 1521 et
1125 1445 1208 1520 aliis
1233 1447 1532 1542 cognoscentibus
1556 1472 1635 1544 pec-

414 1569 510 1650 cant,
526 1560 607 1635 aliis
624 1561 733 1636 etiarn
751 1560 1050 1658 cognoscentibus
1067 1558 1274 1658 increpandi
1289 1569 1384 1648 sunt,
1402 1585 1446 1634 ne
1463 1561 1494 1633 si
1511 1561 1634 1657 praedi·

416 1686 514 1751 cator
536 1684 653 1751 taceat
668 1675 812 1774 culpam
830 1674 1040 1773 approbasse
1058 1672 1234 1762 videatur,
1253 1681 1360 1770 atque
1386 1672 1446 1747 hie
1471 1698 1636 1749 crescens

416 1787 454 1861 iu
471 1787 674 1885 exemplum
691 1788 824 1876 veniat,
841 1811 949 1887 quarn
966 1787 1118 1886 pastoris
1135 1786 1263 1885 lingua
1280 1811 1350 1862 non
1364 1798 1471 1864 secat.

933 2016 1073 2100 LXXII.

514 2234 712 2330 Gregorius
729 2234 768 2308 in
780 2237 905 2311 XVIII
923 2235 1112 2312 moralium
1130 2234 1228 2310 libro.
1243 2236 1436 2311 Sciendum
1450 2246 1504 2310 est
1517 2259 1640 2333 pecca-

417 2360 534 2425 torum
550 2349 869 2440 remissio,ubi,vel
883 2351 1023 2448 quando
1037 2348 1095 2424 vel
1109 2347 1276 2446 qualibus
1288 2347 1400 2422 detur.
1415 2347 1482 2423 Ubi
1497 2348 1639 2446 quippe,

417 2464 488 2538 nisi
497 2463 536 2536 in
549 2462 733 2538 catholicae
743 2464 869 2538 matris
882 2463 965 2538 sinu
975 2468 993 2539 ‘3
1002 2468 1079 2552 Quo
1092 2463 1161 2537 nisi
1170 2473 1254 2538 ante
1264 2464 1378 2538 veteri
1392 2464 1508 2538 exitus
1518 2462 1609 2539 diem
1621 2468 1640 2538 ‘I

418 2577 511 2665 Quia
531 2601 613 2652 eece
631 2602 729 2653 nunc
745 2587 887 2674 tempus
904 2575 1122 2675 acceptabile
1140 2600 1223 2652 ecoe
1239 2601 1338 2651 nunc
1355 2576 1430 2652 dies
1447 2577 1585 2651 salutis.
1609 2579 1641 2651 I·

418 2692 499 2766 dem
517 2689 554 2763 in
573 2691 704 2765 eodem.
722 2688 890 2777 Qualibet
905 2690 1012 2764 datur
1029 2699 1254 2786 peccatorum
1280 2689 1441 2765 remissio
1465 2690 1534 2764 nisi
1561 2713 1641 2764 con·

419 2804 560 2881 versis?
577 2802 638 2902 qui
655 2803 700 2877 ad
718 2804 950 2901 parvulorum
972 2803 1207 2877 imitationem
1234 2804 1409 2900 magistra
1434 2804 1639 2879 humilitate

420 2918 631 3006 formantur,
647 2915 777 3014 quibus
794 2917 937 3007 dicitur,
956 2917 1026 2990 nisi
1043 2918 1206 2993 conversi
1224 2918 1367 2993 fueritis
1380 2927 1415 2993 et
1432 2919 1640 2993 efficiamini

423 3031 519 3107 sieut
537 3030 707 3128 parvuli?
723 3042 760 3106 et
776 3041 910 3109 cetera
921 3035 968 3105 ut
984 3031 1092 3108 sinite
1109 3033 1277 3131 parvulos
1294 3033 1417 3108 venire
1434 3033 1479 3107 ad
1496 3037 1580 3107 me?
1603 3042 1640 3106 et

421 3157 548 3223 cetera.
557 3146 656 3221 Idem
669 3147 707 3220 in
720 3149 838 3224 XXII.
850 3149 944 3222 Nam
958 3146 1043 3244 quia
1056 3147 1231 3247 scripturn
1244 3157 1309 3222 est.
1318 3149 1441 3222 Iustus
1454 3147 1492 3220 in
1507 3147 1639 3245 princi-

421 3262 479 3362 pio
494 3270 682 3338 accusator
698 3271 753 3337 est
775 3260 844 3352 sui,
860 3285 932 3336 non
950 3260 1067 3356 magis
1083 3270 1322 3359 peccatorum,
1343 3260 1374 3334 si
1392 3259 1509 3335 iustus
1527 3259 1641 3335 videri

420 3376 567 3476 appetit,
584 3401 668 3451 curn
686 3384 907 3474 peecatorem
925 3399 962 3450 se
976 3374 1127 3473 quisque
1141 3372 1239 3448 nullo
1252 3383 1428 3469 arguente
1442 3374 1641 3461 confitetur,

422 3492 491 3567 Sed
507 3489 740 3567 confessionis
751 3490 940 3565 veritatem
955 3488 1089 3589 probat,
1103 3507 1186 3562 oum
1200 3487 1292 3562 alter
1304 3487 1438 3561 malurn
1453 3486 1545 3585 quod
1558 3487 1643 3562 feci-

422 3631 504 3679 mus
521 3603 690 3701 increpat.
708 3601 809 3691 Quod
826 3603 856 3677 si
874 3603 1024 3701 superbe
1041 3601 1276 3691 defendimus,
1293 3601 1405 3699 liquet
1422 3603 1507 3699 quia
1521 3626 1643 3699 pecca·

422 3726 525 3807 tores,
542 3740 606 3791 nos
622 3741 667 3792 cx
683 3716 783 3791 nobis
799 3717 882 3792 ficte
907 3715 1121 3792 dicebamus.
1138 3715 1241 3792 Unde
1265 3734 1488 3814 summopere
1514 3740 1642 3790 caven-

423 3832 510 3907 dum
522 3839 587 3921 est,
599 3840 641 3906 ut
658 3829 752 3904 mala
768 3855 848 3928 quoa
865 3829 1017 3906 fecimus
1033 3837 1070 3904 et
1087 3836 1209 3926 sponte
1227 3827 1404 3903 fateamur
1426 3838 1462 3903 et
1478 3828 1545 3905 hoc
1561 3828 1642 3903 aliis

422 3943 659 4042 arguentibus
667 3967 738 4018 non
747 3966 932 4040 negemus.
946 3940 1128 4040 Superbiae
1141 3940 1271 4042 quippe
1284 3941 1415 4016 vitium
1426 3949 1491 4031 est,
1500 3952 1541 4016 ut
1550 3941 1643 4040 quod

422 4059 520 4135 dese
537 4057 686 4156 quisque
703 4056 809 4131 fateri
825 4055 928 4154 quasi
942 4078 1007 4130 sua
1021 4066 1144 4154 sponte
1156 4056 1340 4152 dignatur,
1351 4055 1419 4132 hoc
1432 4055 1500 4131 sibi
1513 4056 1584 4131 dici
1598 4057 1643 4130 ab

423 4171 505 4246 aliis
525 4172 749 4268 dedignetur.
768 4173 814 4244 Et
830 4170 935 4244 infra.
953 4173 1022 4246 Per
1046 4170 1268 4245 infirmitatis
1293 4169 1545 4245 verecundiam
1572 4169 1644 4267 ple·

425 4310 576 4384 rumque
600 4285 780 4383 gravioris
804 4295 859 4360 est
883 4284 1090 4360 certaminis
1115 4284 1302 4361 commissa
1328 4293 1473 4381 peccata
1498 4284 1643 4382 prodere

424 4425 532 4500 quam
548 4423 619 4475 non
637 4400 793 4474 admissa
809 4400 935 4474 vitare.
953 4402 1000 4474 Et
1017 4399 1295 4498 unumquodque
1321 4398 1455 4473 malum
1475 4398 1643 4495 quamvis

425 4513 604 4592 robustius
620 4515 767 4607 vitetur,
783 4523 872 4592 tunc
887 4510 1064 4591 humilius
1081 4512 1251 4612 proditur.
1268 4515 1358 4591 ltem
1378 4513 1415 4587 in
1433 4513 1586 4588 XXIIII.
1603 4506 1643 4586 Si
