3608 5498
958 378 1131 440 ..18-

429 503 479 576 Ut
496 499 702 598 Presbyteri
725 508 896 598 presente
921 522 986 573 sno
1011 498 1182 596 Episcopo
1202 511 1238 577 et
1254 526 1295 576 eo
1312 501 1457 577 iubente
1475 501 1512 575 in
1530 500 1653 577 Eccle-

500 614 554 687 sia
570 612 773 710 praedicent.
790 614 875 711 Cap.
893 612 969 688 CX.
986 612 1097 687 CXII.
1116 612 1228 689 CXV.

429 729 478 803 Ut
494 727 639 842 absente
656 727 828 824 Episcopo
844 727 1061 823 consignent
1076 726 1183 801 etiarn
1211 727 1249 801 in
1270 729 1397 804 fronte.
1415 729 1499 826 Cap.
1525 730 1652 802 LXIII.

429 958 481 1032 De
503 843 1027 1053 IIIIJIeIVII'consignationis
1056 953 1222 1053 Episcopi
1255 967 1292 1031 et
1322 955 1539 1054 Presbyteri.
1565 955 1650 1052 Cap.

430 1072 1651 1282 UtabbbbthIpiscoporeconcilientpenitentemCap.XVIIIICXII.

429 1301 477 1372 Ut
494 1297 615 1372 eodem
632 1297 779 1373 absente
796 1297 923 1394 populo
940 1297 1162 1372 benedicant.
1180 1299 1265 1397 Cap.
1278 1300 1388 1374 CXII.

429 1411 528 1497 Quod
546 1411 583 1484 in
601 1411 860 1510 principalibus
883 1411 986 1486 festis
1011 1437 1095 1487 cum
1120 1415 1217 1487 Rom.
1243 1415 1414 1488 Pontifice
1440 1410 1650 1487 Cardinales
1739 1443 1741 1447 ’

501 1526 708 1624 Presbyteri
726 1527 874 1600 Missam
891 1527 1083 1603 celebrant.
1097 1527 1182 1625 Cap.
1200 1527 1366 1602 XCVIII.

431 1642 482 1716 De
499 1641 573 1716 Ioco
590 1651 626 1716 et
651 1651 780 1715 ornatu
797 1664 929 1715 eorum.
947 1641 1033 1738 Cap.
1049 1643 1202 1715 XXIIII.
1219 1644 1274 1715 LI.
1291 1644 1364 1715 LII.

428 1756 528 1842 Quod
545 1755 751 1854 Presbyteri
768 1765 804 1831 et
821 1754 969 1830 Diaconi
986 1755 1190 1830 dalmaticis
1209 1764 1372 1828 utuntur.
1388 1756 1472 1851 Cap.
1486 1755 1651 1826 LXXXI.

428 1982 480 2054 De
497 1870 721 2057 §affiblslet
737 1980 916 2078 mappulis
933 1981 1146 2055 eorumdem.
1165 1982 1249 2079 Cap.
1267 1986 1293 2056 I.
1309 1982 1370 2056 Iib.
1389 1982 1484 2056 IIII⁰.

427 2094 528 2182 Quod
544 2093 625 2169 aliis
641 2092 783 2169 clericis
800 2117 870 2166 non
887 2092 972 2168 licet
988 2094 1110 2168 eadem
1128 2094 1257 2169 habere
1275 2096 1445 2192 insignia.
1471 2095 1556 2189 Cap.
1574 2092 1650 2166 XC.

498 2208 588 2282 etin
605 2209 638 2282 1⁰
656 2207 715 2280 lib.
731 2230 808 2304 cap.
823 2209 987 2282 XLVIII.
1004 2218 1040 2283 et
1058 2209 1269 2284 CLXVIIII.

426 2322 506 2398 Ideo
521 2325 620 2449 Rpm.
637 2321 769 2461 Cleorici
787 2321 905 2396 locum
918 2322 1148 2419 antiquorum
1162 2322 1294 2397 habent
1307 2320 1550 2418 patriciorum.
1564 2320 1650 2415 Cap.

426 2551 476 2625 Ut
492 2438 526 2623 II
543 2435 749 2644 lPlicslbylteri
767 2558 803 2622 et
820 2550 872 2621 III
889 2547 1037 2621 Diaconi
1055 2548 1205 2623 inomni
1223 2550 1299 2625 loco
1323 2550 1438 2623 assint
1463 2548 1649 2645 Episcopo,

498 2663 582 2760 Cap.
599 2663 790 2735 XXVIIII.

426 2777 476 2851 Ut
492 2775 702 2872 posteriores
719 2772 871 2849 ordinati
888 2797 957 2849 non
972 2774 1209 2873 preferantur
1225 2775 1411 2874 prioribus.
1430 2776 1514 2873 Cap.
1542 2776 1650 2848 XLII.

427 3006 475 3078 Ut
491 2891 815 3079 CIeIIoKIIIbIorenr
832 3026 937 3076 suum
956 3001 1170 3101 Episcopum
1188 3013 1225 3079 et
1241 3004 1315 3103 ipse
1338 3027 1406 3078 eos.
1432 3001 1516 3098 Cap.
1535 3004 1650 3076 VIIII.

497 3127 533 3193 et
551 3118 698 3194 CVIIII.
716 3116 828 3192 CXV.

425 3233 477 3306 De
494 3231 660 3306 ordinatu
678 3231 920 3307 Sacerdotem.
938 3230 1023 3328 Cap.
1049 3232 1146 3305 VIII.
1171 3233 1252 3305 XV.
1278 3231 1460 3305 XLVIIII.
1484 3230 1648 3303 LXXIII.

496 3345 678 3418 LXXIIII.
695 3343 807 3418 CXX.
824 3345 1013 3418 XXVIIII.

424 3459 476 3532 De
493 3456 694 3533 reverentia
712 3456 890 3530 minorum
908 3480 996 3553 erga
1013 3457 1163 3533 maiores
1181 3481 1273 3533 suos.
1292 3459 1377 3557 Cap.
1394 3461 1431 3532 L.

424 3571 476 3644 De
494 3568 721 3666 Presbyteris
738 3568 887 3666 quinon
905 3578 990 3644 sunt
1008 3570 1225 3645 Cardinales.
1243 3572 1328 3668 Cap.
1345 3572 1444 3646 XIII.

426 3680 526 3768 Quod
537 3680 576 3754 hi
594 3681 657 3779 qui
670 3701 740 3755 non
753 3689 840 3755 sunt
852 3682 1059 3778 Presbyteri
1077 3684 1244 3759 Cardinis
1257 3684 1334 3782 (sic)
1348 3683 1385 3755 in
1398 3681 1520 3757 sinodo
1531 3681 1650 3756 cathe-

497 3793 612 3869 drales
629 3794 729 3869 sedes
746 3817 816 3869 non
834 3794 998 3870 habeant.
1016 3796 1101 3895 Cap.
1118 3800 1228 3872 XLV.

424 3906 525 3994 Quod
537 3907 788 3983 Cardinalibus
804 3931 875 3983 non
892 3907 1043 3984 debeant
1062 3909 1217 4007 preponi
1235 3930 1305 3982 non
1327 3905 1548 3984 Cardinales.
1562 3907 1647 4003 Cap.

424 4023 710 4211 UndIdViIicantur
727 4133 946 4210 cardinales.
964 4136 1049 4234 Cap.
1068 4136 1217 4212 CXXX.

424 4248 475 4323 Dc
487 4246 618 4388 honpre
635 4247 876 4324 Sacerdotum.
890 4248 974 4347 Cap.
991 4251 1053 4323 III.
1066 4274 1142 4347 cap.
1156 4250 1274 4367 XXX.
1287 4251 1360 4324 LX.
1374 4249 1413 4325 C.
1427 4249 1521 4325 CIII.
1536 4247 1573 4320 in
1587 4246 1647 4322 lib.

424 4474 475 4548 Ut
490 4362 735 4548 ιΙιξιΙΙΙΙιιξέὲέῒ
750 4474 873 4549 honori
890 4498 963 4550 su0.
981 4477 1066 4574 Cap.
1083 4479 1174 4551 XLI.
1192 4477 1285 4584 CIII.
