3608 5498
808 407 1002 468 -lol-

293 536 424 602 eternae
437 525 522 599 vitae
534 524 717 619 clavigero
729 525 862 599 terreni
872 524 981 598 simul
989 535 1025 601 et
1033 525 1324 623 celestisimperii
1334 528 1414 600 iura
1424 551 1518 603 corn·

294 639 401 714 misit.
418 642 495 713 Non
521 663 608 735 ergo
624 637 792 737 quaelibet
808 650 950 714 terrena
967 639 1155 727 sententia,
1172 640 1234 714 sed
1254 639 1345 714 illud
1367 639 1516 715 verbum

292 777 362 854 quo
378 763 625 829 constructum
644 764 698 828 est
715 752 842 828 caelum
861 764 898 827 et
914 763 1022 841 terra,
1042 778 1102 851 per
1119 754 1211 851 quod
1228 755 1381 851 denique
1397 754 1516 829 omnia

292 866 432 942 condita
454 877 540 940 sunt
565 866 751 950 elementa,
776 869 971 940 Romanam
997 868 1163 941 fundavit
1187 867 1393 943 Ecclesiam.
1411 867 1515 941 Illius

292 992 390 1056 certe
407 979 596 1078 privilegio
614 979 747 1052 fundus
771 978 869 1052 illius
894 981 1107 1056 auctoritate
1133 979 1293 1055 fulcitur.
1319 981 1421 1055 Unde
1445 1004 1514 1054 non

291 1093 452 1183 dubium,
468 1093 552 1191 quia
569 1093 733 1191 quisquis
750 1092 943 1168 cuiuslibet
959 1093 1119 1168 ecclesiae
1137 1094 1276 1167 iussum
1294 1092 1450 1168 detrahit
1462 1094 1517 1166 in·

293 1206 467 1281 iustitiam
492 1206 588 1281 iacit.
606 1206 674 1293 Qui
691 1215 812 1280 autem
835 1209 1002 1280 Romanae
1020 1206 1189 1282 Ecclesiae
1214 1206 1447 1304 privilegium
1473 1205 1517 1280 ab

292 1320 367 1417 ipso
382 1343 523 1394 summo
539 1319 699 1394 omnium
717 1319 952 1395 ecclesiarum
970 1320 1086 1417 capite
1104 1320 1289 1409 traditum,
1306 1320 1447 1394 auferre
1460 1343 1515 1395 co

293 1445 411 1524 natur,
427 1435 487 1510 hio
504 1433 733 1531 proculdubio
750 1434 788 1507 in
805 1433 948 1509 heresin
966 1433 1111 1506 labitur.
1129 1437 1275 1510 Etcum
1294 1433 1355 1507 ille
1370 1442 1514 1507 notetur

294 1549 422 1637 iustus
435 1549 494 1624 bic
507 1559 561 1623 est
573 1549 744 1623 dicendus
761 1548 951 1624 hereticus.
965 1547 1086 1622 Fidem
1103 1548 1231 1645 quippe
1246 1547 1367 1636 violat,
1381 1546 1442 1644 qui
1455 1547 1515 1620 ad·

295 1689 421 1740 versus
435 1664 531 1738 illam
547 1664 637 1760 agit,
650 1689 729 1762 quae
742 1674 857 1738 mater
870 1673 924 1738 est
938 1661 1029 1736 fidei.
1043 1665 1089 1734 Et
1107 1660 1277 1736 illicitum
1292 1660 1445 1753 maxime
1462 1661 1515 1733 in·

293 1778 448 1861 venitur.
466 1779 526 1878 qui
545 1803 622 1854 eam
639 1778 782 1852 cunctis
799 1775 960 1852 ecclesiis
979 1774 1177 1872 praetulisse
1202 1775 1442 1870 cognoscitur.
1467 1776 1515 1846 Et

293 1889 397 1965 infra.
410 1891 513 1966 Unde
525 1900 561 1966 ct
574 1891 649 1988 ipse
662 1899 810 1964 sanctus
824 1889 1034 1963 Ambrosius
1046 1914 1083 1963 se
1097 1891 1135 1962 in
1147 1889 1312 1964 omnibus
1325 1889 1425 1986 sequi
1442 1913 1512 1961 ma·

291 2002 446 2098 gistrum
463 2015 625 2079 sanctam
646 2006 840 2078 Romanam
858 2002 1044 2099 profitetur
1060 2000 1270 2077 ecclesiam.

801 2229 1006 2313 cxxxvii.

386 2459 425 2534 Si
442 2459 523 2557 quis
540 2459 749 2556 Apostolicae
766 2458 847 2532 Sedi
866 2458 943 2530 sine
960 2456 1124 2531 concordi
1137 2466 1173 2531 et
1186 2455 1359 2531 canonica
1371 2455 1513 2530 electio

291 2599 336 2650 ne
349 2573 595 2655 Cardinalium
609 2574 778 2662 eiusdem,
791 2599 833 2650 ac
846 2572 970 2648 deinde
984 2572 1211 2670 sequentium
1225 2571 1445 2647 Clericorum
1460 2595 1513 2646 re·

292 2689 502 2785 ligiosornm
517 2687 767 2777 intronizatur,
778 2710 848 2761 non
864 2690 970 2783 Papa,
981 2684 1041 2760 vel
1055 2685 1290 2783 Apostolicns‚
1302 2685 1361 2760 sed
1379 2693 1515 2781 aposta·

290 2802 385 2877 ticus
398 2800 583 2888 habeatur,
592 2811 628 2875 et
636 2809 678 2875 ut
689 2801 861 2875 moriente
876 2801 1032 2873 Romano
1046 2799 1229 2886 Pontifice‚
1241 2799 1300 2874 vel
1309 2798 1514 2873 cuiuscum-

291 2940 359 3013 que
372 2914 542 3005 civitatis,
555 2914 679 2988 nullus
692 2924 884 3011 praesumat
897 2913 1087 2988 facultates
1100 2913 1243 2988 illorum
1257 2913 1436 3002 invadere,
1450 2914 1512 2989 sed

288 3028 553 3104 successoribus
570 3051 690 3103 eorum
709 3026 851 3124 integre
868 3037 1105 3103 reserventur.

793 3255 1016 3339 CXXXVIII.

385 3484 424 3559 Si
441 3485 522 3582 quis
539 3483 691 3583 pecnnia
709 3482 768 3558 vel
784 3484 903 3579 gratia
920 3483 1090 3573 humana,
1107 3493 1171 3557 aut
1184 3483 1357 3581 populari,
1370 3506 1433 3557 seu
1448 3483 1513 3555 mi·

290 3598 388 3673 litari
401 3599 572 3686 tumultu,
581 3598 658 3672 sine
672 3598 835 3672 concordi
845 3609 882 3672 et
891 3598 1064 3673 canonica
1073 3598 1243 3674 electione
1253 3597 1511 3685 Cardinalium‚

290 3723 327 3787 et
344 3712 568 3810 sequentium
587 3711 835 3807 religiosorum
853 3711 1067 3788 clericorum
1085 3712 1195 3787 fuerit
1212 3710 1424 3809 Apostolicae
1436 3711 1511 3785 sedi

290 3826 564 3912 inthronizatus,
587 3850 654 3900 nec
680 3824 915 3922 Apostolicns‚
937 3827 998 3900 sed
1015 3826 1232 3925 apostaticus
1250 3825 1431 3900 habeatur.
1456 3825 1511 3898 Li·

290 3953 437 4040 ceatque
455 3940 707 4017 cardinalibus
724 3967 808 4017 cum
828 3945 941 4016 Deum
959 3939 1169 4015 timentibus
1190 3938 1331 4014 clericis
1352 3947 1388 4012 et
1409 3937 1511 4013 laicis

290 4056 489 4131 invasorem
504 4055 611 4131 etiam
625 4055 863 4144 anathemate,
879 4065 915 4130 et
931 4054 1087 4127 humano
1100 4051 1232 4125 auxilio
1245 4062 1281 4125 et
1293 4050 1411 4124 studio
1423 4075 1444 4122 a
1458 4075 1512 4125 se·

288 4169 332 4244 de
349 4168 547 4265 Apostolica
564 4168 707 4266 pellere,
720 4180 756 4243 et
773 4193 878 4266 quem
895 4167 1047 4263 dignum
1064 4165 1315 4253 iudicaverint,
1333 4188 1510 4263 reponere.

289 4282 389 4370 Quod
407 4283 437 4356 si
453 4282 519 4358 boc
538 4283 632 4357 intra
649 4283 780 4358 Urbem
799 4284 968 4381 perficere
980 4280 1220 4377 nequiverint,
1232 4278 1446 4354 anctoritate
1463 4284 1511 4353 A·
1582 4297 1584 4300 ·

288 4393 456 4492 postolica
472 4406 574 4470 extra
589 4397 721 4470 Urbem
736 4396 960 4492 cougregati,
973 4396 1011 4468 in
1024 4394 1099 4470 loco
1112 4395 1174 4493 qui
1187 4394 1238 4469 eis
1253 4394 1428 4492 placuerit
1440 4391 1510 4468 ele-

290 4507 444 4583 ctionem
466 4508 612 4596 faciant,
627 4531 795 4584 concessa
811 4510 924 4585 electo
940 4509 1153 4586 auctoritate
1170 4508 1319 4606 regendi
1336 4517 1373 4583 et
1396 4505 1510 4604 dispo
