3608 5498
650 403 847 468 -397-

137 528 245 629 culpe
257 525 467 604 declinatur.
477 524 580 604 Unde
594 524 810 600 Praedicator
823 533 970 600 sanctus
984 549 1066 599 cum
1078 522 1246 597 Damasci
1260 521 1362 597 valde

137 643 333 719 obstinatas
350 649 489 716 mentes
506 638 796 738 persequentium
817 646 990 726 comeret,
1015 660 1136 712 eorum
1165 635 1279 710 voluit
1302 634 1362 708 ad-

139 756 305 832 versitati
322 756 515 851 confligere
529 753 614 851 quia
627 751 859 849 semetipsum
874 776 979 849 quem
994 751 1221 848 profuturum
1236 749 1360 823 multis

139 878 289 946 noverat
304 868 396 944 vidit
413 892 512 967 posse
532 868 692 942 deficere.
712 869 757 940 Et
769 873 834 940 aut
847 864 938 938 nulli
952 890 989 939 se
1002 864 1080 940 illic
1093 873 1157 938 aut
1170 863 1272 961 pauci
1288 885 1364 959 pro

139 975 1363 1078 111111811111111111111111111111111111111111111111111111111

138 1097 272 1171 adalia
290 1095 439 1172 sabella
457 1095 627 1170 servavit.
644 1097 726 1168 Non
743 1092 839 1168 enim
857 1091 933 1166 loco
950 1091 1080 1178 virtus,
1104 1090 1166 1164 sed
1190 1089 1267 1164 loco
1292 1089 1365 1162 vir·

137 1212 209 1285 tuti
226 1211 349 1286 defuit.
367 1214 412 1284 Et
429 1209 561 1285 iccirco
579 1207 797 1283 fortissimus
816 1206 919 1281 miles
936 1206 981 1280 ab
998 1204 1189 1280 obsidionis
1206 1215 1363 1301 angusta

139 1321 346 1398 certaminis
360 1344 527 1418 campum
541 1320 717 1419 quaesivit.
732 1319 801 1395 Ubi
816 1327 936 1394 autem
955 1318 1183 1413 subiuganda
1196 1321 1276 1413 regi
1290 1339 1365 1414 pro-

140 1435 216 1533 prio
233 1433 334 1508 nulla
352 1434 637 1509 adversariorum
655 1433 746 1509 colla
776 1433 974 1529 conspexit,
999 1432 1120 1507 subire
1144 1431 1279 1506 bellum
1304 1430 1364 1504 v'el

138 1573 222 1623 cum
241 1557 351 1622 morte
369 1570 438 1620 non
457 1548 591 1621 timuit.
608 1547 714 1622 Sicut
730 1546 805 1643 ipse
818 1572 901 1622 cum
916 1546 1173 1622 Gerosolimam
1188 1555 1365 1643 pergeret,
1425 1524 1465 1618 1-1·

140 1685 221 1735 eum
241 1660 303 1758 qui
316 1660 502 1757 discipulis
515 1660 716 1757 passionem
730 1659 832 1733 illius
849 1684 911 1756 por
927 1659 1145 1758 prophetiam
1163 1658 1365 1756 praescitam
1458 1726 1468 1745 „

139 1772 377 1873 prohiberent,
392 1773 603 1872 sibimetipsi
616 1783 809 1848 attestatur
825 1773 956 1849 dicens
971 1777 1049 1869 Ego
1059 1772 1154 1848 enim
1169 1795 1239 1846 non
1251 1772 1365 1846 solum

141 1884 297 1982 alligari,
315 1886 375 1961 sed
392 1897 429 1962 et
446 1887 534 1960 mori
553 1887 590 1959 in
618 1886 843 1962 Hierusalem
863 1899 1011 1984 paratus
1036 1912 1117 1960 sum
1134 1909 1197 1986 pro
1221 1885 1365 1960 nomine

139 1999 282 2074 Domini
299 1999 415 2074 Ihosu.
432 2003 555 2098 Neque
575 1999 667 2075 facio
683 2000 841 2074 animam
861 2025 976 2075 meam
995 1999 1235 2099 pretiosiorem
1255 2022 1364 2096 quam

141 2136 206 2187 111.
231 2113 330 2200 Quod
346 2112 461 2209 igitur
485 2112 544 2189 hic
570 2112 718 2188 hostiles
738 2137 871 2188 cuneos
892 2113 1001 2189 etiam
1018 2112 1183 2213 praescita
1201 2111 1362 2211 passione

139 2251 205 2300 sua
223 2226 488 2324 imperterritus
505 2227 620 2325 petiit,
635 2227 711 2303 illic
737 2226 779 2302 de
805 2226 1066 2326 dispensatione
1092 2225 1202 2301 fuisse
1225 2224 1366 2301 edocuit

139 2362 209 2413 non
227 2339 269 2415 de
286 2339 411 2415 timore
429 2339 523 2438 quod
538 2340 646 2435 fugit.
664 2343 742 2428 Qua
760 2339 798 2413 in
817 2364 856 2415 11
873 2340 1095 2436 pensandum
1113 2341 1277 2437 estquod
1301 2338 1364 2414 1111

138 2449 275 2526 labores
293 2452 461 2549 quosdam
481 2476 542 2549 per
559 2452 833 2551 dispensationis
858 2453 1030 2529 iudicium
1056 2453 1284 2530 laudabiliter
1308 2453 1366 2529 de·

140 2563 263 2654 olinat,
285 2566 347 2664 qui
364 2589 426 2662 pro
451 2568 523 2642 Deo
548 2567 698 2642 maiores
721 2566 810 2642 alios
831 2567 969 2643 fortiter
990 2567 1142 2642 tollerat.
1164 2571 1257 2642 Nam
1280 2591 1363 2665 sepe

139 2677 184 2751 ab
202 2678 367 2753 omnibus
384 2681 490 2755 timor
507 2680 634 2754 debilis
650 2691 757 2757 cauta
774 2680 991 2779 dispensatio
1015 2691 1176 2771 vocatur,
1200 2692 1237 2756 ct
1261 2680 1364 2780 quasi

139 2791 333 2889 prudenter
350 2793 485 2892 impetu
503 2794 699 2870 declinasse
716 2820 754 2871 11
766 2804 944 2886 asserunt,
956 2819 1039 2870 oum
1054 2794 1237 2890 fugientes
1254 2794 1367 2892 turpi-

139 2913 195 2979 ter
215 2906 254 2979 in
270 2916 374 3002 terga
392 2907 583 2996 feriuntur,
601 2909 694 2984 unde
710 2933 855 2984 1111111
872 2910 1040 2985 11111111
1056 2933 1165 2984 11111
1189 2909 1255 2984 Dei
1280 2934 1365 2984 cum

139 3042 197 3092 res
213 3017 486 3118 dispensationis
503 3021 637 3116 agitur,
654 3031 773 3096 motus
790 3022 905 3097 cordis
922 3022 1158 3097 subtilissima
1176 3022 1365 3099 libratione

141 3143 320 3229 pensetur,
337 3159 383 3209 ne
400 3158 462 3232 per
479 3134 725 3209 infirmitatem
742 3135 849 3209 timor
874 3146 1049 3234 surrepat,
1065 3146 1102 3213 et
1125 3160 1203 3212 sese
1228 3160 1291 3233 per
1314 3136 1367 3210 di·

142 3245 377 3341 sponsationis
406 3245 602 3342 imaginem
630 3245 804 3323 rationem
830 3250 957 3346 fingat,
981 3272 1027 3325 ne
1051 3249 1157 3350 culpa
1180 3274 1257 3326 sese
1282 3274 1365 3348 pru-

139 3355 296 3431 dentiam
313 3357 472 3433 nominet
486 3358 629 3455 iamque
645 3383 710 3434 nes
726 3359 803 3459 (sio)
820 3360 865 3436 ad
883 3361 1116 3460 penitentiam
1141 3363 1286 3437 animus
1308 3387 1364 3438 re·

140 3470 239 3557 deat,
268 3471 408 3567 quando
436 3471 502 3546 hoc
530 3471 622 3568 quod
651 3471 774 3570 inique
799 3476 1017 3573 perpetravit
1041 3477 1215 3552 virtutem
1246 3487 1362 3553 vocat.

140 3585 265 3658 Restat
285 3584 400 3679 igitur
423 3595 465 3659 ut
490 3584 526 3657 in
553 3584 671 3660 dubiis
697 3587 846 3685 quisque
871 3587 1114 3685 deprehensus
1130 3613 1214 3664 cum
1240 3589 1362 3688 quaeli-

140 3695 200 3772 bot
224 3697 292 3771 sihi
317 3698 518 3774 adversitas
541 3698 707 3775 imminet
731 3699 831 3797 prius
855 3699 950 3775 intra
975 3701 1206 3799 semetipsum
1237 3711 1362 3777 contra

141 3810 366 3885 formidinem
383 3821 419 3887 11
437 3811 752 3911 precipitationem
770 3823 921 3910 pugnet,
937 3813 1108 3911 quatinus
1129 3839 1174 3888 nc
1199 3814 1364 3890 formido·

140 3923 212 4000 lose
229 3950 266 4000 se
284 3924 483 4013 subtrahat,
500 3950 567 4000 neo
584 3926 848 4024 praecipitanter
864 3937 1024 4026 opponat.
1038 3926 1153 4002 Valde
1166 3927 1262 4002 11111
1277 3952 1364 4025 prae·

140 4063 224 4136 ceps
239 4049 305 4126 est,
322 4037 383 4136 qui
401 4062 541 4136 semper
557 4063 595 4115 se
611 4039 771 4116 adversis
787 4041 906 4130 obicit,
930 4051 966 4117 et
990 4041 1094 4117 valde
1120 4042 1272 4139 pavidus
1296 4041 1360 4139 qui

140 4176 279 4249 semper
295 4150 488 4225 abscondit.
505 4151 574 4227 Sed
590 4151 657 4228 hoc
676 4153 805 4228 molius
822 4155 861 4227 in
876 4154 980 4230 hellis
993 4153 1240 4254 spiritualibus
1257 4154 1363 4229 disci·

142 4289 233 4352 mus,
245 4265 276 4337 si
290 4264 439 4338 formam
452 4265 902 4362 exercitiiacorporalibus
916 4266 1019 4343 bellis
1031 4267 1228 4343 trahamus.
1237 4271 1362 4365 Neque
1451 4278 1455 4283 '

141 4379 237 4450 enim
267 4377 329 4453 ille
354 4379 428 4453 dux
453 4378 594 4476 sapiens
609 4389 664 4454 est
680 4378 743 4477 qui
760 4390 884 4455 contra
908 4379 1055 4455 hostiles
1076 4405 1208 4456 cuneos
1233 4381 1365 4456 exerci-

141 4497 219 4562 tum
239 4514 393 4589 preceps
409 4491 585 4578 admovet,
602 4515 718 4590 neque
736 4491 798 4567 1111
814 4491 887 4566 dux
907 4491 1021 4580 fortis,
1044 4492 1108 4591 qui
1131 4516 1271 4590 semper
1295 4491 1362 4567 hoc
