3608 5498
681 418 878 484 -283-

172 538 252 615 vieo
271 538 356 616 huic
370 539 540 617 ecclesia
557 545 724 616 &manre
749 539 989 640 praesidemus,
1006 550 1047 616 ut
1071 539 1194 615 nullus
1214 539 1389 639 episcopo

172 680 253 728 rum
278 665 342 729 aut
366 653 582 730 secularium
603 655 700 731 ultra
717 665 911 754 praesumat
930 655 973 732 de
992 654 1187 730 redditibus
1202 653 1262 730 vel
1278 654 1388 731 cartis

171 767 480 858 monasteriorum,
496 768 553 844 vel
579 770 621 844 de
647 769 761 858 cellis,
778 768 837 844 vel
862 768 904 844 de
933 767 1033 843 villis
1059 793 1138 868 quae
1162 768 1206 843 ad
1223 793 1264 844 ea
1282 768 1389 866 perti-

169 890 267 972 nent,
284 905 507 982 quocumque
534 883 645 973 modo,
670 908 733 959 seu
751 881 912 982 qualibet
936 882 1120 959 occasione
1138 882 1311 972 minuere,
1327 881 1386 959 vol

171 993 278 1082 dolos,
293 994 352 1071 vel
367 995 606 1072 immissiones
622 997 761 1096 aliquas
777 996 905 1071 lacere.
918 994 956 1069 Si
974 1019 1045 1094 qua
1062 1020 1172 1070 eausa
1189 994 1279 1070 forte
1291 994 1386 1069 iuter

141 1187 142 1190 ,
169 1121 301 1186 terram
322 1109 526 1185 venientem
543 1109 589 1185 ad
612 1120 748 1209 patrem
770 1134 918 1185 suarum
943 1106 1176 1185 ecclesiarum
1206 1116 1243 1183 et
1268 1131 1388 1182 mona·

170 1224 360 1299 steriorum
389 1223 561 1313 evenerit,
585 1235 621 1318 et
645 1223 792 1323 pacifice
822 1246 892 1297 non
918 1223 1072 1321 potuerit
1100 1220 1269 1311 ordinari,
1288 1221 1388 1318 apud<

169 1339 300 1414 electos
312 1336 468 1421 abbates,
481 1347 518 1413 et
529 1337 618 1413 alios
631 1348 750 1436 patres
763 1336 932 1413 timentes
946 1337 1074 1423 Deum,
1086 1333 1165 1409 sine
1181 1333 1386 1408 voluntaria

168 1451 337 1526 dilatione
354 1450 480 1526 mediis
497 1450 737 1527 sacrosanctis
750 1447 952 1546 evangeliis
964 1447 1122 1522 finiatur.
1132 1446 1309 1522 Defuncto
1321 1472 1383 1520 au-

169 1573 242 1640 tem
261 1563 398 1638 Abbate
423 1563 598 1663 cuiusque
613 1563 918 1661 congregationis,
932 1586 1002 1637 non
1019 1571 1210 1638 extraneus
1225 1561 1385 1658 eligatur

170 1678 240 1754 nisi
265 1679 309 1754 de
336 1678 458 1754 eodem
484 1680 776 1777 congregatione.
793 1683 906 1768 Quem
933 1677 999 1752 sibi
1030 1675 1170 1776 propria
1198 1675 1385 1751 voluntate

171 1815 317 1869 concors
333 1794 486 1869 fratrum
512 1795 663 1871 societas
687 1792 847 1892 elegerit.
864 1795 912 1867 Et
940 1791 1002 1891 qui
1026 1790 1290 1893 electusluerit
1307 1791 1385 1866 sine

170 1907 259 1998 dolo,
275 1907 334 1983 vel
351 1908 545 1984 venalitate
570 1907 691 2008 aliqua
709 1908 902 1984 ordinetur.
920 1907 1020 1995 Quod
1049 1906 1078 1980 si
1096 1917 1214 2005 aptam
1233 1906 1328 1982 intor
1345 1931 1384 1981 se
1481 1915 1486 1923 '

168 2044 353 2119 personam
373 2021 535 2097 invenire
552 2030 745 2121 nequeunt,
754 2021 915 2097 sollerter
928 2020 996 2095 sibi
1009 2020 1052 2095 de
1064 2020 1145 2095 aliis
1158 2019 1384 2095 monasteriis

169 2133 334 2208 similiter
351 2133 492 2230 eligant
507 2135 755 2209 ordinandum.
772 2139 899 2233 Neque
924 2134 1118 2211 constituto
1136 2133 1266 2209 Abbati
1291 2158 1386 2232 quae·

168 2270 321 2345 cumque
339 2271 487 2345 persona
505 2247 663 2346 qualibet
679 2249 863 2324 occasione
877 2257 1116 2346 praeponatur,
1129 2247 1199 2321 nisi
1216 2247 1305 2323 sorte
1323 2273 1383 2322 cx·

167 2360 328 2437 tantibus
360 2362 452 2459 quod
484 2361 578 2436 absit
610 2362 823 2438 criminibus
848 2388 927 2461 quae
956 2362 1049 2438 sacri
1079 2386 1232 2438 canones
1260 2361 1382 2460 puniri

168 2485 376 2574 monstrant
394 2475 533 2551 Pariter
556 2486 678 2552 autem
691 2476 962 2553 custodiendum
984 2486 1050 2568 est,
1066 2487 1108 2553 ut
1125 2476 1239 2551 invito
1255 2476 1382 2551 abbate

167 2589 212 2663 ad
228 2589 421 2664 ordinanda
440 2589 652 2665 monasteria
669 2589 752 2680 alia,
768 2601 832 2666 aut
848 2592 893 2665 ad
910 2590 1051 2666 ordines
1063 2614 1194 2680 sacros,
1206 2588 1265 2665 vel
1278 2588 1381 2664 cleri-

172 2713 276 2779 catus
292 2703 449 2780 officium
466 2704 542 2781 tolli
559 2704 685 2780 exinde
704 2704 894 2779 monachos
910 2728 979 2779 non
999 2704 1159 2779 debeant.
1171 2701 1384 2801 Descriptio-

170 2845 234 2895 nes
250 2844 388 2919 quoque
408 2845 537 2909 rerum,
553 2829 617 2895 aut
641 2830 822 2896 cartarum
849 2816 1054 2892 monasterii
1080 2815 1124 2890 ab
1149 2815 1311 2914 episcopo
1328 2839 1383 2890 eo·

170 2931 390 3008 olesiastieas
407 2932 483 3008 fieri
500 2934 643 3008 omnino
659 2934 891 3030 denegamus.
906 2932 974 3008 Sed
990 2931 1021 3006 si
1035 2929 1175 3029 quando
1188 2955 1245 3004 res
1258 2928 1382 3025 exigit,

167 3045 277 3121 abbas
293 3046 360 3122 loci
378 3073 461 3122 cum
478 3047 562 3122 aliis
580 3049 751 3124 fratribus
776 3073 904 3125 causas
929 3072 1049 3122 rerum
1074 3047 1306 3121 inventarum
1332 3044 1380 3119 fa-

167 3160 251 3248 ciat,
270 3171 444 3237 eteorum
462 3162 702 3239 consiliosine
721 3163 852 3238 iudicio
878 3164 949 3236 fiat.
967 3161 1128 3237 Obeunte
1153 3184 1293 3259 quoque
1312 3157 1383 3232 Ab·

166 3273 257 3362 bate,
274 3275 470 3376 Episcopus
487 3276 524 3349 in
542 3275 783 3352 describendis
809 3275 1113 3376 providendisque
1139 3273 1245 3349 rebus
1264 3296 1382 3347 mona·

166 3386 265 3462 sterii
283 3389 480 3486 acquisitis,
493 3390 550 3465 vel
567 3390 671 3479 datis,
687 3391 744 3466 vel
761 3390 999 3488 acquirendis,
1025 3389 1233 3464 nullatenus
1250 3412 1289 3463 se
1306 3411 1383 3485 per·

168 3500 322 3575 misceat
337 3503 466 3576 Missos
483 3527 621 3602 quoque
638 3504 799 3603 publicas
816 3505 861 3581 ab
878 3528 918 3581 eo
935 3506 971 3580 iu
986 3503 1133 3580 cenobio
1146 3503 1222 3579 fieri
1236 3500 1381 3577 omnino

167 3613 405 3712 prohibemus,
422 3640 467 3690 ne
481 3616 517 3690 in
537 3642 719 3692 servorum
735 3619 800 3695 Dei
814 3618 1024 3709 recessibus,
1036 3628 1072 3696 et
1085 3641 1206 3694 eorum
1226 3624 1384 3713 recepta·

165 3727 258 3801 culis
274 3729 349 3803 nlla
365 3729 545 3828 popularis
562 3730 761 3828 praebeatur
782 3733 920 3809 occasio
944 3742 1154 3819 convontus,
1170 3730 1230 3807 vel
1256 3727 1382 3804 mulie·

167 3867 246 3914 rum
268 3843 330 3917 fiat
355 3866 470 3919 novus
487 3844 656 3920 introitus
677 3847 769 3944 quod
786 3846 930 3921 omnino
946 3870 1017 3920 nou
1034 3845 1176 3944 expedit
1191 3842 1382 3918 animabus

166 3979 299 4030 eorum.
311 3961 387 4032 Neo
404 3957 532 4033 audeat
549 3959 597 4033 ibi
615 3960 822 4036 cathedram
840 3959 1024 4049 collocare,
1036 3959 1095 4035 vel
1111 3957 1309 4058 quamlibet
1326 3980 1384 4055 po-

165 4080 332 4146 testatem
350 4071 546 4169 imperandi
564 4073 703 4163 habere,
720 4100 787 4150 nec
808 4074 965 4172 aliquam
983 4073 1242 4148 ordinationem
1259 4095 1384 4169 quam·

167 4184 224 4256 vis
240 4184 461 4259 levissimam
487 4187 653 4273 faciendi,
670 4187 739 4261 nisi
765 4188 811 4263 ab
834 4186 959 4263 abbate
985 4187 1052 4263 loci
1083 4187 1193 4262 luerit
1222 4194 1382 4282 rogatus,

168 4307 344 4394 qnatenus
361 4298 538 4387 monachi,
556 4325 695 4399 semper
711 4300 747 4374 in
763 4301 927 4376 abbatum
947 4325 1091 4375 suorum
1110 4299 1182 4374 sint
1199 4309 1384 4398 potestate,

168 4407 361 4507 nullusque
378 4412 593 4486 monachum
611 4414 687 4489 sine
706 4415 917 4506 testimonio,
933 4416 991 4491 vol
1004 4415 1228 4491 concessione
1244 4413 1383 4488 abbatis

168 4521 204 4595 iu
224 4522 375 4600 ecclesia
390 4523 512 4627 aliqua
529 4535 660 4620 teneat,
673 4529 733 4609 vel
749 4528 793 4606 ad
809 4528 966 4633 aliquem
985 4539 1189 4629 promoveat
1204 4529 1383 4606 honorem.
