3608 5498
690 400 888 462 -313-

179 516 299 614 pserit,
316 526 352 591 et
368 516 430 616 qui
447 518 508 592 dat
524 527 560 592 et
577 517 638 616 qui
656 516 783 616 recipit
799 517 933 594 eisdem
952 519 1158 595 constitutis
1171 519 1398 618 percellatur.

178 630 277 718 Quod
296 629 326 703 si
345 655 459 728 neque
475 630 528 705 sio
545 631 747 721 correxerit,
764 633 970 708 auctoritati
994 644 1029 709 et
1046 634 1178 711 iudicio
1194 644 1328 710 sanotae
1346 661 1398 711 se·

178 743 233 818 dis
249 743 450 842 apostolicae
468 745 579 821 modis
596 744 761 821 omnibus
777 744 969 831 subiaceat.

684 947 886 1032 Ollbllllll.

588 1155 638 1206 Ex
650 1164 782 1205 romano
796 1152 982 1218 pontificali.

276 1314 458 1390 Adrianus
475 1319 571 1414 Papa
587 1315 744 1415 optinuit
764 1339 785 1386 a
803 1315 929 1390 Carolo
947 1339 1031 1412 rege
1045 1317 1276 1408 Francorum,
1288 1327 1325 1394 et
1338 1343 1397 1417 pa-

183 1427 285 1503 tricio
303 1431 553 1519 Romanorum,
571 1438 611 1503 ut
632 1430 898 1527 promissionem
916 1431 1014 1505 illam
1033 1455 1140 1528 quam
1158 1432 1237 1507 eius
1254 1433 1396 1529 genitor

177 1543 328 1641 Pipinus
346 1544 523 1641 quondam
541 1546 626 1633 Rex,
639 1553 675 1619 et
687 1545 762 1642 ipse
776 1545 1127 1645 praecellentissimus
1144 1546 1294 1623 Carolus
1311 1572 1395 1622 curn

175 1681 240 1731 suo
268 1681 439 1753 germano
457 1657 694 1733 carlomanno
718 1673 826 1757 atque
853 1659 1019 1735 omnibus
1048 1660 1228 1736 iudicibus
1244 1663 1392 1736 Franco

177 1798 270 1861 rum,
287 1771 446 1846 fecerant
469 1772 570 1848 beate
587 1775 692 1848 Petro
718 1783 754 1848 et
783 1774 861 1849 eius
878 1775 1024 1849 Vicario
1052 1785 1186 1851 sanctae
1216 1776 1395 1850 memoriae

175 1886 303 1960 domno
315 1885 503 1985 vStephano
519 1886 651 1960 iuniori
669 1889 785 1985 Papae,
798 1888 938 1987 quando
952 1889 1142 1964 Franciam
1157 1891 1316 1986 perrexit
1333 1913 1396 1988 pro

179 1999 416 2075 concedendis
439 1999 592 2074 dirersis
620 1999 829 2077 civitatibus
858 2027 901 2078 ac
930 2003 1119 2077 territoriis
1152 2003 1257 2078 istius
1282 2003 1396 2078 ltaliae

179 2112 382 2212 provinciae,
403 2123 439 2188 et
455 2112 704 2188 contradendis
728 2114 828 2189 beato
854 2117 958 2189 Petro
982 2115 1130 2213 eiusque
1154 2114 1319 2190 omnibus
1344 2115 1396 2190 vi·

176 2226 286 2303 cariis
299 2226 560 2326 imperpetuum
579 2226 807 2324 possidendis,
819 2227 1029 2329 adimpleret
1045 2228 1082 2302 iu
1100 2229 1275 2304 omnibus.
1288 2229 1396 2304 Cum·

177 2366 246 2439 que
277 2340 390 2439 ipsam
418 2339 685 2439 promissionem
712 2365 792 2440 qum
808 2342 970 2418 Franciae
995 2342 1032 2416 iu
1058 2343 1133 2419 loco
1157 2343 1220 2442 qui
1246 2352 1396 2419 vocatur

178 2453 385 2530 carisiacus
402 2454 497 2530 sacta
515 2463 569 2529 est
586 2453 651 2529 sibi
671 2452 783 2549 relegi
806 2453 960 2544 lecisset,
977 2455 1271 2553 complacuerunt
1288 2455 1342 2529 illi
1359 2466 1396 2532 et

174 2568 355 2644 iudicibus
375 2568 454 2645 eius
478 2569 598 2643 omnia
623 2593 703 2667 quaa
732 2568 862 2644 ibidem
893 2579 997 2646 eraut
1024 2595 1178 2661 annexa,
1193 2582 1230 2647 et
1253 2571 1395 2671 propria

176 2683 373 2774 voluntate,
389 2684 479 2760 bono
502 2710 546 2760 ac
570 2683 696 2759 libenti
714 2684 833 2759 anime
850 2683 959 2758 aliam
978 2685 1178 2761 donationis
1195 2686 1395 2784 promissio

177 2823 259 2873 nem
272 2799 316 2873 ad
330 2798 444 2873 instar
456 2798 656 2888 anterioris,
669 2798 744 2897 ipse
761 2797 966 2873 antedictus
983 2799 1346 2897 praecellentissimus,
1359 2810 1395 2875 ot

174 2937 299 2989 revera
317 2912 641 2988 christianissimus
654 2911 803 2988 Carolus
818 2914 1037 2988 Francorum
1057 2939 1119 2989 rex
1133 2908 1263 2988 ascribi
1278 2914 1394 3004 iussit,

173 3037 209 3103 et
226 3051 288 3125 per
305 3025 494 3101 Etherium
518 3025 727 3122 religiosum
745 3049 788 3100 ac
805 3026 1124 3122 prudentissimum
1142 3028 1392 3126 cappellauum

175 3152 211 3216 et
228 3139 406 3216 notarium
421 3166 539 3230 suum,
551 3139 612 3214 ubi
628 3138 804 3214 concessit
821 3142 962 3216 easdem
981 3142 1148 3217 civitates
1165 3151 1201 3216 et
1214 3142 1394 3216 territoria

173 3255 275 3330 beate
302 3258 417 3345 Petro,
442 3278 572 3353 easque
602 3253 783 3353 praephato
814 3253 979 3330 Pontifici
1010 3254 1170 3330 contradi
1196 3254 1392 3352 spopondit,

172 3393 234 3466 per
249 3367 478 3464 designatum
496 3367 684 3442 confinirit
700 3369 796 3446 sicut
809 3365 846 3440 in
865 3369 987 3444 eadem
1005 3367 1191 3443 donatione
1209 3367 1392 3443 continere

174 3491 406 3568 monstratur,
421 3481 505 3557 inde
518 3481 642 3555 Alunii
661 3507 743 3557 oum
763 3483 883 3558 insula
901 3481 1057 3567 Corsica,
1073 3481 1201 3558 deinde
1218 3481 1256 3554 in
1271 3480 1393 3555 Suria·

171 3618 228 3685 no,
245 3594 371 3670 deinde
401 3594 438 3668 in
469 3605 588 3670 moute
614 3597 789 3687 Bardone,
806 3596 933 3671 deinde
961 3596 1000 3669 in
1018 3598 1182 3685 Verceto,
1198 3594 1325 3670 deindo
1352 3595 1392 3669 in

171 3711 313 3795 Parma,
331 3708 456 3783 deinde
481 3709 518 3782 in
536 3709 650 3805 Regio
675 3721 712 3785 et
740 3710 867 3787 exinde
898 3709 935 3783 in
957 3713 1119 3800 Mantua,
1136 3719 1244 3808 atque
1273 3718 1393 3786 monte

171 3823 301 3898 Silicis.
319 3822 505 3920 Simulque
523 3834 559 3899 et
576 3824 787 3899 uuiversum
805 3824 1039 3900 exarchatum
1053 3823 1331 3911 Rauennatium,
1347 3825 1394 3899 si·

171 3947 233 4012 ont
249 3936 451 4034 antiquitus
468 3946 557 4026 erat,
574 3948 682 4036 atque
702 3939 906 4036 provincias
931 3937 1124 4014 Venatium
1151 3946 1187 4012 et
1208 3935 1394 4028 Histriam,

172 4077 239 4126 nec
253 4074 321 4126 non
336 4061 372 4126 et
385 4060 558 4126 cunctum
573 4053 754 4128 Ducatum
769 4051 991 4149 Spoletinum
1006 4077 1070 4128 seu
1087 4054 1394 4126 Beneventanum.
1463 4153 1465 4156 p

171 4165 352 4261 Factaque
374 4165 493 4240 eadem
520 4165 719 4255 donatione,
743 4176 779 4241 et
804 4167 944 4264 propria
960 4192 1025 4240 sua
1054 4190 1164 4241 manu
1189 4164 1264 4264 ipse
1289 4164 1394 4240 Chri·

171 4277 415 4351 stianissimus
432 4281 650 4353 Francorum
672 4282 747 4352 Rex
763 4303 840 4352 eam
859 4280 1100 4371 corroborans,
1117 4281 1304 4354 universos
1321 4282 1393 4378 epi·

172 4413 304 4487 scopos,
320 4390 475 4483 abbatos,
492 4392 611 4482 duces,
629 4393 736 4468 etiam
755 4403 790 4468 et
807 4394 1024 4494 graphiones
1040 4395 1078 4468 in
1096 4421 1137 4471 ea
1150 4394 1282 4470 ascribi
1296 4395 1392 4471 fecit.

171 4507 287 4594 Quam
304 4505 403 4607 prius
419 4530 527 4614 super
543 4506 667 4588 Altero
684 4506 779 4588 beari
797 4509 894 4590 Petri
922 4521 959 4584 et
983 4509 1204 4620 postmodum
1232 4510 1333 4592 intus
1354 4508 1392 4590 iu
