3608 5498
794 433 838 449 -
863 401 927 462 arr
955 438 990 448 -

858 553 931 637 LII.

366 732 517 784 Iohannis
536 732 612 783 v111
631 732 733 796 Papae
751 730 835 784 inter
854 731 966 783 cetera
982 729 1098 784 habita
1115 731 1149 782 tn
1166 729 1283 785 eadem
1302 731 1436 797 synodo.

383 869 430 940 Et
446 866 531 963 quia
546 866 682 964 pridem
700 865 900 964 apostolicae
918 864 1100 939 memorius
1115 866 1381 964 praedecessoris
1398 864 1509 940 nostri

189 985 191 990 ’
289 979 441 1077 Nycolai
459 978 503 1052 ad
521 979 638 1078 ipsum
665 979 736 1053 iam
761 977 993 1077 inspiratione
1018 977 1142 1052 celesti
1174 979 1373 1054 revelatum
1398 978 1510 1052 fuisse

290 1091 536 1188 comperimus,
553 1090 725 1185 eligimus
742 1091 909 1167 Carolum
926 1090 1025 1165 hunc
1046 1092 1173 1187 Magni
1195 1091 1314 1168 Caroli
1335 1102 1510 1188 nepotem,

290 1216 326 1279 et
341 1203 624 1303 approbavimus,
641 1229 809 1279 unacum
823 1204 953 1278 annisu
971 1213 1007 1278 et
1024 1213 1105 1277 voto
1123 1203 1281 1277 omnium
1296 1203 1461 1292 fratrum,
1473 1213 1510 1277 et

288 1319 582 1415 Coepiscoporum
593 1325 1063 1415 nostrornm,atquesanctae
1078 1320 1246 1392 Romana
1263 1317 1435 1393 Ecclesia
1448 1317 1512 1389 mi-

292 1431 499 1520 nistrorum,
522 1429 774 1529 apostolicique
804 1434 968 1518 Senatus,
996 1431 1175 1530 totiusque
1210 1432 1361 1507 Romani
1390 1429 1511 1529 populi

291 1544 482 1641 gentisque
499 1552 640 1638 togata.
657 1547 704 1617 Et
725 1544 921 1618 secundum
946 1544 1100 1641 priscam
1125 1542 1419 1619 consuetudinem
1445 1541 1512 1618 sol-

288 1655 481 1753 lempniter
496 1654 541 1728 ad
558 1655 698 1751 imperii
715 1668 855 1752 sceptra
878 1658 1117 1755 proveximus,
1133 1666 1170 1732 et
1193 1657 1378 1753 augustali
1401 1656 1512 1730 nomi·

290 1794 335 1843 ne
352 1768 611 1857 decoravimus,
627 1779 808 1864 ungentes
825 1794 907 1845 eum
924 1770 999 1845 oleo
1016 1771 1250 1854 extrinsecus,
1271 1779 1313 1843 ut
1330 1768 1512 1844 interioris

293 1906 430 1980 quoque
448 1881 605 1978 Spiritus
622 1883 746 1958 Sancti
760 1883 965 1958 unctionem
980 1893 1273 1958 monstraremus.
1287 1882 1513 1964 Constituen-

291 2005 345 2070 tes
361 1994 405 2068 ad
421 1994 656 2070 imitationem
674 1994 812 2070 scilicet
829 1996 905 2071 veri
924 1996 1022 2092 regis
1039 1996 1175 2072 Christi
1193 1994 1335 2069 Domini
1361 1994 1426 2070 Dei
1452 2016 1511 2067 no-

293 2110 370 2199 stri,
382 2110 433 2184 ita
450 2119 492 2183 ut
504 2109 596 2207 qnod
609 2109 685 2206 ipse
702 2109 854 2206 possidet
870 2134 932 2207 per
945 2120 1123 2196 naturam,
1136 2109 1204 2184 iste
1217 2117 1456 2205 consequatur
1474 2114 1511 2181 et

293 2222 462 2318 gratiam.
479 2222 640 2319 Denique
656 2245 726 2295 non
743 2221 802 2297 hic
819 2233 1012 2320 perpetuus
1030 2227 1222 2317 Augustus
1237 2219 1281 2293 ad
1299 2228 1399 2293 tanta
1412 2216 1513 2291 fasti-

294 2335 357 2430 gia
374 2359 411 2409 so
429 2333 537 2409 velud
554 2334 735 2433 improbus
749 2333 885 2422 intulit,
898 2358 968 2409 non
980 2344 1163 2434 tamqnam
1176 2333 1402 2429 importunus
1415 2331 1511 2405 frau-

291 2449 333 2523 de
345 2448 476 2545 aliqua,
484 2446 544 2522 vol
553 2447 817 2523 machinatione
830 2472 951 2544 prava,
959 2447 1049 2521 haut
1060 2446 1174 2521 hianti
1188 2445 1379 2521 ambitione
1391 2444 1436 2519 ad
1449 2445 1513 2516 im·

292 2561 462 2659 perialem
479 2561 614 2658 apicem
630 2562 814 2658 aspiravit.
829 2561 941 2636 Absit.
953 2563 1078 2656 Neque
1092 2559 1187 2634 enim
1200 2558 1269 2632 sibi
1282 2558 1412 2632 honore
1426 2581 1512 2654 prra-

293 2675 487 2771 sumptiose
503 2675 707 2772 assumpsit,
725 2685 766 2748 ut
783 2675 974 2775 imperator
994 2673 1105 2761 fieret,
1130 2672 1191 2748 sed
1215 2682 1399 2769 tamquam
1422 2669 1513 2745 desi·

292 2787 447 2875 deratus,
458 2798 610 2884 optatus,
623 2788 822 2885 postulatus
833 2814 855 2862 a
868 2789 979 2877 nobis,
996 2797 1032 2863 et
1047 2787 1243 2863 advocatus
1259 2797 1295 2861 et
1307 2784 1514 2860 honorifica·

292 2901 404 2975 tusad
414 2900 667 2976 defendendam
680 2901 873 2996 regionem,
886 2912 922 2978 et
931 2902 1067 2979 Christi
1078 2901 1213 2999 ubique
1226 2922 1348 2976 servos
1354 2897 1514 2988 tuendos,

292 3013 477 3088 humiliter
492 3039 536 3090 ac
552 3013 746 3090 obidienter
762 3015 924 3091 accessit.
942 3018 1162 3113 Operaturus
1183 3023 1219 3088 et
1234 3012 1463 3088 roboraturus
1476 3010 1514 3083 in

292 3126 438 3223 imperio
455 3152 630 3200 summam
649 3152 773 3225 pacem
792 3137 827 3203 et
843 3127 1142 3226 tranquillitatem
1159 3134 1196 3201 et
1214 3126 1251 3199 in
1274 3123 1435 3199 aeclesia
1448 3122 1513 3197 Dei

293 3241 468 3315 iustitiam
486 3251 522 3316 et
539 3241 800 3316 exaltationem.
817 3242 897 3315 Nisi
915 3242 1012 3315 enirn
1030 3263 1094 3314 nos
1114 3239 1224 3314 talem
1237 3237 1316 3313 eius
1329 3235 1516 3333 cognovis-

295 3379 414 3431 semus
431 3355 676 3444 intentionem,
692 3380 878 3454 nunquam
896 3356 1040 3429 animus
1056 3364 1177 3428 noster
1198 3353 1300 3428 fieret
1311 3361 1385 3426 tam
1403 3373 1516 3450 prorn-

294 3479 378 3567 ptus
393 3469 438 3542 ad
453 3467 567 3566 ipsius
584 3469 854 3565 provectionem.
872 3472 918 3544 Et
935 3478 1064 3545 cetera.
1090 3468 1197 3544 Circa
1223 3467 1344 3541 finem.
1365 3469 1412 3539 Et
1436 3487 1517 3538 con·

293 3605 420 3654 versus
436 3579 481 3653 ad
498 3591 659 3654 sanctam
678 3582 854 3679 synodum
873 3582 972 3656 dixit.
986 3580 1110 3656 Placet
1123 3579 1233 3681 vobis.
1246 3578 1517 3676 Responderunt

294 3717 425 3768 omnes.
442 3693 573 3770 Placet
592 3698 639 3768 Et
655 3694 787 3770 iterum
806 3695 905 3770 dixit.
923 3693 1142 3771 Consentitis
1159 3691 1219 3768 ita.
1243 3690 1513 3789 Responderunt

294 3831 425 3882 omnes.
443 3807 707 3883 Consentimus.

860 3905 951 3989 LIII.

467 4101 516 4152 Ex
534 4099 673 4163 epistola
690 4101 792 4166 Papae
810 4101 979 4153 Paschalts
998 4101 1028 4151 11
1048 4101 1150 4152 missa
1166 4096 1353 4151 Mediolani.

390 4256 571 4328 Fraternae
584 4254 708 4328 mortis
720 4254 858 4328 crimen
871 4255 1044 4343 incurrat,
1052 4253 1215 4351 quisquis
1224 4277 1307 4327 curn
1321 4261 1436 4350 potest
1447 4253 1517 4326 fra-

295 4375 385 4440 trom
403 4391 425 4438 a
444 4378 554 4442 morte
572 4366 720 4442 minime
736 4367 902 4443 defendit.
919 4367 1069 4440 Domino
1086 4390 1161 4467 per·
1171 4365 1377 4464 prophetam
1403 4365 1519 4440 inten-

296 4487 405 4567 tante,
422 4477 513 4575 quod
531 4501 593 4576 pro
608 4478 745 4555 deiecto
757 4478 972 4578 sanguinem
990 4478 1128 4567 fundat,
1147 4479 1209 4580 qni
1234 4478 1425 4577 impiorum
1451 4477 1518 4553 ini·
