3608 5498
811 394 1006 457 -153-

296 536 363 588 nec
382 512 499 589 teneri
516 523 630 611 potest
647 513 710 587 illa
735 539 815 612 quae
839 516 877 588 in
903 515 1009 590 rebus
1032 517 1202 612 gerendis
1226 528 1333 615 atque
1357 516 1518 594 consiliis

296 625 369 700 sola
385 637 500 724 potest
516 629 765 705 auctoritatem
784 655 898 719 suam,
915 639 1024 727 atque
1041 629 1133 705 illud
1150 631 1242 729 quod
1260 631 1383 707 deceat
1396 641 1518 708 tenere

293 742 541 817 constantiam.
555 744 708 819 Gravior
721 767 805 819 vero
817 743 999 843 appetitus
1011 768 1056 820 ex
1069 744 1182 817 nimia
1195 744 1443 841 indignatione
1456 771 1517 820 na-

295 853 420 945 scitur,
437 878 545 954 quam
562 867 719 955 acceptae
735 855 947 955 plerumque
963 859 1127 934 accendit
1145 858 1287 934 iniuriae
1305 859 1413 936 dolor.

797 1052 999 1137 noxvlffl.

659 1258 707 1309 Ex
726 1257 810 1311 libro
829 1258 906 1310 vitae
925 1259 956 1312 Β.
976 1257 1148 1311 Ambrosii.

390 1427 483 1502 Cum
509 1429 662 1526 populus
686 1428 805 1526 magis
830 1429 1017 1527 magisque
1042 1428 1258 1505 acclamaret
1284 1429 1514 1506 Ambrosium

198 1536 202 1544 ⁵
294 1543 521 1641 Episcopum,
539 1569 693 1643 cumque
711 1545 772 1620 illc
797 1545 936 1620 videret
950 1543 1039 1616 nihil
1059 1569 1161 1617 suam
1183 1543 1418 1619 intentionem
1440 1569 1515 1642 pos·

295 1681 333 1732 se
350 1659 531 1756 proficere,
543 1659 669 1755 fugam
683 1659 834 1758 paravit.
847 1663 1096 1755 Egressusquc
1109 1656 1224 1732 noctis
1238 1657 1353 1734 medio
1366 1657 1514 1733 civitate

293 1795 377 1847 cum
396 1771 562 1847 Ticinum
588 1797 625 1847 se
644 1796 793 1870 pergere
818 1782 971 1872 putaret,
996 1796 1100 1846 mane
1123 1772 1167 1845 ad
1192 1782 1328 1869 portam
1354 1771 1515 1847 civitatis

293 1886 568 1962 Mediolanensis
585 1911 665 1985 quae
681 1890 839 1962 Romana
855 1887 989 1962 dicitur
1002 1887 1196 1962 invenitur.
1212 1887 1375 1985 Cumque
1388 1889 1513 1963 inven-

292 2010 355 2075 tus
368 1999 607 2076 custodiretur
620 2025 640 2072 a
655 2000 791 2098 populo,
805 2000 913 2074 missa
928 1999 1097 2079 relatione
1110 1999 1155 2073 ad
1167 1999 1432 2098 pientissimum
1445 2004 1515 2075 Irn-

293 2124 489 2213 peratorem
507 2125 596 2190 tunc
614 2113 922 2188 Valentinianum.
940 2112 1010 2199 Qui
1026 2111 1094 2187 hoc
1112 2135 1251 2187 summo
1268 2112 1400 2208 gaudio
1412 2137 1512 2189 acce·

292 2229 355 2328 pit,
371 2229 464 2326 quod
481 2228 616 2304 iudices
633 2253 654 2302 a
671 2253 708 2303 se
727 2228 855 2305 directi
872 2228 917 2302 ad
934 2226 1172 2302 sacerdotium
1191 2236 1405 2325 peterentur.

838 2429 967 2516 CCXX.

542 2634 731 2689 Ambrosius
749 2637 782 2688 ln
801 2647 950 2689 sermone
970 2633 1013 2688 ad
1030 2634 1189 2701 populum
1207 2636 1262 2688 VI.

387 2805 503 2882 Dicite
521 2807 608 2881 mihi
626 2809 745 2882 sinon
763 2809 951 2884 dolendum
966 2805 1076 2881 fuerit
1092 2806 1158 2882 hoc
1172 2816 1370 2904 peccatum,
1382 2807 1435 2883 sic
1448 2829 1512 2881 vos

293 2917 419 2994 salutis
436 2930 566 2996 vestras
582 2921 808 2997 immemores
824 2933 914 2997 tunc
932 2920 1053 3010 fuisse,
1070 2931 1111 2995 ut
1126 2920 1342 2996 beatissimis
1368 2927 1513 3022 Aposto

293 3031 339 3106 lis
356 3035 461 3109 Petro
477 3044 514 3110 et
536 3036 646 3110 Paulo
669 3034 978 3111 honorificentiam
1004 3033 1153 3109 minime
1177 3034 1410 3123 reddideritis
1427 3059 1510 3109 curn

291 3146 384 3243 ipsos
401 3172 478 3222 esse
495 3149 619 3223 sciatis
641 3147 800 3224 doctores
817 3150 995 3244 gentium,
1011 3158 1174 3224 auctores
1188 3158 1402 3246 martyrum,
1416 3147 1513 3245 prin-

290 3260 389 3359 cipes
410 3262 644 3351 sacerdotum,
661 3287 728 3338 nec
753 3261 940 3337 volueritis
966 3260 1123 3337 natalem
1149 3262 1333 3338 nobiscum
1355 3261 1512 3336 festivis-

290 3375 421 3449 simum
438 3375 645 3451 celebrare?
662 3376 761 3451 Idem
779 3375 817 3448 in
842 3379 905 3451 XI.
933 3380 1036 3452 Hanc
1061 3377 1175 3472 igitur
1201 3376 1310 3451 solam
1338 3375 1510 3452 Ecclesiae

292 3514 421 3565 navem
435 3490 598 3566 ascendit
610 3491 796 3580 Dominus,
810 3490 847 3564 in
861 3515 931 3589 qua
945 3492 1074 3565 Petrus
1088 3489 1260 3586 magister
1273 3499 1328 3564 est
1340 3490 1517 3565 constitu-

289 3613 359 3679 tus.
375 3604 524 3680 Dicente
540 3605 702 3680 Domino.
717 3608 831 3703 Super
847 3604 942 3679 hano
960 3612 1096 3700 petram
1115 3601 1295 3677 aedificabo
1311 3601 1511 3678 Ecclesiam

290 3740 416 3791 meam.
433 3719 522 3804 Quae
539 3717 644 3792 navis
662 3717 700 3789 in
713 3717 828 3791 altum
842 3717 965 3792 saeculi
979 3716 1085 3791 istius
1097 3727 1210 3806 natat,
1223 3717 1273 3792 ita
1287 3727 1328 3792 ut
1340 3725 1512 3815 pereunte

289 3829 421 3904 mundo
437 3853 560 3906 omnes
577 3854 665 3929 quos
681 3831 833 3929 suscipit
850 3841 970 3906 servet
988 3830 1116 3906 illesos.
1134 3830 1237 3907 Siout
1253 3831 1349 3906 enim
1367 3832 1441 3903 Noe
1455 3854 1513 3902 ar·

288 3967 331 4018 ca
347 3943 589 4039 naufragante
607 3945 740 4018 mundo
759 3955 909 4021 cunctos
927 3967 1015 4043 quos
1032 3953 1238 4042 susceperat
1251 3942 1447 4018 incolumes
1460 3966 1513 4016 rc·

288 4055 460 4145 servavit,
475 4056 527 4131 ita
543 4067 579 4133 et
596 4058 693 4133 Petri
711 4058 875 4134 Ecclesia
899 4082 997 4133 nunc
1022 4058 1200 4153 flagrante
1225 4055 1366 4143 soeculo,
1390 4079 1512 4130 omnes

288 4192 376 4267 quos
388 4170 619 4269 amplectitur
633 4171 902 4270 repraesentabit
915 4170 1045 4246 illesos.
1057 4171 1152 4245 Idem
1169 4170 1205 4242 in
1220 4173 1256 4244 L
1270 4168 1403 4244 Fidelis
1415 4168 1511 4244 enim

288 4282 407 4358 factus
424 4293 478 4359 est
499 4295 685 4383 postquam
711 4285 816 4360 fidem
842 4309 880 4359 se
905 4283 1099 4382 perdidisse
1123 4282 1279 4372 deflevit,
1303 4293 1410 4381 atque
1436 4281 1512 4356 ideo

288 4396 456 4473 maiorem
474 4398 630 4494 gratiam
649 4399 819 4497 repperiit
835 4423 943 4497 quam
960 4398 1091 4471 amisit.
1109 4400 1294 4495 Tanquam
1318 4396 1431 4470 bouus
1454 4419 1513 4494 pa·

287 4521 362 4587 stor
377 4510 552 4586 tuendum
570 4535 723 4612 gregem
740 4513 888 4614 accepit,
909 4522 951 4586 ut
968 4511 1031 4614 qui
1048 4511 1115 4586 sibi
1137 4521 1223 4588 aute
1247 4510 1414 4586 infirmus
1438 4509 1512 4586 fue·
