3608 5498
809 373 1005 438 -474-

294 495 381 570 libet
396 495 542 592 gradus,
554 504 618 568 aut
634 495 835 583 monachos,
848 495 905 569 vel
920 494 1071 592 ptochiis
1084 503 1148 570 aut
1161 496 1385 571 xenodochiis
1402 499 1533 572 ortho-

294 608 390 682 doxru
414 608 495 682 fidei
521 608 717 706 deputatos,
742 607 1031 682 extraordinariis
1056 607 1265 682 muneribus
1290 608 1533 709 praeoipimus

294 721 523 816 praegravari.
534 722 710 794 Essenim
720 721 880 794 sarcinas
892 743 1157 817 onerumquam
1168 719 1345 817 plerisque
1356 723 1531 818 personis

293 833 433 907 diversa
448 831 582 906 ratione
598 833 851 930 permittimus,
864 832 983 929 inponi
997 832 1212 906 beatissimis
1225 833 1314 906 viris
1328 843 1448 908 nostro
1459 858 1531 908 sae-

293 945 376 1019 culo
394 945 649 1018 inconveniens
666 970 742 1020 esse
759 946 970 1020 iudicamus.
988 948 1164 1019 Praeterea
1181 969 1226 1019 ne
1252 946 1312 1020 cui
1336 949 1530 1022 temeritas

297 1082 362 1131 sua
376 1056 555 1131 lucrativa
569 1057 784 1132 concedatur
797 1066 832 1132 et
844 1057 1031 1155 impudens
1043 1056 1343 1132 calumniantium
1356 1059 1529 1134 frenetur

293 1169 456 1257 audacia,
472 1169 638 1244 iubemus
656 1172 819 1267 quotiens
835 1170 874 1244 hi
891 1172 951 1267 qui
970 1171 1179 1258 sacerdotes,
1192 1196 1254 1245 seu
1268 1170 1426 1260 elericos,
1439 1174 1527 1249 sive

294 1282 496 1373 monachos,
512 1293 716 1380 ceterosque
734 1285 898 1383 superius
914 1282 1129 1379 designatos
1138 1283 1176 1355 in
1185 1282 1317 1358 iudicio
1329 1285 1526 1383 praeposita

293 1396 433 1470 actione
455 1396 700 1485 convenerint,
717 1398 755 1477 si,
769 1421 878 1472 causa
903 1397 1049 1490 cognite
1074 1395 1256 1470 convincti
1281 1396 1417 1471 fuerint
1440 1397 1527 1473 sine

292 1509 393 1583 iuxta
411 1532 469 1583 eos
487 1518 523 1584 et
546 1509 711 1604 legitima
736 1509 904 1605 petiti0ne
929 1508 1100 1606 pulsasse,
1124 1531 1246 1582 omnes
1262 1508 1315 1582 eis
1334 1533 1525 1607 expensas,

291 1630 527 1718 sumptusque
541 1643 628 1718 quos
641 1620 686 1694 ab
698 1621 837 1695 exordio
854 1632 965 1718 ceptae
982 1621 1231 1696 controversiae
1243 1622 1412 1718 ipsorum,
1428 1623 1526 1699 vitio

287 1732 462 1823 ¹tolerasse
476 1755 535 1807 eos
547 1732 760 1821 constiterit,
769 1732 950 1808 redhibere
963 1742 1150 1828 cogantur,
1163 1742 1204 1806 ut
1217 1731 1283 1807 hac
1296 1732 1422 1807 saltem
1436 1758 1526 1809 cen·

295 1870 379 1921 sure
392 1845 529 1920 iustitie
543 1845 724 1919 formidini
739 1846 906 1926 revocati,
916 1845 1093 1943 improbas
1102 1845 1132 1918 si
1141 1844 1221 1918 duoe
1233 1843 1525 1922 condictionibus

291 1958 455 2055 occupati
484 1957 714 2055 acquiescant
743 1984 764 2031 a
786 1969 861 2032 tam
886 1956 1049 2054 insopitis
1073 1955 1288 2030 clamoribus
1312 1956 1524 2051 iurgiorum

290 2073 466 2174 magistra
483 2072 650 2169 deinceps
667 2074 880 2148 necessitato
898 2072 1061 2147 retinere.
1079 2073 1157 2144 Dat.
1174 2073 1209 2145 ΙΙ
1226 2075 1316 2145 Non.
1333 2071 1484 2169 Aprilis.

386 2190 440 2258 Ex
458 2186 577 2260 eodem
605 2186 754 2261 Constit.
771 2189 815 2260 II.
832 2189 1028 2281 Imperator
1041 2182 1296 2257 Constantinus
1309 2183 1421 2259 Felici
1436 2186 1525 2283 Epi·

290 2321 393 2393 scopo
411 2298 504 2372 inter
518 2307 645 2372 cetera.
663 2299 744 2372 Divi
758 2297 938 2394 Principis
955 2296 1046 2371 idest
1058 2297 1169 2370 nostri
1183 2297 1357 2391 genitoris
1369 2306 1525 2389 statuta,

291 2409 500 2482 multimoda
517 2410 761 2485 observatione
779 2420 966 2498 caverunt,
983 2418 1025 2483 ut
1046 2408 1167 2483 clerici
1187 2407 1389 2504 privilegiis
1406 2408 1526 2506 pluri·

289 2521 356 2595 bus
375 2522 623 2597 redundarent.
641 2526 765 2619 ltaque
781 2521 1143 2597 extraordinariorum
1166 2546 1356 2595 munerum
1382 2547 1403 2594 a
1428 2546 1525 2619 prae·

288 2633 394 2706 dictis
411 2635 606 2708 necessitas
623 2646 729 2730 atque
746 2635 862 2708 omnis
880 2634 1042 2708 molestia
1060 2632 1297 2730 conquiescat.
1315 2634 1372 2707 Ad
1389 2657 1525 2731 paran-

291 2747 429 2842 gariam
441 2770 579 2844 quoque
588 2748 849 2846 praestationem
864 2770 934 2821 non
947 2757 1133 2834 vocentur,
1146 2770 1212 2821 neo
1225 2748 1429 2821 eorumdem
1445 2747 1524 2824 fao·

289 2859 444 2934 cultates
464 2870 570 2957 atque
592 2860 802 2948 substantie,
823 2860 986 2933 omnibus
1005 2858 1147 2933 clericis
1169 2857 1369 2932 huiusmodi
1387 2882 1525 2956 praero·

290 2974 415 3067 gativa
435 2982 632 3047 succurrat.
650 2976 728 3047 Dat.
747 2977 834 3048 VIII
852 2974 901 3047 Id.
918 2973 1132 3048 Decembris.

383 3088 438 3158 Ex
454 3085 584 3159 eodem.
603 3078 866 3161 Constitutione
880 3086 1012 3160 eadem.
1025 3089 1259 3183 Imperatores
1273 3084 1408 3158 valens
1426 3087 1526 3161 Gra-

289 3196 411 3270 tianus
432 3199 588 3292 Augusti
611 3199 655 3272 ad
681 3198 967 3297 Catnphroniam.
986 3198 1230 3296 Presbyteros,
1247 3196 1407 3287 Diaconi,
1426 3199 1525 3274 Sub

290 3309 440 3400 diaconi,
458 3312 651 3400 Exercisto,
670 3315 843 3398 Lectores,
861 3312 1033 3385 Ostiarios
1051 3311 1158 3386 etiam
1184 3331 1415 3408 personarum
1440 3338 1526 3388 mu·

200 3504 203 3508 ,
290 3448 417 3498 nerum
436 3436 578 3523 experte
595 3450 672 3500 csse
690 3426 926 3526 praecipimus.
940 3427 1019 3498 Dat.
1032 3427 1084 3498 ΙΙΙ
1101 3427 1191 3498 Non.
1208 3422 1341 3497 Martii.

888 3624 971 3708 ont.

457 3828 507 3878 Ex
524 3826 607 3880 libro
626 3827 826 3881 novellarum
844 3827 948 3892 primo
968 3828 1070 3879 const.
1091 3826 1151 3878 vn
1170 3826 1221 3878 tit.
1240 3822 1340 3876 xxv.

381 3990 460 4061 Non
479 3987 585 4063 liceat
602 3987 762 4088 pecunia
779 3987 918 4061 datione
936 3986 1150 4085 Episcopum
1166 3986 1252 4062 fieri.
1265 3989 1300 4061 Is
1312 3995 1438 4061 autern
1453 3990 1525 4087 qui

287 4108 471 4174 consecrat
487 4123 581 4186 eum,
597 4098 785 4174 admonere
801 4109 865 4173 aut
893 4099 1084 4197 praedicare
1102 4099 1134 4174 ei
1151 4099 1255 4174 debet
1271 4098 1362 4196 quod
1383 4097 1416 4171 si
1443 4124 1525 4178 non

287 4209 530 4286 observaverit
546 4233 698 4285 canones
715 4221 867 4299 sanctos,
883 4222 919 4286 et
937 4214 1009 4285 Deo
1025 4211 1165 4286 alienus
1188 4213 1257 4286 erit
1273 4221 1309 4286 et
1334 4210 1526 4306 religiosis

288 4323 470 4418 Episcopis
488 4347 557 4396 non
574 4323 898 4398 connumerabitur.
916 4328 1009 4398 Nam
1032 4347 1184 4398 canones
1210 4333 1351 4422 patrum
1370 4320 1451 4396 vim
1470 4324 1526 4400 le·

287 4456 378 4531 gum
396 4433 525 4511 habere
541 4445 685 4533 oportet.
699 4436 762 4509 Sin
775 4446 896 4511 autem
910 4436 1043 4535 aliquis
1057 4436 1227 4535 pecunias
1239 4435 1386 4522 dederit,
1399 4458 1524 4536 eoque
