3608 5498
800 367 995 430 -200-

287 512 343 562 res
356 485 528 562 accendat
537 486 733 582 incognita,
746 487 807 561 sed
816 486 1051 584 praesentibus
1061 487 1259 563 senioribus
1268 488 1429 564 ecclesiae
1437 498 1511 568 tua

286 599 478 695 diligenter
495 607 549 673 est
565 598 700 673 veritas
717 600 983 698 perscrutanda.
1002 603 1048 675 [tt
1064 610 1153 676 tunc
1170 602 1200 675 si
1219 601 1375 699 qualitas
1389 603 1439 679 rei
1452 627 1511 702 po·

287 712 451 811 poscerit,
468 714 640 788 canonica
657 713 832 788 districtio
858 714 1001 810 culpam
1026 714 1133 789 feriat
1156 714 1409 813 delinquentis,
1433 715 1511 791 haec

287 827 407 924 itaque
424 824 541 900 omnia
558 825 611 900 sic
629 825 779 902 sollicite
789 852 831 902 ac
850 837 1043 902 mansuetae
1060 826 1170 900 studii
1188 827 1243 902 tui
1260 827 1308 901 sit
1321 829 1511 920 custodire,

287 939 457 1039 quatinus
474 938 528 1012 illi
547 939 683 1014 iuxtam
702 949 826 1018 contra
843 950 879 1017 te
894 940 1114 1014 occasionem
1129 963 1199 1014 non
1216 939 1511 1016 inveniant‘mur-

294 1053 468 1128 mutandi.
555 1078 558 1086 ·

772 1279 947 1365 LXVIIII.
963 1277 1040 1376 (aio)

384 1509 581 1605 Gregorius
598 1507 811 1584 Theoctistae
828 1508 1003 1583 Patricia.
1017 1511 1115 1583 Inter
1128 1519 1258 1584 cetera.
1272 1508 1310 1581 Si
1323 1510 1419 1584 enim
1433 1512 1512 1586 hoa·

288 1634 348 1699 tus
366 1625 494 1699 Petrus
510 1647 594 1699 cum
615 1647 636 1695 a
653 1620 817 1696 fidelibus
834 1621 1052 1720 culparetur,
1069 1622 1321 1699 auctoritatem
1339 1648 1446 1721 quarn
1472 1625 1512 1698 in

288 1748 412 1814 sancta
430 1737 593 1813 Ecclesia
609 1745 795 1834 acceperat
814 1736 1034 1824 attendisset,
1061 1738 1270 1834 respondere
1295 1746 1443 1834 poterat,
1467 1747 1509 1812 ut

289 1861 464 1952 pastorem
482 1876 588 1924 suum
606 1874 690 1925 oves
707 1875 786 1948 quae
803 1851 1001 1924 commissae
1014 1850 1157 1926 fueraut
1171 1851 1426 1949 reprehendere
1439 1876 1511 1927 non

288 1968 467 2042 auderent.
483 1965 552 2039 Sed
570 1975 605 2040 et
623 1964 652 2037 si
671 1965 708 2038 in
722 1963 867 2062 querela
881 1963 1039 2039 fidelium
1054 1964 1190 2063 aliquid
1203 1967 1244 2041 de
1259 1992 1324 2040 sua
1337 1975 1511 2068 potestate

288 2082 432 2170 diceret,
449 2079 603 2178 profecto
619 2077 738 2153 doctor
756 2078 1043 2152 mausuetudinis
1059 2101 1131 2152 uon
1149 2089 1252 2168 esset,
1269 2079 1399 2154 humili
1425 2104 1512 2177 ergo

288 2219 346 2272 eos
363 2193 498 2269 ratione
516 2192 682 2291 placavit,
695 2201 802 2289 atque
819 2193 857 2265 in
876 2216 984 2266 cansa
1003 2191 1285 2290 reprehensionis
1308 2219 1383 2268 suae
1401 2194 1511 2269 etiam

289 2306 569 2384 testesadhibuit
582 2305 715 2382 dicens.
727 2310 914 2381 Venerunt
927 2319 1046 2382 autem
1063 2332 1204 2382 mecum
1216 2310 1283 2381 VII
1298 2307 1428 2382 fratres
1441 2306 1512 2382 isti.

290 2424 329 2497 Si
345 2422 460 2518 igitur
476 2431 512 2496 et
528 2430 647 2519 pastor
664 2419 834 2496 Ecclesiae
851 2431 887 2495 et
906 2419 1152 2518 Apostolorum
1168 2420 1338 2518 Princeps
1351 2420 1513 2517 singula·

291 2537 378 2611 riter
394 2534 500 2631 signa
517 2533 653 2610 faciens
665 2544 701 2610 et
720 2532 892 2609 miracula
911 2559 979 2607 uon
994 2534 1209 2630 dedignatus
1218 2544 1271 2609 est
1285 2535 1322 2608 in
1337 2559 1447 2609 causa
1461 2558 1513 2609 re·

290 2649 535 2752 prehensionis
552 2675 625 2723 suae
648 2649 819 2724 rationem
844 2646 1032 2722 humiliter
1058 2647 1213 2735 reddere,
1238 2657 1371 2745 quanto
1395 2645 1513 2744 magis

293 2789 356 2839 nos
369 2771 573 2862 peccatores
586 2788 669 2839 cum
684 2764 726 2838 de
740 2761 859 2859 aliqua
873 2787 910 2836 ro
925 2761 1228 2859 reprehendimur,
1243 2760 1514 2861 reprehensores

294 2888 431 2954 nostros
449 2875 578 2952 humili
599 2876 734 2952 ratione
751 2875 893 2974 placare
909 2873 1106 2949 debemus?

856 3102 958 3186 LXX.

390 3333 597 3431 Gregorius.
611 3335 652 3405 ln
669 3332 819 3426 dialogo.
829 3330 1013 3430 Numquid
1026 3334 1131 3406 Patre
1145 3332 1182 3403 in
1195 3329 1263 3406 hac
1276 3330 1394 3406 adhuc
1407 3354 1514 3406 carne

150 3488 153 3492 ·
293 3472 364 3525 nou
387 3457 475 3536 erat,
491 3446 632 3545 quando
655 3445 831 3521 audiebat.
857 3449 1099 3542 Quacumque
1125 3444 1297 3541 ligaveris
1323 3469 1430 3542 super
1446 3453 1515 3518 ter·

294 3589 383 3652 ram,
396 3561 464 3636 orit
481 3561 636 3656 ligatum
654 3568 690 3634 et
707 3560 743 3633 in
762 3559 876 3635 celis?
891 3562 937 3632 Et
948 3567 1087 3633 caetera.
1102 3558 1216 3634 Cuius
1232 3583 1328 3632 nunc
1341 3558 1457 3632 vicem
1475 3556 1514 3630 iu

294 3675 439 3772 ligando
455 3684 491 3750 et
515 3673 682 3749 solvendo
698 3673 869 3771 optinent,
887 3672 949 3769 qui
967 3670 1083 3747 locum
1104 3672 1221 3748 sancti
1242 3670 1429 3767 regiminis
1447 3670 1514 3744 fide

293 3798 330 3864 et
354 3786 512 3863 moribus
535 3794 668 3862 tonent.
686 3786 755 3861 Sed
772 3797 813 3860 ut
829 3795 930 3862 tanta
949 3787 1068 3863 valeat
1086 3787 1152 3864 hoc
1179 3789 1222 3864 de
1245 3797 1351 3879 terra,
1375 3785 1454 3864 caeli
1478 3793 1515 3861 et

294 3912 398 3977 tarrae
415 3901 574 3977 conditor
591 3900 629 3972 in
646 3907 742 3974 terra
758 3900 860 3974 venit
876 3926 896 3977 e
914 3901 997 3977 celo.

852 4127 972 4211 LXXI.

299 4385 300 4388 ¹
368 4357 577 4451 Gregorius.
594 4357 637 4431 Iu
653 4354 834 4456 pastorali.
852 4357 996 4455 Moyses
1012 4355 1074 4452 qui
1091 4379 1175 4431 cum
1194 4357 1265 4431 Deo
1278 4354 1448 4453 loquitur,
1466 4358 1517 4430 Ie·

296 4468 375 4544 thro
391 4467 594 4566 alienigene
612 4468 883 4568 reprehensione
902 4469 1094 4560 iudicatur,
1108 4470 1200 4569 quod
1213 4468 1364 4545 terrenis
1376 4469 1516 4570 populo
