3608 5498
669 416 866 479 -351-

155 538 429 615 dilectissimum
448 547 608 612 nostrum
634 535 1008 636 Archipresbyternm,
1022 563 1085 612 sou
1103 540 1250 614 Petrum
1267 539 1380 616 Abba-

155 663 226 728 tem
240 662 347 750 atque
362 651 619 750 Presbyterum
634 652 849 727 venerabilis
863 653 1066 727 monasterii
1082 655 1198 730 saneti
1213 654 1303 730 Sabe
1314 654 1380 753 hy·

155 766 223 840 lari
242 775 360 841 mente
377 775 414 840 et
430 765 536 840 vultu
554 764 797 862 placidissimo
814 764 1030 862 suscipiatis.
1043 768 1090 840 Et
1107 775 1235 842 cetera.

729 930 790 1014 XI.

513 1098 564 1149 Ex
581 1094 698 1150 eadem
716 1095 842 1163 synodo
861 1107 934 1161 cap.
954 1098 1011 1149 111.

252 1233 377 1307 Omnis
385 1232 511 1307 electio
523 1231 700 1330 Episcopi,
712 1231 770 1306 rel
785 1231 1005 1330 Presbyteri,
1017 1241 1082 1308 aut
1092 1233 1240 1310 Diaooni
1251 1259 1272 1308 a
1283 1237 1379 1333 prin-

155 1346 296 1445 cipibus
312 1345 419 1435 facta,
435 1345 538 1419 irrita
556 1356 713 1434 maneat,
729 1344 927 1421 secundum
952 1346 1115 1442 regulam
1135 1371 1215 1445 qum
1232 1348 1377 1423 dicitur.

157 1461 195 1534 Si
213 1459 294 1557 quis
310 1459 496 1556 episeopus
513 1458 735 1534 secularibus
748 1457 980 1556 potestatibus
993 1458 1182 1536 aeclesiam
1201 1485 1263 1560 per
1280 1461 1377 1560 ipsas

157 1573 327 1671 optineat,
344 1573 540 1670 deponatur
556 1583 593 1647 et
608 1581 835 1670 segregetur,
851 1593 1044 1670 omnesque
1069 1573 1129 1670 qui
1148 1572 1203 1646 illi
1221 1597 1378 1649 commu·

138 1749 142 1759 .
161 1687 295 1762 nicant.
1243 1715 1245 1722 ·

730 1802 810 1888 llll.

591 1981 640 2031 Ex
659 1977 776 2033 eadem
794 1990 867 2044 cap.
888 1980 941 2031 VI.

252 2133 484 2209 Diffinierunt
510 2134 636 2208 Patres
663 2143 796 2209 sanctae
815 2135 866 2207 VI
891 2133 1033 2232 synodi,
1050 2135 1161 2210 semel
1186 2135 1312 2210 saltem
1338 2137 1377 2210 in

156 2271 252 2322 anno
269 2248 345 2323 fieri
364 2248 542 2345 synodum
560 2255 596 2321 et
612 2247 806 2344 depravata
824 2248 968 2342 corrigi.
978 2251 1086 2324 Hune
1103 2273 1190 2346 ergo
1206 2274 1379 2325 canonem

157 2374 194 2438 et
209 2387 272 2439 nos
288 2361 552 2437 confirmamus.
570 2365 617 2436 Et
641 2361 672 2435 si
690 2361 878 2460 qnisquam
896 2362 1064 2461 princeps
1081 2364 1252 2439 inventus
1269 2365 1381 2441 fuerit

158 2476 226 2552 boo
250 2475 447 2574 prohibere,
463 2476 713 2551 communione
730 2476 904 2574 privetur.
923 2476 962 2576 Si
980 2478 1061 2576 quis
1079 2502 1163 2554 vero
1180 2478 1381 2578 Metropoli-

162 2600 327 2665 tanorum
352 2589 420 2665 hoo
445 2589 649 2685 neglexerit
664 2613 774 2686 agere
798 2589 933 2688 absque
957 2593 1182 2683 necessitate,
1198 2593 1381 2670 canonicis

157 2705 258 2804 penis
275 2704 468 2781 subiaceat.

718 2827 816 2913 lllll.

665 3007 715 3059 Ex
734 3003 859 3058 eadem.

253 3163 322 3235 Per
346 3160 465 3235 omnia
490 3159 716 3234 sanctissimo
733 3167 769 3233 et
786 3156 991 3232 beatissimo
1008 3158 1111 3233 fratri
1132 3167 1169 3234 et
1194 3159 1379 3234 commini-

157 3282 232 3347 stro
248 3275 385 3347 Domno
404 3271 559 3346 Adriano
572 3274 678 3368 Paper
696 3271 847 3346 senioris
859 3275 979 3346 Romae
992 3271 1189 3346 Tharasius
1206 3273 1380 3368 indignus

160 3385 355 3485 Episcopus
369 3383 723 3482 Constantinopoleos
739 3384 778 3457 in
792 3383 941 3458 Domino
958 3384 1122 3459 salutem.
1132 3387 1178 3458 Et
1190 3384 1296 3459 iufra.
1311 3389 1380 3459 Eos

158 3501 219 3599 qui
237 3526 300 3599 per
316 3498 486 3598 pecunias
499 3522 630 3573 manus
642 3499 891 3596 imposuerunt
903 3495 962 3571 vel
975 3496 1174 3594 imponunt,
1181 3499 1311 3573 Petrus
1321 3497 1381 3570 Di·

159 3613 268 3687 vinus
287 3611 477 3711 Apostolus
494 3612 600 3687 onius
616 3610 822 3686 cathedram
841 3609 966 3684 sortita
982 3618 1038 3684 est
1054 3608 1228 3685 sanctitas
1245 3620 1377 3700 vestra,

157 3737 339 3824 tamquam
351 3729 545 3824 Symonem
558 3747 709 3820 magum
726 3723 879 3822 deponit.
889 3721 1117 3798 Tolerabilior
1130 3722 1227 3798 enim
1240 3726 1381 3797 estMa·

158 3838 295 3915 oedonii
312 3849 348 3914 et
365 3862 487 3913 eorum
505 3837 567 3936 qui
586 3838 683 3912 circa
700 3837 817 3935 ipsum
836 3848 923 3912 sunt
947 3837 1064 3913 sancti
1083 3837 1241 3935 Spiritus
1266 3837 1381 3934 impu-

157 3962 351 4047 gnatorum
368 3950 478 4049 impia
502 3949 648 4027 heresis.
666 3950 726 4024 Illi
751 3951 846 4026 enim
868 3960 1071 4027 ereaturam
1089 3959 1126 4025 et
1150 3974 1293 4026 servum
1314 3949 1379 4024 Dei

158 4065 277 4140 Patris
293 4073 332 4140 et
342 4063 428 4138 Filii
438 4062 614 4162 Spiritum
631 4071 797 4138 sanetum
815 4063 998 4138 delirando
1014 4063 1185 4151 fatentur,
1194 4062 1255 4137 isti
1272 4088 1380 4138 suum

159 4178 322 4252 eumdem
337 4176 513 4274 Spiritum
530 4186 697 4251 sanctum
714 4178 877 4252 efficiunt
893 4202 1049 4252 servum.
1063 4176 1190 4251 Omnis
1208 4175 1304 4251 enim
1321 4176 1379 4251 do-

160 4291 280 4364 minus
297 4290 358 4388 qui
378 4289 485 4366 habet
501 4290 531 4363 si
549 4288 632 4363 vult
654 4289 790 4377 vendit,
806 4289 884 4364 sive
908 4313 1055 4363 servum
1081 4288 1158 4363 sive
1176 4288 1275 4363 alind
1292 4287 1380 4387 quid

158 4425 280 4478 eorum
305 4427 385 4500 quae
409 4402 573 4501 possidet.
599 4400 774 4476 Similiter
797 4410 834 4476 et
857 4402 918 4499 qui
944 4400 1042 4488 emit,
1066 4400 1232 4475 dominus
1248 4400 1382 4505 'volens

158 4540 235 4590 esse
252 4516 329 4590 eius
346 4516 438 4614 quod
455 4514 594 4602 emerit,
606 4538 669 4613 per
682 4512 837 4611 pretium
855 4513 1016 4613 peounioe
1031 4512 1124 4590 illud
1140 4513 1307 4612 acquirit.
1323 4517 1379 4588 Ita
