<?xml version="1.0" encoding="UTF-8"?>
<!DOCTYPE html PUBLIC "-//W3C//DTD XHTML 1.0 Transitional//EN"
    "http://www.w3.org/TR/xhtml1/DTD/xhtml1-transitional.dtd">
<html xmlns="http://www.w3.org/1999/xhtml" xml:lang="en" lang="en">
 <head>
  <title>
</title>
<meta http-equiv="Content-Type" content="text/html;charset=utf-8" />
  <meta name='ocr-system' content='tesseract 3.04.00' />
  <meta name='ocr-capabilities' content='ocr_page ocr_carea ocr_par ocr_line ocrx_word'/>
</head>
<body>
  <div class='ocr_page' id='page_1' title='image "./collectiocanonu00deusgoog_0154.png"; bbox 0 0 3608 5498; ppageno 0'>
   <div class='ocr_carea' id='block_1_1' title="bbox 802 358 1045 468">
    <p class='ocr_par' dir='ltr' id='par_1_1' title="bbox 802 358 1045 468">
     <span class='ocr_line' id='line_1_1' title="bbox 802 358 1045 468; baseline 0 -3"><span class='ocrx_word' id='word_1_1' title='bbox 802 358 1045 468; x_wconf 81' lang='lat' dir='ltr'>-raa--¹</span> 
     </span>
    </p>
   </div>
   <div class='ocr_carea' id='block_1_2' title="bbox 814 667 972 751">
    <p class='ocr_par' dir='ltr' id='par_1_2' title="bbox 814 667 972 751">
     <span class='ocr_line' id='line_1_2' title="bbox 814 667 972 751; baseline -0.032 0"><span class='ocrx_word' id='word_1_2' title='bbox 814 667 972 751; x_wconf 83' lang='lat' dir='ltr'><strong>CLXXX.</strong></span> 
     </span>
    </p>
   </div>
   <div class='ocr_carea' id='block_1_3' title="bbox 223 884 1589 2582">
    <p class='ocr_par' dir='ltr' id='par_1_3' title="bbox 223 884 1589 2582">
     <span class='ocr_line' id='line_1_3' title="bbox 385 884 1509 986; baseline -0.004 -23"><span class='ocrx_word' id='word_1_3' title='bbox 385 889 593 964; x_wconf 83' lang='lat' dir='ltr'><strong>Pestilentia</strong></span> <span class='ocrx_word' id='word_1_4' title='bbox 611 912 718 986; x_wconf 89' lang='lat' dir='ltr'>snpra</span> <span class='ocrx_word' id='word_1_5' title='bbox 736 887 879 962; x_wconf 90' lang='lat' dir='ltr'>modum</span> <span class='ocrx_word' id='word_1_6' title='bbox 905 886 1075 976; x_wconf 81' lang='lat' dir='ltr'>seviente,</span> <span class='ocrx_word' id='word_1_7' title='bbox 1092 887 1176 984; x_wconf 92' lang='lat' dir='ltr'>qnia</span> <span class='ocrx_word' id='word_1_8' title='bbox 1189 885 1342 961; x_wconf 89' lang='lat' dir='ltr'>ecclesia</span> <span class='ocrx_word' id='word_1_9' title='bbox 1354 884 1420 960; x_wconf 91' lang='lat' dir='ltr'>Dei</span> <span class='ocrx_word' id='word_1_10' title='bbox 1433 884 1509 960; x_wconf 90' lang='lat' dir='ltr'>sine</span> 
     </span>
     <span class='ocr_line' id='line_1_4' title="bbox 289 997 1511 1100; baseline -0.006 -22"><span class='ocrx_word' id='word_1_11' title='bbox 289 1013 426 1078; x_wconf 88' lang='lat' dir='ltr'>rectore</span> <span class='ocrx_word' id='word_1_12' title='bbox 442 1027 519 1078; x_wconf 89' lang='lat' dir='ltr'>esse</span> <span class='ocrx_word' id='word_1_13' title='bbox 536 1025 606 1076; x_wconf 90' lang='lat' dir='ltr'>non</span> <span class='ocrx_word' id='word_1_14' title='bbox 624 1010 770 1100; x_wconf 85' lang='lat' dir='ltr'>poterat.</span> <span class='ocrx_word' id='word_1_15' title='bbox 796 1001 1012 1096; x_wconf 86' lang='lat' dir='ltr'>Gregorium</span> <span class='ocrx_word' id='word_1_16' title='bbox 1034 999 1120 1073; x_wconf 89' lang='lat' dir='ltr'>licet</span> <span class='ocrx_word' id='word_1_17' title='bbox 1144 998 1229 1074; x_wconf 90' lang='lat' dir='ltr'>totis</span> <span class='ocrx_word' id='word_1_18' title='bbox 1253 997 1393 1071; x_wconf 89' lang='lat' dir='ltr'>viribus</span> <span class='ocrx_word' id='word_1_19' title='bbox 1418 999 1511 1072; x_wconf 89' lang='lat' dir='ltr'>reni·</span> 
     </span>
     <span class='ocr_line' id='line_1_5' title="bbox 291 1110 1512 1212; baseline -0.007 -20"><span class='ocrx_word' id='word_1_20' title='bbox 291 1125 428 1192; x_wconf 85' lang='lat' dir='ltr'>tentem</span> <span class='ocrx_word' id='word_1_21' title='bbox 446 1116 574 1191; x_wconf 82' lang='lat' dir='ltr'>Clarus</span> <span class='ocrx_word' id='word_1_22' title='bbox 591 1119 816 1212; x_wconf 87' lang='lat' dir='ltr'>Senatusqne</span> <span class='ocrx_word' id='word_1_23' title='bbox 841 1123 876 1188; x_wconf 92' lang='lat' dir='ltr'>et</span> <span class='ocrx_word' id='word_1_24' title='bbox 900 1112 1051 1210; x_wconf 90' lang='lat' dir='ltr'>populus</span> <span class='ocrx_word' id='word_1_25' title='bbox 1068 1115 1249 1186; x_wconf 88' lang='lat' dir='ltr'>Romanus</span> <span class='ocrx_word' id='word_1_26' title='bbox 1273 1110 1341 1185; x_wconf 85' lang='lat' dir='ltr'>sibi</span> <span class='ocrx_word' id='word_1_27' title='bbox 1367 1134 1512 1186; x_wconf 91' lang='lat' dir='ltr'>concor-</span> 
     </span>
     <span class='ocr_line' id='line_1_6' title="bbox 288 1224 1512 1325; baseline -0.004 -20"><span class='ocrx_word' id='word_1_28' title='bbox 288 1230 380 1305; x_wconf 87' lang='lat' dir='ltr'>diter</span> <span class='ocrx_word' id='word_1_29' title='bbox 398 1230 607 1304; x_wconf 86' lang='lat' dir='ltr'>Pontificem</span> <span class='ocrx_word' id='word_1_30' title='bbox 622 1228 856 1325; x_wconf 86' lang='lat' dir='ltr'>delegerunt.</span> <span class='ocrx_word' id='word_1_31' title='bbox 874 1229 987 1313; x_wconf 85' lang='lat' dir='ltr'>Quem</span> <span class='ocrx_word' id='word_1_32' title='bbox 1013 1226 1075 1300; x_wconf 91' lang='lat' dir='ltr'>ille</span> <span class='ocrx_word' id='word_1_33' title='bbox 1099 1226 1237 1323; x_wconf 81' lang='lat' dir='ltr'>apicem</span> <span class='ocrx_word' id='word_1_34' title='bbox 1263 1225 1347 1300; x_wconf 90' lang='lat' dir='ltr'>totis</span> <span class='ocrx_word' id='word_1_35' title='bbox 1372 1224 1512 1300; x_wconf 87' lang='lat' dir='ltr'>viribus</span> 
     </span>
     <span class='ocr_line' id='line_1_7' title="bbox 289 1339 1512 1438; baseline -0.005 -19"><span class='ocrx_word' id='word_1_36' title='bbox 289 1342 452 1420; x_wconf 89' lang='lat' dir='ltr'>devitare</span> <span class='ocrx_word' id='word_1_37' title='bbox 470 1344 676 1432; x_wconf 89' lang='lat' dir='ltr'>decernens,</span> <span class='ocrx_word' id='word_1_38' title='bbox 693 1367 770 1418; x_wconf 90' lang='lat' dir='ltr'>sese</span> <span class='ocrx_word' id='word_1_39' title='bbox 788 1342 979 1438; x_wconf 85' lang='lat' dir='ltr'>indignum</span> <span class='ocrx_word' id='word_1_40' title='bbox 998 1341 1062 1415; x_wconf 89' lang='lat' dir='ltr'>tali</span> <span class='ocrx_word' id='word_1_41' title='bbox 1080 1339 1209 1415; x_wconf 88' lang='lat' dir='ltr'>honore</span> <span class='ocrx_word' id='word_1_42' title='bbox 1227 1339 1444 1414; x_wconf 75' lang='lat' dir='ltr'>clamitabat.</span> <span class='ocrx_word' id='word_1_43' title='bbox 1462 1348 1512 1413; x_wconf 87' lang='lat' dir='ltr'>At</span> 
     </span>
     <span class='ocr_line' id='line_1_8' title="bbox 290 1454 1511 1553; baseline -0.004 -20"><span class='ocrx_word' id='word_1_44' title='bbox 290 1458 353 1533; x_wconf 94' lang='lat' dir='ltr'>ubi</span> <span class='ocrx_word' id='word_1_45' title='bbox 370 1458 552 1533; x_wconf 88' lang='lat' dir='ltr'>decretum</span> <span class='ocrx_word' id='word_1_46' title='bbox 570 1456 821 1553; x_wconf 81' lang='lat' dir='ltr'>generalitatis</span> <span class='ocrx_word' id='word_1_47' title='bbox 837 1455 987 1530; x_wconf 88' lang='lat' dir='ltr'>evadere</span> <span class='ocrx_word' id='word_1_48' title='bbox 1004 1454 1169 1552; x_wconf 87' lang='lat' dir='ltr'>nequiret</span> <span class='ocrx_word' id='word_1_49' title='bbox 1191 1477 1448 1528; x_wconf 87' lang='lat' dir='ltr'>consensurum</span> <span class='ocrx_word' id='word_1_50' title='bbox 1474 1476 1511 1528; x_wconf 89' lang='lat' dir='ltr'>se</span> 
     </span>
     <span class='ocr_line' id='line_1_9' title="bbox 290 1567 1511 1670; baseline -0.005 -22"><span class='ocrx_word' id='word_1_51' title='bbox 290 1573 433 1648; x_wconf 87' lang='lat' dir='ltr'>tandem</span> <span class='ocrx_word' id='word_1_52' title='bbox 461 1572 653 1670; x_wconf 91' lang='lat' dir='ltr'>aliquando</span> <span class='ocrx_word' id='word_1_53' title='bbox 682 1569 880 1660; x_wconf 85' lang='lat' dir='ltr'>simulavit,</span> <span class='ocrx_word' id='word_1_54' title='bbox 904 1580 940 1644; x_wconf 87' lang='lat' dir='ltr'>et</span> <span class='ocrx_word' id='word_1_55' title='bbox 964 1569 1175 1668; x_wconf 82' lang='lat' dir='ltr'>Imperatori</span> <span class='ocrx_word' id='word_1_56' title='bbox 1201 1568 1377 1643; x_wconf 83' lang='lat' dir='ltr'><strong>Mauricio</strong></span> <span class='ocrx_word' id='word_1_57' title='bbox 1406 1567 1511 1642; x_wconf 88' lang='lat' dir='ltr'>cuius</span> 
     </span>
     <span class='ocr_line' id='line_1_10' title="bbox 289 1683 1511 1783; baseline -0.004 -22"><span class='ocrx_word' id='word_1_58' title='bbox 289 1687 404 1761; x_wconf 89' lang='lat' dir='ltr'>filium</span> <span class='ocrx_word' id='word_1_59' title='bbox 421 1711 466 1762; x_wconf 84' lang='lat' dir='ltr'>ex</span> <span class='ocrx_word' id='word_1_60' title='bbox 481 1686 625 1761; x_wconf 86' lang='lat' dir='ltr'>lavacro</span> <span class='ocrx_word' id='word_1_61' title='bbox 641 1694 767 1759; x_wconf 89' lang='lat' dir='ltr'>sancto</span> <span class='ocrx_word' id='word_1_62' title='bbox 784 1695 990 1783; x_wconf 80' lang='lat' dir='ltr'>susceperat</span> <span class='ocrx_word' id='word_1_63' title='bbox 1002 1685 1155 1760; x_wconf 87' lang='lat' dir='ltr'>latenter</span> <span class='ocrx_word' id='word_1_64' title='bbox 1168 1684 1292 1759; x_wconf 78' lang='lat' dir='ltr'>literas</span> <span class='ocrx_word' id='word_1_65' title='bbox 1305 1683 1511 1771; x_wconf 84' lang='lat' dir='ltr'>destinavit,</span> 
     </span>
     <span class='ocr_line' id='line_1_11' title="bbox 289 1799 1514 1897; baseline -0.002 -23"><span class='ocrx_word' id='word_1_66' title='bbox 289 1799 458 1875; x_wconf 91' lang='lat' dir='ltr'>adiurans</span> <span class='ocrx_word' id='word_1_67' title='bbox 475 1810 511 1875; x_wconf 88' lang='lat' dir='ltr'>et</span> <span class='ocrx_word' id='word_1_68' title='bbox 529 1799 644 1874; x_wconf 89' lang='lat' dir='ltr'>multa</span> <span class='ocrx_word' id='word_1_69' title='bbox 661 1823 765 1897; x_wconf 90' lang='lat' dir='ltr'>prece</span> <span class='ocrx_word' id='word_1_70' title='bbox 782 1799 975 1897; x_wconf 89' lang='lat' dir='ltr'>deposcens</span> <span class='ocrx_word' id='word_1_71' title='bbox 1000 1824 1044 1875; x_wconf 91' lang='lat' dir='ltr'>ne</span> <span class='ocrx_word' id='word_1_72' title='bbox 1066 1822 1226 1896; x_wconf 91' lang='lat' dir='ltr'>unquam</span> <span class='ocrx_word' id='word_1_73' title='bbox 1252 1822 1439 1873; x_wconf 84' lang='lat' dir='ltr'>assensum</span> <span class='ocrx_word' id='word_1_74' title='bbox 1457 1819 1514 1894; x_wconf 92' lang='lat' dir='ltr'>po-</span> 
     </span>
     <span class='ocr_line' id='line_1_12' title="bbox 290 1908 1512 2011; baseline -0.002 -25"><span class='ocrx_word' id='word_1_75' title='bbox 290 1913 386 2011; x_wconf 90' lang='lat' dir='ltr'>pulis</span> <span class='ocrx_word' id='word_1_76' title='bbox 402 1913 584 2011; x_wconf 75' lang='lat' dir='ltr'>preberet,</span> <span class='ocrx_word' id='word_1_77' title='bbox 600 1922 642 1987; x_wconf 88' lang='lat' dir='ltr'>ut</span> <span class='ocrx_word' id='word_1_78' title='bbox 666 1937 704 1987; x_wconf 92' lang='lat' dir='ltr'>se</span> <span class='ocrx_word' id='word_1_79' title='bbox 728 1911 837 1986; x_wconf 91' lang='lat' dir='ltr'>huius</span> <span class='ocrx_word' id='word_1_80' title='bbox 861 1911 1005 1987; x_wconf 91' lang='lat' dir='ltr'>honoris</span> <span class='ocrx_word' id='word_1_81' title='bbox 1029 1912 1146 2008; x_wconf 84' lang='lat' dir='ltr'>gloria</span> <span class='ocrx_word' id='word_1_82' title='bbox 1171 1909 1417 1985; x_wconf 89' lang='lat' dir='ltr'>sublimarent.</span> <span class='ocrx_word' id='word_1_83' title='bbox 1443 1908 1512 1983; x_wconf 90' lang='lat' dir='ltr'>Sed</span> 
     </span>
     <span class='ocr_line' id='line_1_13' title="bbox 290 2022 1512 2120; baseline -0.005 -19"><span class='ocrx_word' id='word_1_84' title='bbox 290 2027 487 2103; x_wconf 78' lang='lat' dir='ltr'>Prrafeetns</span> <span class='ocrx_word' id='word_1_85' title='bbox 504 2025 611 2103; x_wconf 88' lang='lat' dir='ltr'>Urbis</span> <span class='ocrx_word' id='word_1_86' title='bbox 629 2028 833 2100; x_wconf 88' lang='lat' dir='ltr'>Germanus</span> <span class='ocrx_word' id='word_1_87' title='bbox 849 2027 992 2104; x_wconf 88' lang='lat' dir='ltr'>nomine</span> <span class='ocrx_word' id='word_1_88' title='bbox 1010 2027 1088 2101; x_wconf 88' lang='lat' dir='ltr'>eius</span> <span class='ocrx_word' id='word_1_89' title='bbox 1105 2024 1276 2099; x_wconf 89' lang='lat' dir='ltr'>nuntium</span> <span class='ocrx_word' id='word_1_90' title='bbox 1298 2022 1512 2120; x_wconf 87' lang='lat' dir='ltr'>anticipavit</span> 
     </span>
     <span class='ocr_line' id='line_1_14' title="bbox 288 2141 1589 2240; baseline -0.006 -22"><span class='ocrx_word' id='word_1_91' title='bbox 288 2141 656 2240; x_wconf 89' lang='lat' dir='ltr'>comprehensumque</span> <span class='ocrx_word' id='word_1_92' title='bbox 673 2165 717 2215; x_wconf 91' lang='lat' dir='ltr'>ac</span> <span class='ocrx_word' id='word_1_93' title='bbox 733 2141 888 2238; x_wconf 89' lang='lat' dir='ltr'>diruptis</span> <span class='ocrx_word' id='word_1_94' title='bbox 904 2141 1075 2240; x_wconf 88' lang='lat' dir='ltr'>epistolis,</span> <span class='ocrx_word' id='word_1_95' title='bbox 1092 2163 1307 2215; x_wconf 88' lang='lat' dir='ltr'>consensum</span> <span class='ocrx_word' id='word_1_96' title='bbox 1325 2162 1430 2235; x_wconf 90' lang='lat' dir='ltr'>quem</span> <span class='ocrx_word' id='word_1_97' title='bbox 1456 2160 1514 2235; x_wconf 94' lang='lat' dir='ltr'>po·</span> <span class='ocrx_word' id='word_1_98' title='bbox 1585 2210 1589 2218; x_wconf 85' lang='grc'><em>,</em></span> 
     </span>
     <span class='ocr_line' id='line_1_15' title="bbox 223 2253 1513 2355; baseline -0.004 -26"><span class='ocrx_word' id='word_1_99' title='bbox 223 2348 226 2355; x_wconf 25' lang='grc' dir='ltr'>Ι</span> <span class='ocrx_word' id='word_1_100' title='bbox 292 2255 398 2354; x_wconf 91' lang='lat' dir='ltr'>pulns</span> <span class='ocrx_word' id='word_1_101' title='bbox 415 2255 549 2336; x_wconf 84' lang='lat' dir='ltr'>fecerat</span> <span class='ocrx_word' id='word_1_102' title='bbox 562 2255 771 2354; x_wconf 88' lang='lat' dir='ltr'>imperatori</span> <span class='ocrx_word' id='word_1_103' title='bbox 784 2254 923 2330; x_wconf 83' lang='lat' dir='ltr'>direxit.</span> <span class='ocrx_word' id='word_1_104' title='bbox 938 2260 987 2328; x_wconf 91' lang='lat' dir='ltr'>At</span> <span class='ocrx_word' id='word_1_105' title='bbox 1004 2254 1065 2329; x_wconf 90' lang='lat' dir='ltr'>ille</span> <span class='ocrx_word' id='word_1_106' title='bbox 1081 2254 1220 2350; x_wconf 84' lang='lat' dir='ltr'>gratias</span> <span class='ocrx_word' id='word_1_107' title='bbox 1233 2276 1347 2348; x_wconf 85' lang='lat' dir='ltr'>agens</span> <span class='ocrx_word' id='word_1_108' title='bbox 1363 2253 1437 2325; x_wconf 91' lang='lat' dir='ltr'>Deo</span> <span class='ocrx_word' id='word_1_109' title='bbox 1450 2273 1513 2348; x_wconf 90' lang='lat' dir='ltr'>pro</span> 
     </span>
     <span class='ocr_line' id='line_1_16' title="bbox 290 2364 1513 2467; baseline -0.003 -24"><span class='ocrx_word' id='word_1_110' title='bbox 290 2369 452 2443; x_wconf 90' lang='lat' dir='ltr'>amicitia</span> <span class='ocrx_word' id='word_1_111' title='bbox 465 2369 614 2444; x_wconf 89' lang='lat' dir='ltr'>Diaconi</span> <span class='ocrx_word' id='word_1_112' title='bbox 628 2393 668 2444; x_wconf 93' lang='lat' dir='ltr'>eo</span> <span class='ocrx_word' id='word_1_113' title='bbox 685 2368 778 2467; x_wconf 91' lang='lat' dir='ltr'>qnod</span> <span class='ocrx_word' id='word_1_114' title='bbox 794 2369 912 2447; x_wconf 91' lang='lat' dir='ltr'>locum</span> <span class='ocrx_word' id='word_1_115' title='bbox 930 2368 1111 2444; x_wconf 86' lang='lat' dir='ltr'>deferendi</span> <span class='ocrx_word' id='word_1_116' title='bbox 1129 2368 1162 2442; x_wconf 90' lang='lat' dir='ltr'>ei</span> <span class='ocrx_word' id='word_1_117' title='bbox 1178 2365 1321 2441; x_wconf 88' lang='lat' dir='ltr'>honoris</span> <span class='ocrx_word' id='word_1_118' title='bbox 1337 2374 1379 2438; x_wconf 88' lang='lat' dir='ltr'>ut</span> <span class='ocrx_word' id='word_1_119' title='bbox 1394 2364 1513 2461; x_wconf 91' lang='lat' dir='ltr'>cupic-</span> 
     </span>
     <span class='ocr_line' id='line_1_17' title="bbox 293 2479 1442 2582; baseline -0.004 -25"><span class='ocrx_word' id='word_1_120' title='bbox 293 2493 349 2558; x_wconf 88' lang='lat' dir='ltr'>rat</span> <span class='ocrx_word' id='word_1_121' title='bbox 365 2483 589 2582; x_wconf 89' lang='lat' dir='ltr'>repperisset,</span> <span class='ocrx_word' id='word_1_122' title='bbox 605 2484 689 2559; x_wconf 87' lang='lat' dir='ltr'>data</span> <span class='ocrx_word' id='word_1_123' title='bbox 707 2483 941 2581; x_wconf 86' lang='lat' dir='ltr'>praeceptione</span> <span class='ocrx_word' id='word_1_124' title='bbox 960 2484 1077 2581; x_wconf 89' lang='lat' dir='ltr'>ipsum</span> <span class='ocrx_word' id='word_1_125' title='bbox 1095 2481 1251 2558; x_wconf 91' lang='lat' dir='ltr'>ordinari</span> <span class='ocrx_word' id='word_1_126' title='bbox 1265 2479 1442 2578; x_wconf 77' lang='lat' dir='ltr'>pracepit.</span> 
     </span>
    </p>
   </div>
   <div class='ocr_carea' id='block_1_4' title="bbox 811 2712 991 2796">
    <p class='ocr_par' dir='ltr' id='par_1_4' title="bbox 811 2712 991 2796">
     <span class='ocr_line' id='line_1_18' title="bbox 811 2712 991 2796; baseline -0.011 0"><span class='ocrx_word' id='word_1_127' title='bbox 811 2712 991 2796; x_wconf 77' lang='lat' dir='ltr'>otxxxl.</span> 
     </span>
    </p>
   </div>
   <div class='ocr_carea' id='block_1_5' title="bbox 291 2929 1521 4494">
    <p class='ocr_par' dir='ltr' id='par_1_5' title="bbox 291 2929 1521 4494">
     <span class='ocr_line' id='line_1_19' title="bbox 386 2929 1513 3032; baseline -0.003 -28"><span class='ocrx_word' id='word_1_128' title='bbox 386 2933 469 3005; x_wconf 86' lang='lat' dir='ltr'>Mox</span> <span class='ocrx_word' id='word_1_129' title='bbox 493 2940 535 3005; x_wconf 91' lang='lat' dir='ltr'>ut</span> <span class='ocrx_word' id='word_1_130' title='bbox 558 2930 756 3027; x_wconf 84' lang='lat' dir='ltr'>Gregorius</span> <span class='ocrx_word' id='word_1_131' title='bbox 781 2930 979 3032; x_wconf 83' lang='lat' dir='ltr'>Episcopus</span> <span class='ocrx_word' id='word_1_132' title='bbox 1004 2930 1216 3031; x_wconf 84' lang='lat' dir='ltr'>Apostolicae</span> <span class='ocrx_word' id='word_1_133' title='bbox 1239 2930 1342 3005; x_wconf 89' lang='lat' dir='ltr'>Sedis</span> <span class='ocrx_word' id='word_1_134' title='bbox 1371 2929 1513 3017; x_wconf 83' lang='lat' dir='ltr'>enituit,</span> 
     </span>
     <span class='ocr_line' id='line_1_20' title="bbox 292 3042 1513 3145; baseline -0.002 -26"><span class='ocrx_word' id='word_1_135' title='bbox 292 3042 591 3144; x_wconf 82' lang='lat' dir='ltr'>patriarchalibus</span> <span class='ocrx_word' id='word_1_136' title='bbox 611 3044 754 3119; x_wconf 90' lang='lat' dir='ltr'>sedibus</span> <span class='ocrx_word' id='word_1_137' title='bbox 777 3044 987 3145; x_wconf 81' lang='lat' dir='ltr'>synodicam</span> <span class='ocrx_word' id='word_1_138' title='bbox 1013 3045 1218 3133; x_wconf 84' lang='lat' dir='ltr'>destinavit,</span> <span class='ocrx_word' id='word_1_139' title='bbox 1235 3054 1271 3119; x_wconf 92' lang='lat' dir='ltr'>et</span> <span class='ocrx_word' id='word_1_140' title='bbox 1292 3043 1513 3144; x_wconf 89' lang='lat' dir='ltr'>postmodum</span> 
     </span>
     <span class='ocr_line' id='line_1_21' title="bbox 292 3156 1514 3236; baseline -0.004 -2"><span class='ocrx_word' id='word_1_141' title='bbox 292 3157 493 3234; x_wconf 85' lang='lat' dir='ltr'>Secundino</span> <span class='ocrx_word' id='word_1_142' title='bbox 508 3181 612 3233; x_wconf 86' lang='lat' dir='ltr'>servo</span> <span class='ocrx_word' id='word_1_143' title='bbox 628 3157 692 3233; x_wconf 84' lang='lat' dir='ltr'>Ilei</span> <span class='ocrx_word' id='word_1_144' title='bbox 711 3158 850 3234; x_wconf 91' lang='lat' dir='ltr'>incluso</span> <span class='ocrx_word' id='word_1_145' title='bbox 867 3160 960 3236; x_wconf 90' lang='lat' dir='ltr'>inter</span> <span class='ocrx_word' id='word_1_146' title='bbox 977 3168 1105 3234; x_wconf 82' lang='lat' dir='ltr'>caetera</span> <span class='ocrx_word' id='word_1_147' title='bbox 1123 3158 1248 3234; x_wconf 88' lang='lat' dir='ltr'>scribit</span> <span class='ocrx_word' id='word_1_148' title='bbox 1264 3156 1396 3233; x_wconf 90' lang='lat' dir='ltr'>dicens.</span> <span class='ocrx_word' id='word_1_149' title='bbox 1419 3156 1514 3231; x_wconf 86' lang='lat' dir='ltr'>Hinc</span> 
     </span>
     <span class='ocr_line' id='line_1_22' title="bbox 292 3269 1516 3372; baseline -0.004 -24"><span class='ocrx_word' id='word_1_150' title='bbox 292 3272 455 3370; x_wconf 87' lang='lat' dir='ltr'>estquod</span> <span class='ocrx_word' id='word_1_151' title='bbox 471 3271 633 3370; x_wconf 89' lang='lat' dir='ltr'>quotiens</span> <span class='ocrx_word' id='word_1_152' title='bbox 646 3271 685 3345; x_wconf 93' lang='lat' dir='ltr'>in</span> <span class='ocrx_word' id='word_1_153' title='bbox 699 3284 853 3369; x_wconf 90' lang='lat' dir='ltr'>quatuor</span> <span class='ocrx_word' id='word_1_154' title='bbox 865 3274 1054 3372; x_wconf 83' lang='lat' dir='ltr'>praecipuis</span> <span class='ocrx_word' id='word_1_155' title='bbox 1067 3273 1211 3349; x_wconf 90' lang='lat' dir='ltr'>sedibus</span> <span class='ocrx_word' id='word_1_156' title='bbox 1227 3272 1409 3347; x_wconf 86' lang='lat' dir='ltr'>antistites</span> <span class='ocrx_word' id='word_1_157' title='bbox 1426 3269 1516 3345; x_wconf 91' lang='lat' dir='ltr'>ordi·</span> 
     </span>
     <span class='ocr_line' id='line_1_23' title="bbox 291 3385 1515 3484; baseline -0.003 -22"><span class='ocrx_word' id='word_1_158' title='bbox 291 3398 436 3473; x_wconf 91' lang='lat' dir='ltr'>nantnr,</span> <span class='ocrx_word' id='word_1_159' title='bbox 454 3385 644 3484; x_wconf 85' lang='lat' dir='ltr'>synodales</span> <span class='ocrx_word' id='word_1_160' title='bbox 660 3385 728 3459; x_wconf 92' lang='lat' dir='ltr'>sibi</span> <span class='ocrx_word' id='word_1_161' title='bbox 745 3387 914 3484; x_wconf 90' lang='lat' dir='ltr'>epistolas</span> <span class='ocrx_word' id='word_1_162' title='bbox 930 3387 1091 3463; x_wconf 86' lang='lat' dir='ltr'>vicissim</span> <span class='ocrx_word' id='word_1_163' title='bbox 1111 3388 1257 3461; x_wconf 87' lang='lat' dir='ltr'>mittant</span> <span class='ocrx_word' id='word_1_164' title='bbox 1274 3386 1311 3459; x_wconf 92' lang='lat' dir='ltr'>in</span> <span class='ocrx_word' id='word_1_165' title='bbox 1329 3385 1460 3484; x_wconf 90' lang='lat' dir='ltr'>quibus</span> <span class='ocrx_word' id='word_1_166' title='bbox 1477 3407 1515 3458; x_wconf 90' lang='lat' dir='ltr'>se</span> 
     </span>
     <span class='ocr_line' id='line_1_24' title="bbox 293 3499 1518 3600; baseline -0.002 -24"><span class='ocrx_word' id='word_1_167' title='bbox 293 3511 453 3577; x_wconf 84' lang='lat' dir='ltr'>sanctam</span> <span class='ocrx_word' id='word_1_168' title='bbox 472 3499 795 3575; x_wconf 69' lang='lat' dir='ltr'>chalcedonensem</span> <span class='ocrx_word' id='word_1_169' title='bbox 817 3504 994 3600; x_wconf 82' lang='lat' dir='ltr'>synodum</span> <span class='ocrx_word' id='word_1_170' title='bbox 1013 3528 1097 3578; x_wconf 86' lang='lat' dir='ltr'>curn</span> <span class='ocrx_word' id='word_1_171' title='bbox 1114 3503 1196 3577; x_wconf 91' lang='lat' dir='ltr'>aliis</span> <span class='ocrx_word' id='word_1_172' title='bbox 1212 3499 1442 3598; x_wconf 83' lang='lat' dir='ltr'>generalibus</span> <span class='ocrx_word' id='word_1_173' title='bbox 1457 3525 1518 3598; x_wconf 90' lang='lat' dir='ltr'>sy·</span> 
     </span>
     <span class='ocr_line' id='line_1_25' title="bbox 293 3612 1518 3715; baseline -0.006 -24"><span class='ocrx_word' id='word_1_174' title='bbox 293 3617 394 3693; x_wconf 91' lang='lat' dir='ltr'>nodis</span> <span class='ocrx_word' id='word_1_175' title='bbox 410 3614 589 3689; x_wconf 89' lang='lat' dir='ltr'>custodire</span> <span class='ocrx_word' id='word_1_176' title='bbox 605 3614 796 3689; x_wconf 81' lang='lat' dir='ltr'>fateantur.</span> <span class='ocrx_word' id='word_1_177' title='bbox 813 3619 860 3690; x_wconf 86' lang='lat' dir='ltr'>Et</span> <span class='ocrx_word' id='word_1_178' title='bbox 878 3627 955 3714; x_wconf 93' lang='lat' dir='ltr'>post</span> <span class='ocrx_word' id='word_1_179' title='bbox 971 3641 1095 3715; x_wconf 91' lang='lat' dir='ltr'>pauca.</span> <span class='ocrx_word' id='word_1_180' title='bbox 1113 3619 1228 3703; x_wconf 86' lang='lat' dir='ltr'>Quam</span> <span class='ocrx_word' id='word_1_181' title='bbox 1247 3612 1415 3688; x_wconf 86' lang='lat' dir='ltr'>videlicet</span> <span class='ocrx_word' id='word_1_182' title='bbox 1435 3634 1518 3686; x_wconf 91' lang='lat' dir='ltr'>con·</span> 
     </span>
     <span class='ocr_line' id='line_1_26' title="bbox 294 3726 1515 3828; baseline -0.007 -21"><span class='ocrx_word' id='word_1_183' title='bbox 294 3730 519 3806; x_wconf 86' lang='lat' dir='ltr'>suetudinem</span> <span class='ocrx_word' id='word_1_184' title='bbox 537 3729 633 3804; x_wconf 91' lang='lat' dir='ltr'>sicut</span> <span class='ocrx_word' id='word_1_185' title='bbox 649 3731 760 3804; x_wconf 87' lang='lat' dir='ltr'>nostri</span> <span class='ocrx_word' id='word_1_186' title='bbox 776 3754 914 3828; x_wconf 89' lang='lat' dir='ltr'>quoque</span> <span class='ocrx_word' id='word_1_187' title='bbox 928 3732 1086 3828; x_wconf 89' lang='lat' dir='ltr'>quiante</span> <span class='ocrx_word' id='word_1_188' title='bbox 1100 3730 1285 3806; x_wconf 90' lang='lat' dir='ltr'>biennium</span> <span class='ocrx_word' id='word_1_189' title='bbox 1299 3726 1515 3803; x_wconf 86' lang='lat' dir='ltr'>abAdriano</span> 
     </span>
     <span class='ocr_line' id='line_1_27' title="bbox 294 3844 1521 3945; baseline -0.008 -24"><span class='ocrx_word' id='word_1_190' title='bbox 294 3844 545 3921; x_wconf 88' lang='lat' dir='ltr'>liberalissimo</span> <span class='ocrx_word' id='word_1_191' title='bbox 562 3847 658 3944; x_wconf 89' lang='lat' dir='ltr'>Papa</span> <span class='ocrx_word' id='word_1_192' title='bbox 676 3845 714 3917; x_wconf 94' lang='lat' dir='ltr'>in</span> <span class='ocrx_word' id='word_1_193' title='bbox 732 3853 856 3919; x_wconf 88' lang='lat' dir='ltr'>sancta</span> <span class='ocrx_word' id='word_1_194' title='bbox 870 3847 972 3918; x_wconf 81' lang='lat' dir='ltr'><strong>VIII·</strong></span> <span class='ocrx_word' id='word_1_195' title='bbox 989 3845 1124 3943; x_wconf 91' lang='lat' dir='ltr'>synodo</span> <span class='ocrx_word' id='word_1_196' title='bbox 1137 3844 1310 3945; x_wconf 73' lang='lat' dir='ltr'>praefuere</span> <span class='ocrx_word' id='word_1_197' title='bbox 1330 3850 1521 3928; x_wconf 89' lang='lat' dir='ltr'>testantur,</span> 
     </span>
     <span class='ocr_line' id='line_1_28' title="bbox 292 3952 1520 4058; baseline -0.007 -24"><span class='ocrx_word' id='word_1_198' title='bbox 292 3961 344 4037; x_wconf 86' lang='lat' dir='ltr'>ita</span> <span class='ocrx_word' id='word_1_199' title='bbox 359 3958 549 4034; x_wconf 86' lang='lat' dir='ltr'>orientales</span> <span class='ocrx_word' id='word_1_200' title='bbox 566 3958 744 4058; x_wconf 83' lang='lat' dir='ltr'>praeeipue</span> <span class='ocrx_word' id='word_1_201' title='bbox 762 3958 921 4033; x_wconf 90' lang='lat' dir='ltr'>retinent</span> <span class='ocrx_word' id='word_1_202' title='bbox 938 3982 1051 4056; x_wconf 90' lang='lat' dir='ltr'>usqua</span> <span class='ocrx_word' id='word_1_203' title='bbox 1068 3968 1220 4034; x_wconf 91' lang='lat' dir='ltr'>actenus</span> <span class='ocrx_word' id='word_1_204' title='bbox 1233 3956 1346 4044; x_wconf 89' lang='lat' dir='ltr'>sedes,</span> <span class='ocrx_word' id='word_1_205' title='bbox 1360 3953 1451 4029; x_wconf 90' lang='lat' dir='ltr'>utin</span> <span class='ocrx_word' id='word_1_206' title='bbox 1469 3952 1520 4027; x_wconf 93' lang='lat' dir='ltr'>di·</span> 
     </span>
     <span class='ocr_line' id='line_1_29' title="bbox 293 4065 1518 4177; baseline -0.009 -27"><span class='ocrx_word' id='word_1_207' title='bbox 293 4074 399 4177; x_wconf 90' lang='lat' dir='ltr'>pticis</span> <span class='ocrx_word' id='word_1_208' title='bbox 411 4067 487 4147; x_wconf 87' lang='lat' dir='ltr'>suis</span> <span class='ocrx_word' id='word_1_209' title='bbox 500 4070 638 4145; x_wconf 91' lang='lat' dir='ltr'>nullius</span> <span class='ocrx_word' id='word_1_210' title='bbox 652 4071 835 4146; x_wconf 89' lang='lat' dir='ltr'>Pontificis</span> <span class='ocrx_word' id='word_1_211' title='bbox 846 4095 973 4149; x_wconf 89' lang='lat' dir='ltr'>nornen</span> <span class='ocrx_word' id='word_1_212' title='bbox 984 4072 1199 4161; x_wconf 89' lang='lat' dir='ltr'>describant,</span> <span class='ocrx_word' id='word_1_213' title='bbox 1211 4092 1395 4169; x_wconf 89' lang='lat' dir='ltr'>quousque</span> <span class='ocrx_word' id='word_1_214' title='bbox 1405 4065 1518 4167; x_wconf 90' lang='lat' dir='ltr'>ipsius</span> 
     </span>
     <span class='ocr_line' id='line_1_30' title="bbox 293 4179 1517 4288; baseline -0.011 -24"><span class='ocrx_word' id='word_1_215' title='bbox 293 4188 501 4288; x_wconf 85' lang='lat' dir='ltr'>synodicam</span> <span class='ocrx_word' id='word_1_216' title='bbox 519 4184 717 4286; x_wconf 89' lang='lat' dir='ltr'>suscipiant</span> <span class='ocrx_word' id='word_1_217' title='bbox 733 4196 770 4260; x_wconf 92' lang='lat' dir='ltr'>et</span> <span class='ocrx_word' id='word_1_218' title='bbox 794 4186 932 4261; x_wconf 87' lang='lat' dir='ltr'>tamdiu</span> <span class='ocrx_word' id='word_1_219' title='bbox 957 4185 1169 4261; x_wconf 85' lang='lat' dir='ltr'>defunctum</span> <span class='ocrx_word' id='word_1_220' title='bbox 1195 4182 1398 4283; x_wconf 86' lang='lat' dir='ltr'>pontificem</span> <span class='ocrx_word' id='word_1_221' title='bbox 1422 4179 1517 4254; x_wconf 87' lang='lat' dir='ltr'>inter</span> 
     </span>
     <span class='ocr_line' id='line_1_31' title="bbox 293 4292 1518 4397; baseline -0.009 -21"><span class='ocrx_word' id='word_1_222' title='bbox 293 4303 458 4379; x_wconf 83' lang='lat' dir='ltr'>viventes</span> <span class='ocrx_word' id='word_1_223' title='bbox 474 4310 723 4388; x_wconf 89' lang='lat' dir='ltr'>annumerent,</span> <span class='ocrx_word' id='word_1_224' title='bbox 740 4299 912 4397; x_wconf 90' lang='lat' dir='ltr'>quamdiu</span> <span class='ocrx_word' id='word_1_225' title='bbox 935 4321 1120 4373; x_wconf 89' lang='lat' dir='ltr'>successor</span> <span class='ocrx_word' id='word_1_226' title='bbox 1142 4296 1243 4371; x_wconf 91' lang='lat' dir='ltr'>illius</span> <span class='ocrx_word' id='word_1_227' title='bbox 1268 4319 1352 4370; x_wconf 90' lang='lat' dir='ltr'>suas</span> <span class='ocrx_word' id='word_1_228' title='bbox 1377 4292 1518 4368; x_wconf 91' lang='lat' dir='ltr'>litteras</span> 
     </span>
     <span class='ocr_line' id='line_1_32' title="bbox 294 4413 679 4494; baseline -0.01 -2"><span class='ocrx_word' id='word_1_229' title='bbox 294 4414 474 4494; x_wconf 88' lang='lat' dir='ltr'>studuerit</span> <span class='ocrx_word' id='word_1_230' title='bbox 489 4413 679 4490; x_wconf 89' lang='lat' dir='ltr'>destinare.</span> 
     </span>
    </p>
   </div>
   <div class='ocr_carea' id='block_1_6' title="bbox 0 0 1814 5498">
    <p class='ocr_par' dir='ltr' id='par_1_6' title="bbox 0 0 1814 5498">
     <span class='ocr_line' id='line_1_33' title="bbox 0 0 1814 5498; baseline 0 0"><span class='ocrx_word' id='word_1_231' title='bbox 0 0 1814 5498; x_wconf 95' lang='lat' dir='ltr'> </span> 
     </span>
    </p>
   </div>
  </div>
 </body>
</html>
