3608 5498
798 407 840 421 -
864 375 930 437 374
954 407 996 421 -

286 517 331 568 ue
349 492 478 591 psalmi
496 493 570 568 CII.
588 495 627 567 Si
645 493 725 591 quis
742 493 861 568 iustus
878 494 1006 594 estqui
1025 494 1158 569 iniuste
1176 494 1413 585 maledicitur,
1424 507 1462 571 et
1473 497 1504 569 si

286 605 418 680 iniuste
438 605 674 693 maledicitur,
692 607 877 703 praemium
895 606 949 680 illi
965 606 1134 681 redditur.
1147 607 1351 704 Hysidorus
1363 608 1401 681 in
1415 607 1505 683 libro
1629 597 1633 603 ’

286 719 329 793 de
346 718 600 792 summobono.
618 718 687 805 Qui
705 730 809 793 nocet
825 719 877 794 ait
895 719 1085 818 Apostolus
1102 719 1248 819 recipiet
1272 719 1310 794 id
1332 721 1424 817 qaod
1447 741 1508 796 no·

288 830 377 907 cuit.
393 834 474 906 Non
491 831 606 906 solum
624 831 720 904 enim
738 833 954 908 credendum
971 842 1027 908 est
1042 832 1075 907 ei
1092 834 1154 931 qui
1172 833 1305 909 iniuste
1327 834 1509 909 maledici·

287 958 358 1037 tur,
371 944 486 1022 nichil
499 946 643 1021 omnino
656 948 688 1022 ei
702 946 801 1021 illam
817 946 1102 1022 maledictionem
1120 946 1251 1037 obesse,
1266 973 1392 1023 verum
1410 948 1509 1023 insu-

288 1085 350 1161 per
366 1059 564 1135 credendus
576 1068 632 1133 est
644 1058 856 1136 maledictus
870 1061 1014 1149 iniuste,
1030 1085 1094 1156 per
1110 1059 1145 1134 id
1162 1059 1298 1158 praemii
1311 1061 1511 1137 incremen-

288 1189 327 1248 ta
344 1172 535 1269 suscipere.
548 1171 723 1247 Salomon.
737 1173 840 1248 Sicut
854 1175 933 1248 avis
950 1174 987 1247 in
1001 1173 1221 1249 contrarium
1235 1174 1372 1263 volans,
1384 1184 1420 1249 et
1432 1199 1511 1272 pas-

289 1312 347 1362 ser
371 1287 529 1385 quolibet
554 1287 697 1374 vadens,
718 1287 770 1361 sic
796 1287 1026 1364 maledictum
1045 1288 1179 1361 frustra
1196 1288 1385 1385 prolatum,
1401 1314 1511 1387 super

290 1424 373 1474 eum
387 1400 450 1497 qui
463 1402 563 1476 misit
576 1400 680 1473 illum
694 1399 846 1474 eveniet.
860 1402 1057 1497 Gregorius
1070 1401 1108 1474 in
1121 1403 1186 1476 XL
1197 1401 1334 1476 omelia.
1348 1402 1513 1478 Plerum-

291 1537 359 1611 que
373 1513 528 1609 contigit
541 1524 584 1588 ut
599 1511 660 1587 hic
676 1511 801 1585 iudicii
818 1513 935 1588 locum
952 1524 1082 1603 teneat,
1095 1515 1155 1589 cui
1167 1515 1211 1588 ad
1224 1514 1340 1588 locum
1355 1515 1431 1590 vita
1446 1515 1512 1588 mi-

290 1627 387 1702 nime
404 1626 602 1701 concordat.
620 1631 674 1700 Ac
691 1649 773 1723 sepe
790 1625 914 1721 agitur
939 1638 981 1702 ut
998 1627 1056 1702 vel
1074 1627 1219 1702 damnet
1239 1627 1433 1715 inmeritos,
1450 1620 1512 1703 vel

290 1738 378 1813 alios
395 1738 471 1837 ipse
488 1737 625 1834 ligatus
642 1738 766 1813 solvat.
781 1741 869 1836 Sepe
883 1739 920 1814 in
935 1740 1113 1815 solvendis
1126 1765 1169 1815 ac
1181 1740 1340 1836 ligandis
1357 1741 1513 1816 subditis

291 1876 365 1925 suae
383 1850 580 1925 voluntatis
597 1858 724 1938 motus
745 1873 814 1924 non
839 1860 961 1927 autem
982 1878 1172 1928 causarum
1196 1852 1321 1927 merita
1338 1854 1513 1951 sequitur.

292 1963 396 2040 Unde
414 1964 465 2053 fit,
479 1972 520 2037 ut
536 1987 617 2061 sepe
634 1987 677 2038 ac
694 1962 833 2059 ligandi
850 1972 887 2038 et
899 1965 1060 2041 solvendi
1072 1975 1243 2065 potestate
1256 1991 1293 2041 se
1307 1967 1435 2066 privet,
1448 1967 1514 2064 qui

291 2076 360 2152 hac
385 2101 446 2175 pro
471 2077 547 2151 suis
570 2077 827 2166 voluntatibus,
850 2085 887 2151 et
907 2102 977 2154 non
1002 2102 1064 2178 pro
1089 2079 1329 2155 subiectorum
1354 2080 1514 2154 moribus

292 2200 443 2267 exercet.
461 2193 551 2288 Sepe
568 2190 610 2265 fit
625 2199 667 2264 ut
683 2213 772 2286 erga
789 2194 986 2287 quemlibet
1003 2192 1202 2291 proximum
1219 2193 1296 2268 odio
1312 2192 1372 2269 vel
1392 2193 1515 2289 gratia

292 2313 480 2379 moveatur
499 2314 626 2402 pastor.
643 2304 806 2378 Iudicare
823 2315 944 2379 autem
962 2305 1071 2402 digne
1088 2306 1131 2380 de
1147 2305 1300 2379 subditis
1316 2315 1514 2404 nequeunt,

292 2416 354 2515 qui
380 2417 418 2490 in
444 2416 670 2491 subditorum
695 2416 815 2491 causis
839 2442 905 2491 sua
929 2419 989 2494 vel
1005 2419 1083 2493 odia
1108 2419 1167 2492 vel
1188 2419 1307 2514 gratia
1331 2429 1516 2494 secuntur.

295 2530 399 2606 Unde
417 2540 512 2605 recte
530 2555 592 2628 per
610 2530 816 2628 prophetam
833 2530 977 2608 dicitur.
994 2532 1263 2608 Mortificabunt
1278 2532 1417 2607 animas
1434 2557 1516 2630 quaa

296 2666 367 2718 non
385 2643 599 2731 moriuntur,
616 2652 653 2717 et
668 2642 907 2718 vivificabunt
923 2646 1062 2720 animas
1078 2670 1157 2745 qnae
1174 2670 1244 2720 non
1269 2646 1409 2721 vivunt.
1433 2649 1517 2721 Non

297 2759 507 2830 morientem
525 2755 654 2854 quippe
672 2755 873 2844 mortificat,
890 2757 952 2853 qui
969 2758 1104 2834 iustum
1123 2759 1302 2856 dampnat,
1319 2771 1356 2834 et
1375 2782 1445 2834 non
1462 2760 1517 2832 vi·

296 2882 441 2947 cturum
458 2869 646 2946 vivificare
662 2869 804 2958 nititur,
820 2869 882 2967 qui
901 2896 1001 2946 reum
1019 2898 1040 2946 a
1058 2873 1231 2970 supplicio
1256 2872 1392 2949 solvere
1413 2895 1518 2947 cona-

296 2995 366 3060 tur.
384 2986 500 3061 Causa
518 3008 605 3080 ergo
623 2984 811 3082 pensandae
828 2993 924 3073 sunt,
948 2995 985 3061 et
1009 2996 1097 3061 tunc
1123 2986 1261 3082 ligandi
1287 3012 1331 3061 ac
1355 2987 1517 3061 solvendi

297 3108 451 3199 potestas
468 3098 673 3173 exercenda.
692 3098 894 3172 Videndum
913 3121 992 3194 quae
1008 3096 1126 3196 culpa,
1138 3108 1174 3174 et
1187 3123 1266 3196 quae
1284 3099 1331 3173 sit
1348 3099 1518 3196 paeniten-

297 3211 348 3286 tia
365 3220 488 3286 secuta
508 3221 586 3309 post
603 3210 755 3309 culpam.
769 3213 818 3285 Ut
831 3232 918 3307 quos
931 3212 1152 3309 omnipotens
1164 3214 1260 3288 Deus
1274 3237 1336 3309 per
1349 3236 1517 3308 compun-

299 3324 428 3400 ctionis
444 3326 601 3421 gratiam
620 3325 755 3413 visitat,
773 3325 852 3398 illos
869 3325 1020 3420 pastoris
1036 3324 1215 3400 sententia
1231 3325 1402 3398 absolvat.
1413 3326 1518 3400 Tunc

297 3439 393 3513 enim
411 3464 497 3513 vcra
513 3449 568 3514 est
584 3438 758 3513 absolutio
776 3438 999 3536 praesidentis
1016 3438 1076 3514 cui
1093 3438 1226 3513 interni
1249 3437 1437 3513 arbitrium
1463 3463 1519 3513 se·

298 3552 420 3651 quitur
438 3552 578 3628 iudicia.
597 3552 702 3627 Prius
719 3554 815 3627 enirn
833 3551 1007 3625 Dominus
1025 3560 1204 3624 mortuum
1218 3551 1361 3624 vocavit
1374 3559 1410 3625 et
1426 3551 1520 3624 vivi·

297 3665 420 3741 ficavit
436 3666 568 3741 dicens.
585 3668 717 3740 Lazaro
735 3667 818 3740 veni
836 3665 941 3754 foras
959 3675 994 3739 et
1011 3664 1232 3763 postmodum
1253 3662 1310 3736 his
1327 3688 1348 3736 a
1365 3664 1519 3761 discipu·

297 3781 343 3855 lis
359 3792 414 3856 est
432 3781 580 3855 solutus.
597 3784 645 3856 Et
661 3789 738 3877 post
756 3805 880 3877 pauca.
898 3782 955 3853 Ex
979 3801 1048 3875 qua
1074 3776 1353 3852 consideratione
1376 3777 1518 3851 intuen-

299 3895 383 3968 dum
401 3904 466 3982 ost,
483 3895 576 3991 quod
593 3893 673 3968 illos
691 3916 755 3967 nos
772 3892 943 3968 debemus
959 3915 1022 3989 per
1039 3889 1251 3991 pastoralem
1269 3891 1521 3966 auctoritatem

298 4007 448 4093 solvere,
465 4031 552 4105 quos
569 4018 750 4083 auctorem
765 4018 929 4081 nostrum
943 4004 1192 4100 cognoscimus
1210 4029 1271 4103 per
1284 4005 1523 4079 suscitantem

298 4121 456 4218 gratiam
469 4116 664 4197 vivificare.
678 4124 724 4195 Et
737 4121 840 4194 infra.
854 4120 989 4194 Veniat
1004 4120 1126 4216 itaque
1140 4119 1233 4193 foras
1247 4128 1420 4207 mortuus
1429 4117 1523 4193 idest

301 4234 444 4331 culpam
474 4234 690 4309 confiteatur
715 4240 887 4331 peccator.
917 4233 1127 4307 Venientem
1155 4256 1239 4308 vero
1264 4233 1357 4306 foras
1381 4233 1527 4307 solvant

295 4345 474 4444 discipuli,
499 4357 539 4421 ut
570 4356 727 4444 pastores
752 4345 922 4421 aecclesiae
950 4344 982 4419 ei
1017 4367 1153 4441 paenam
1183 4344 1333 4420 debeant
1358 4366 1526 4421 amovere

300 4484 408 4558 quam
426 4459 569 4549 meruit,
584 4459 646 4558 qui
663 4483 733 4535 non
750 4458 895 4535 erubuit
911 4459 1072 4536 confiteri
1092 4458 1184 4557 qnod
1202 4458 1299 4534 iecit.
1316 4460 1403 4533 Haec
1415 4457 1458 4534 de
1471 4482 1527 4533 so·
