3608 5498
809 398 1005 462 -1to-

295 524 391 599 tione
408 529 615 596 sanctorum
634 523 796 610 Pati-um,
811 519 880 594 sibi
893 519 1032 616 eligant
1044 519 1265 595 Pontificem.
1277 518 1377 608 Quod
1390 519 1421 592 si
1435 518 1518 617 quis

293 648 419 713 contra
436 635 531 710 hane
548 643 707 710 nostram
721 633 1012 711 constitutionem
1024 634 1143 711 faeere
1155 630 1432 733 praesumpserit,
1445 632 1515 708 exi-

294 749 343 826 lio
360 751 533 826 tradatur.

827 941 984 1026 ooxlv.

756 1152 866 1207 Eiusd.
886 1164 958 1218 eap.
978 1153 1051 1206 1111.

387 1315 565 1391 Volumus
582 1315 692 1392 etiam
708 1324 750 1391 ut
768 1315 868 1391 missi
886 1315 1153 1392 constituantur
1169 1340 1191 1388 a
1208 1317 1344 1390 Domno
1368 1319 1515 1413 Aposto

292 1428 361 1505 lieo
373 1439 409 1505 et
421 1455 442 1502 a
455 1429 567 1521 nobis,
580 1429 641 1529 qui
655 1428 844 1504 annuatim
858 1426 959 1504 nobis
973 1426 1192 1518 renuntient,
1205 1426 1361 1526 qualiter
1373 1427 1514 1524 singuli

291 1543 401 1619 duces
416 1554 453 1619 et
469 1543 606 1621 iudices
622 1543 800 1619 iustitiam
817 1543 945 1643 populo
968 1541 1115 1632 faciant,
1139 1541 1189 1617 et'
1200 1540 1370 1640 quomodo
1391 1551 1513 1616 nostra

290 1656 498 1732 constitutio
512 1667 685 1732 servetur.
695 1656 931 1733 Deeernimus
944 1656 1075 1754 itaque,
1085 1665 1127 1730 ut
1136 1657 1291 1754 primum
1305 1678 1429 1731 omnes
1442 1655 1515 1731 ela-

291 1792 406 1846 mores
422 1771 484 1869 qui
502 1769 736 1868 neglegentia
751 1769 896 1859 dueum,
918 1780 983 1845 aut
1007 1770 1181 1846 iudicium
1198 1767 1346 1860 fuerint,
1362 1768 1407 1843 ad
1424 1767 1515 1844 noti-

291 1882 379 1957 tiam
396 1884 525 1958 Domni
545 1884 739 1981 Apostoliei
757 1884 969 1974 referantur,
986 1883 1167 1958 utstatim
1185 1891 1249 1957 aut
1267 1881 1341 1979 ipse
1354 1904 1417 1979 per
1429 1902 1513 1955 suos

289 1995 435 2072 nuntios
452 1997 634 2072 emendari
651 1997 773 2087 faeiat,
790 2006 854 2072 aut
872 1995 972 2071 nobis
984 1995 1155 2087 notificet,
1168 2005 1210 2070 ut
1221 1994 1402 2092 legatione
1419 2017 1514 2069 ano

290 2107 345 2184 bis
362 2109 497 2186 directa
515 2110 759 2186 emendentur.

813 2303 987 2389 ooxlvl.

767 2506 879 2562 Elusd.
900 2521 972 2575 cap.
992 2509 1032 2563 V.

386 2676 563 2752 Volumus
574 2676 685 2753 etiam
701 2688 743 2755 ut
754 2678 871 2754 omnis
883 2682 1038 2755 Senatus
1051 2688 1086 2755 et
1100 2677 1251 2777 populus
1264 2680 1446 2751 Romanus
1458 2673 1512 2749 in·

289 2801 494 2887 terrogetur
510 2792 607 2890 quali
625 2791 706 2868 vult
722 2794 804 2891 lege
822 2793 945 2869 vivere
962 2803 1005 2868 ut
1021 2793 1087 2868 sub
1105 2816 1147 2867 ea
1172 2792 1285 2880 vivat,
1308 2789 1431 2887 eisque
1453 2788 1512 2863 de·

288 2905 488 2997 nuntietur,
508 2906 599 3004 quod
617 2907 847 3004 proculdubio
864 2907 895 2983 si
912 2907 1123 2983 offenderint
1140 2916 1262 2982 eontra
1279 2903 1451 2993 eamdem,
1463 2903 1512 2979 ei·

292 3019 370 3094 dem
388 3018 464 3115 legi
482 3043 587 3117 quam
608 3020 879 3118 profitebuntur,
896 3030 932 3097 et
949 3019 1177 3119 dispositione
1193 3017 1312 3094 domni
1327 3015 1512 3091 Pontifieis

288 3143 325 3208 et
341 3143 462 3209 nostra
480 3134 678 3211 omnimode
695 3133 940 3211 subiacebunt.

803 3328 997 3414 ooxlvfl.

753 3531 864 3586 Eiusd.
884 3544 957 3598 esp.
978 3535 1032 3586 VI.

381 3703 432 3776 De
451 3700 555 3777 rebus
571 3709 692 3777 autem
710 3703 945 3780 ecelesiarum
965 3705 1097 3781 iniuste
1116 3704 1265 3783 retentis
1277 3701 1345 3776 snb
1356 3697 1510 3777 occasio

286 3840 331 3892 ne
348 3816 451 3915 quasi
468 3817 615 3893 lieentia
632 3827 758 3917 acepta
774 3845 795 3892 a
815 3820 998 3910 Pontifiee‚
1016 3819 1182 3895 volumus
1199 3828 1241 3894 ut
1256 3843 1277 3890 a
1293 3814 1426 3912 legatis
1449 3835 1511 3888 no-

286 3929 372 4005 stris
389 3930 428 4004 in
445 3941 654 4029 potestatem
672 3931 791 4006 domni
811 3932 1006 4024 Pontifieis
1024 3932 1114 4010 etin
1136 3932 1194 4009 ins
1206 3936 1374 4008 Romanae
1387 3925 1510 4005 Eoela

285 4042 347 4118 siae
362 4042 518 4120 celerius
536 4044 758 4141 redigantur.
