3608 5498
662 386 792 453 -247
816 422 858 438 -

154 534 235 583 rum
265 518 302 583 et
331 509 599 606 peregrinorum
629 508 925 585 sustentationem
955 535 1033 587 esso
1066 505 1374 591 decernimusque

152 620 256 720 paulo
273 620 540 719 post.Quisquis
556 629 677 696 autom
694 621 901 719 apparuerit
916 632 996 722 post
1011 623 1109 718 hauc⁴
1123 622 1372 704 diffinitionem

152 743 309 810 nostram
327 735 547 809 contrarium
564 733 650 832 quid
674 733 762 810 huic
785 746 921 813 sanotae
945 761 989 813 ao
1014 735 1212 815 universali
1230 737 1373 840 Synodo

152 874 271 947 agere,
285 850 481 948 deponatur
496 860 539 925 ut
555 851 807 948 praevaricater
824 849 1030 925 divinarum
1047 850 1172 948 legum
1189 860 1227 929 et
1243 873 1372 952 prece

152 974 304 1062 ptorum.
322 963 470 1039 Cessota
494 963 663 1039 videlicet
686 963 830 1040 omnino
859 962 1059 1061 quaefacta
1084 974 1138 1039 est
1163 963 1201 1038 in
1226 964 1371 1065 scriptis

153 1077 211 1152 vol
228 1076 305 1152 sino
321 1076 465 1175 scriptis
481 1077 527 1152 ab
543 1077 704 1178 episcopo
718 1077 933 1167 venditione,
942 1076 1001 1153 vel
1014 1077 1285 1178 emphyteutica
1302 1090 1372 1155 tra-

152 1189 295 1279 ditione,
311 1200 375 1264 aut
391 1190 462 1265 alio
479 1191 608 1290 quavis
623 1191 837 1268 alienatione
854 1191 1097 1290 cymiliorum,
1110 1192 1250 1269 scillcet
1266 1203 1303 1269 et
1319 1221 1373 1269 sa·

153 1302 325 1377 lariorum
347 1302 516 1379 locorum.
534 1304 606 1393 Qui
619 1329 703 1381 vero
720 1306 859 1396 emerit,
876 1316 941 1382 aut
956 1306 1156 1406 perceperit
1170 1306 1308 1406 aliquid
1324 1333 1371 1383 ex

154 1415 334 1516 praediotis
351 1416 512 1516 cymiliis
524 1417 583 1493 vel
600 1418 754 1510 salariis
770 1430 806 1495 et
818 1442 890 1494 non
904 1418 1103 1496 restituerit
1120 1420 1291 1497 aeoclesiae
1308 1421 1372 1498 ite·

154 1558 233 1605 rum
252 1555 331 1630 quae
348 1531 519 1607 aecclesie
535 1540 632 1623 sunt,
652 1532 712 1607 vel
729 1555 799 1608 non
818 1534 1010 1610 reddiderit
1037 1534 1083 1609 ad
1107 1534 1370 1611 incendendum

153 1654 290 1721 cartam
304 1645 529 1736 venditionis,
537 1645 596 1721 vol
605 1646 878 1746 emphyteuseos
890 1648 938 1722 sit
949 1647 1153 1738 anathema,
1162 1673 1275 1746 usque
1285 1649 1371 1724 dum

151 1760 277 1836 fecerit
294 1760 386 1858 quod
403 1760 448 1834 ab
463 1759 533 1836 hoc
549 1771 675 1837 sancta
692 1772 730 1837 et
745 1762 943 1838 universali
966 1762 1102 1861 synodo
1118 1762 1371 1838 confirmatum

151 1884 214 1951 ost.
232 1874 271 1949 Si
295 1884 415 1950 autem
433 1875 618 1974 opiscopus
634 1876 822 1952 convictus
848 1875 958 1951 fuerit
981 1877 1223 1953 construxisse
1251 1900 1370 1952 mona·

152 1989 304 2065 sterium
321 1990 364 2066 de
380 1989 641 2067 ecclesiasticis
666 1990 873 2082 redditibus,
889 1990 1053 2066 tradatur
1077 1991 1190 2067 eidem
1209 1988 1371 2068 ecclesiae

152 2106 270 2204 ipsum
289 2104 554 2180 monasterium.

683 2229 744 2314 XI·
761 2225 839 2326 (stc)

497 2411 546 2463 Ex
564 2408 681 2464 eedem
699 2407 732 2459 iu
750 2405 876 2460 actione
893 2404 1020 2460 eadem.

245 2565 388 2643 Placuit
402 2563 489 2642 huic
513 2573 647 2641 sanctae
662 2588 706 2639 ac
723 2584 866 2658 magnae
878 2560 1025 2660 synode,
1043 2569 1084 2637 ut
1100 2586 1168 2653 res,
1188 2543 1248 2638 vol
1262 2562 1372 2663 priri-

152 2679 249 2775 logia
258 2703 338 2778 quae
347 2678 412 2754 Dei
425 2677 596 2755 aecolesiis
605 2703 652 2754 ex
664 2677 772 2775 longa
781 2673 1038 2751 cousuetudine
1051 2675 1287 2773 pertinent,et
1295 2674 1371 2752 sivo

151 2791 277 2866 adivae
291 2790 542 2867 recordationis
559 2790 843 2890 imperatoribus,
856 2789 933 2863 sive
945 2788 990 2863 ab
1002 2788 1085 2863 aliis
1094 2787 1160 2864 Dei
1173 2787 1372 2865 cultoribus

151 2905 189 2980 in
207 2905 350 3004 scriptis
367 2904 506 2995 donata,
522 2915 559 2981 et
574 2905 619 2980 ab
636 2906 687 2981 eis
705 2928 767 3003 por
782 2925 896 2977 annos
907 2903 1017 2977 XXX
1029 2924 1190 3000 possesse
1206 2910 1373 2992 suntne-

153 3044 331 3119 quaquam
348 3045 370 3093 a
386 3027 559 3119 potestate
585 3017 780 3118 praesulum
809 3040 933 3091 earum
963 3039 1198 3114 quaecumque
1222 3039 1372 3115 persona

152 3131 337 3207 saecularis
357 3140 567 3230 potestatem
592 3129 790 3220 subtrahat,
807 3138 871 3203 aut
896 3152 957 3227 per
973 3139 1188 3225 argumenta
1205 3128 1372 3228 quelibet

151 3245 303 3335 auferat,
314 3246 377 3321 sed
389 3246 462 3321 sint
477 3245 597 3321 omnia
614 3246 652 3320 in
669 3252 841 3344 potestate
858 3267 901 3320 ao
918 3269 988 3318 usu
1005 3243 1170 3343 praesulis
1187 3243 1370 3336 aecclesiae,

153 3382 379 3459 quecumque
391 3359 487 3433 iutra
504 3361 614 3436 XXX
625 3384 801 3436 annorum
813 3358 968 3459 spatium
981 3357 1027 3432 ab
1039 3356 1200 3435 ecclesiis
1212 3379 1372 3457 possessa

154 3477 264 3551 fuisse
276 3485 483 3551 noscuntur.
493 3475 664 3574 Quisquis
676 3499 763 3571 ergo
777 3472 1005 3548 secularium
1022 3480 1145 3548 contra
1161 3482 1371 3571 praesentem

153 3589 400 3664 diffinitionem
419 3589 547 3687 egerit,
566 3599 750 3688 tamquam
768 3587 969 3684 sacrilegus
995 3584 1186 3677 iudicetur,
1202 3595 1239 3662 et
1261 3586 1372 3663 donec

154 3728 191 3778 se
205 3703 408 3794 eorrexerit,
420 3715 456 3780 ot
469 3703 639 3781 aecclesiae
652 3702 792 3804 propria
806 3700 1011 3801 privilegia,
1022 3725 1085 3776 seu
1096 3724 1154 3776 ros
1163 3698 1371 3792 restituerit,

154 3817 345 3894 anathema
362 3816 419 3893 sit.

722 3942 802 4027 ΧΠ.

499 4122 536 4173 1n
554 4120 671 4175 eodem
689 4132 731 4174 ox
749 4121 875 4174 actione
893 4117 1020 4174 eadem.

225 4279 453 4375 Oportotpost
462 4277 759 4352 triumannorum
768 4299 898 4351 census
907 4272 1140 4352 retentionem
1149 4272 1371 4351 accederoad

153 4391 356 4490 praepositos
364 4390 475 4482 urbis,
487 4391 545 4468 rel
562 4391 719 4489 regionis
732 4389 832 4464 illius
845 4398 881 4465 et
892 4411 1048 4486 arguere
1061 4387 1100 4461 in
1112 4396 1306 4485 conspectu
1318 4409 1372 4463 eo·

154 4529 234 4577 rum
249 4528 344 4594 eum,
354 4505 416 4603 qui
430 4504 685 4605 emphyteusin
696 4512 911 4581 mnsccutus
922 4512 977 4580 est
991 4502 1204 4602 etexhibere
1216 4511 1371 4580 oontem-
