3608 5498
801 403 1000 467 -435-

288 524 480 598 secundam
499 523 756 624 eorreptionem
774 524 906 614 devita,
923 525 1041 601 sciens
1058 525 1143 624 quia
1159 549 1350 626 perversus
1366 533 1432 615 est,
1448 525 1513 599 hu-

290 636 442 711 iusmodi
459 648 494 712 et
507 648 641 735 peccat,
654 648 691 713 et
707 647 761 713 est
773 663 795 711 a
808 640 996 735 semetipso
1008 638 1208 714 damnatus.
1221 643 1268 713 Et
1280 639 1387 713 infra.
1400 638 1513 713 Nulla

290 775 373 825 cum
393 751 497 825 malis
514 752 681 826 convivia
697 753 756 827 vel
774 751 949 850 colloquia
969 752 1201 840 misceantur,
1225 752 1410 850 simusque
1437 762 1511 826 tam

289 865 334 940 ab
351 864 402 941 eis
419 867 585 965 separati,
602 891 709 965 quam
726 866 782 941 illi
800 876 886 940 sunt
902 865 946 941 de
963 865 1116 942 ecclesia
1134 865 1287 964 profugi.
1304 867 1398 953 Quia
1423 864 1513 941 scri·

292 989 392 1077 ptum
411 989 475 1054 est.
489 981 528 1054 Si
540 989 661 1056 autem
673 980 877 1070 ‚ecclesiam
891 979 1158 1078 contempserit,
1175 979 1223 1053 sit
1235 979 1300 1054 tibi
1314 979 1410 1054 sicut
1422 979 1513 1054 etni-

291 1116 356 1166 cus
369 1102 405 1167 et
418 1093 640 1191 publicanus.
654 1097 700 1169 Et
712 1093 838 1170 beatus
854 1092 1057 1188 Apostolus,
1070 1117 1140 1168 non
1157 1103 1440 1182 monettantum,
1450 1092 1512 1168 sed

289 1205 390 1280 iubet
405 1219 448 1281 ut
463 1232 485 1280 a
498 1205 630 1281 talibus
644 1206 839 1282 recedatur.
854 1207 1060 1307 Recipimns
1073 1207 1192 1305 inquit
1204 1207 1305 1282 vobis
1318 1208 1356 1281 in
1369 1207 1512 1282 nomine

292 1318 433 1394 Domini
444 1320 556 1394 nostri
565 1322 647 1395 Iesu
658 1318 794 1395 Christi
804 1330 846 1393 ut
855 1320 1029 1395 recedatis
1037 1319 1081 1394 ab
1090 1319 1255 1393 omnibus
1263 1320 1435 1395 fratribus
1444 1344 1517 1392 am-

292 1428 501 1506 bulantibus
517 1431 726 1520 inordinate,
743 1441 779 1506 et
796 1456 865 1507 non
878 1433 1076 1509 secundum
1090 1433 1317 1509 traditionem
1331 1459 1438 1532 quam
1455 1458 1514 1508 ac·

292 1555 465 1641 ceperunt
485 1570 507 1617 a
529 1545 639 1620 nobis.
655 1542 767 1620 Nulla
783 1545 937 1622 societas
954 1547 1036 1622 fidei
1058 1557 1095 1621 et
1119 1547 1264 1646 perfidie
1287 1556 1403 1648 potest
1426 1571 1514 1621 esse.

292 1657 385 1744 Quia
395 1658 525 1734 unitati
535 1669 572 1735 et
580 1659 658 1757 paci
668 1659 746 1735 eius
755 1659 926 1735 inimicus
938 1671 1003 1751 est,
1016 1661 1243 1736 adversarius
1256 1661 1391 1737 Christi
1401 1670 1465 1735 est.
1475 1660 1513 1734 Si

290 1795 374 1846 cnm
393 1774 557 1870 precibus
574 1786 611 1850 et
626 1774 932 1851 satisfactionibus
948 1774 1113 1862 veniunt,
1129 1774 1333 1848 audiantur.
1346 1773 1385 1846 Si
1405 1771 1513 1846 male·
1605 1821 1610 1832 ·

292 1884 388 1960 dicta
405 1897 441 1961 et
458 1888 573 1962 minas
590 1888 765 1985 ingerunt
782 1897 1005 1986 respuantur.
1020 1890 1108 1961 Item
1126 1886 1165 1960 in
1177 1886 1249 1961 alia
1261 1885 1409 1985 epistola
1422 1885 1514 1960 eius·

294 1999 374 2075 dem
392 2001 436 2075 ad
453 2003 617 2078 eumdem
636 2004 678 2079 de
695 2004 898 2102 episcopatu
916 2000 1003 2076 eius.
1021 1999 1201 2075 Gravitati
1219 2010 1348 2074 nostrae
1368 1996 1516 2095 negavi-

292 2139 374 2187 mus
390 2116 581 2192 convenire
600 2128 641 2192 ut
656 2117 786 2214 collegi
805 2114 916 2191 nostri
934 2117 1006 2188 iam
1024 2112 1149 2189 delecti
1167 2123 1203 2189 et
1219 2112 1374 2188 ordinati
1391 2124 1428 2187 et
1440 2111 1515 2186 lau·

291 2224 400 2299 dabili
418 2226 613 2301 multorum
626 2229 803 2303 sententia
815 2227 1042 2327 comprobati,
1056 2227 1227 2302 ventilari
1239 2227 1334 2301 ultra
1346 2228 1516 2301 honorem

293 2339 465 2415 maledica
482 2343 730 2417 aemulantium
749 2367 835 2418 voce
852 2354 1065 2443 pateremur.
1082 2341 1181 2417 Idem
1197 2342 1243 2416 ad
1256 2340 1514 2416 Antonianum.

291 2453 392 2539 Quod
409 2477 493 2529 vero
510 2455 672 2552 quaedam
690 2456 732 2531 de
749 2480 789 2531 eo
805 2454 993 2530 inhonesta
1006 2465 1043 2531 et
1057 2454 1217 2550 maligna
1230 2455 1421 2543 iactantur,
1436 2453 1516 2529 nolo

291 2567 444 2656 mireris
456 2594 540 2644 cum
558 2569 651 2644 scias
664 2594 804 2668 semper
821 2569 887 2645 hoc
900 2593 988 2669 opus
1001 2593 1077 2643 esse
1090 2567 1245 2667 dyaboli,
1259 2578 1301 2642 ut
1313 2591 1435 2643 servos
1448 2567 1515 2643 Dei

291 2681 475 2758 mendacio
490 2681 635 2771 laceret,
651 2693 687 2759 et
704 2683 930 2781 opinionibus
946 2681 1047 2756 falsis
1064 2681 1259 2777 gloriosum
1277 2705 1406 2757 nomen
1424 2680 1482 2756 inf
1501 2723 1515 2736 ·

292 2804 375 2882 met,
393 2804 503 2893 utque
520 2796 746 2871 conscientie
759 2823 834 2871 suae
847 2796 927 2872 luce
941 2795 1156 2884 clarescunt,
1168 2793 1297 2870 alienis
1310 2794 1513 2870 rumoribus

290 2908 523 2984 sordidentur.
540 2909 637 2984 Idem
652 2909 690 2983 in
704 2909 851 3008 epistola
867 2910 912 2984 ad
927 2909 1125 2983 Maximum
1140 2908 1401 3007 presbyterum.
1418 2910 1512 2981 Nam

292 3031 328 3096 et
349 3023 548 3097 sundentur
571 3023 702 3122 (siclin
728 3023 891 3099 ecclesia
907 3047 984 3098 esse
1001 3022 1153 3110 zizania,
1169 3045 1241 3096 non
1262 3030 1381 3096 tamen
1407 3022 1516 3119 impe

292 3132 359 3206 diri
376 3133 515 3224 debent,
531 3145 595 3208 aut
612 3136 711 3222 fides,
726 3146 791 3211 aut
811 3135 944 3211 caritas
956 3147 1101 3224 nostra,
1122 3146 1163 3210 ut
1181 3134 1347 3233 quoniam
1372 3133 1512 3208 zizania

291 3269 368 3320 esse
386 3246 423 3320 in
440 3245 592 3322 ecclesia
609 3247 803 3338 cernimus,
819 3249 888 3345 ipsi
906 3248 948 3325 de
974 3248 1137 3325 ecclesia
1161 3247 1379 3324 recedamus.
1403 3246 1516 3323 Nobis

292 3359 535 3435 tantummodo
552 3359 786 3437 laborandum
803 3372 869 3449 est,
888 3372 930 3437 ut
943 3362 1165 3437 frumentum
1180 3385 1257 3436 esse
1270 3361 1459 3458 possimus,
1474 3370 1517 3434 ut

291 3499 375 3549 cum
397 3474 530 3572 ceperit
547 3474 770 3549 frumentum
792 3473 962 3551 dominici
984 3474 1121 3549 horreis
1141 3475 1255 3564 credi,
1276 3475 1435 3550 fructum
1453 3496 1517 3572 pro

291 3611 395 3686 opere
411 3598 530 3662 nostro
547 3597 583 3662 et
599 3587 718 3662 labore
734 3587 928 3684 capiamus.
945 3587 1137 3687 Apostolus
1154 3588 1193 3663 in
1210 3587 1358 3686 epistola
1376 3614 1442 3662 sua
1465 3587 1516 3662 di·

293 3704 352 3777 cit.
366 3704 408 3775 ln
420 3702 521 3776 domo
537 3711 743 3777 autemnon
757 3702 872 3777 solum
884 3713 972 3778 sunt
985 3727 1071 3776 vasa
1085 3727 1194 3777 aurea
1208 3711 1245 3777 et
1256 3711 1441 3798 argentee,
1454 3702 1517 3778 sed

292 3827 328 3890 et
344 3815 467 3911 lignea
483 3825 519 3891 et
535 3815 672 3891 fictilia.
689 3819 736 3889 Et
752 3815 913 3913 quedam
926 3817 1069 3915 quidem
1083 3816 1265 3906 honorata,
1279 3817 1442 3914 quadam
1455 3843 1518 3891 au·

291 3936 363 4004 tem
380 3928 599 4003 inhonorata.
612 3931 685 4003 Nos
697 3951 838 4026 operam
851 3929 977 4005 demus
991 3939 1211 4028 etquantum
1225 3952 1414 4027 possumus
1426 3927 1518 4002 labo·

293 4066 424 4131 remus,
443 4052 484 4116 ut
500 4066 565 4116 vas
581 4063 730 4117 aureum
748 4041 807 4116 vel
824 4054 1038 4138 argenteum
1055 4043 1179 4119 umus.
1197 4044 1376 4120 Ceterum
1390 4043 1517 4119 fictilia

293 4182 379 4230 vasa
396 4155 624 4251 confringere
643 4155 791 4230 Domino
807 4155 872 4228 soli
887 4163 1098 4232 concessum
1116 4165 1182 4246 est,
1198 4155 1259 4231 cui
1273 4166 1309 4231 et
1325 4156 1432 4253 virga
1449 4157 1518 4231 fer-

292 4294 353 4344 rea
368 4269 450 4343 data
467 4278 532 4343 est.
552 4272 641 4344 Esse
661 4267 772 4342 maior
790 4291 859 4341 non
878 4277 992 4365 potest
1009 4266 1160 4341 Domino
1177 4291 1315 4341 servus.
1327 4270 1404 4342 Nec
1421 4268 1518 4364 quis-

292 4405 399 4479 quam
412 4381 479 4456 sibi
493 4381 586 4478 quod
601 4384 707 4455 Pater
720 4379 811 4454 Filio
825 4379 951 4454 tribuit
964 4379 1141 4468 vendicet,
1154 4390 1195 4454 ut
1207 4405 1246 4455 se
1255 4390 1357 4479 putet
1375 4391 1417 4454 ut
1433 4404 1518 4455 area

291 4495 536 4572 ventilandam
549 4506 587 4573 et
607 4494 845 4593 purgandam,
857 4493 1051 4592 palamiam
1065 4493 1145 4592 (sie)
1158 4494 1252 4569 ferre
1269 4518 1308 4570 se
1325 4515 1438 4591 posse,
1453 4502 1519 4566 aut
