3608 5498
808 417 849 432 -
873 386 939 449 466
964 419 1005 432 -

814 539 1002 623 ΟΧΧΧἯ.

782 715 840 766 Ex
869 715 1040 768 eodem.

395 850 488 922 Sane
505 846 792 923 Thesalonicensi
810 848 983 947 Episcopo
1000 848 1289 924 communicante
1313 848 1355 923 ob
1380 857 1529 924 metum

298 960 520 1058 imperatoris
537 959 718 1034 Anastasii
736 960 918 1036 Timotheo
936 960 1323 1058 Constantinopolitano
1344 960 1528 1057 episcopo,

297 1073 358 1170 qui
377 1072 568 1148 concilium
587 1072 848 1148 calcedonense
865 1071 1272 1161 anathematizaverunt,
1284 1074 1348 1146 XL
1361 1070 1527 1167 episcopi

296 1185 467 1283 Hyllirici
484 1196 520 1259 et
537 1186 674 1259 Greciae
698 1185 949 1260 convenientes
974 1184 1010 1256 iu
1032 1209 1158 1276 unum,
1179 1208 1241 1281 per
1262 1182 1525 1283 professionem

296 1299 333 1371 in
352 1298 495 1396 scriptis
512 1299 644 1372 factam
661 1308 702 1372 ut
719 1324 740 1370 a
758 1297 897 1395 proprio
916 1296 1185 1394 metropolitano
1202 1296 1454 1382 discesserunt,
1483 1306 1527 1369 et

295 1414 443 1484 Romam
460 1409 643 1484 mittentes
659 1413 817 1484 Romano
834 1409 1006 1506 Episcopo
1030 1409 1294 1484 communicare
1312 1408 1349 1481 in
1370 1407 1526 1504 scriptis

295 1520 442 1619 professi
464 1530 559 1596 sunt.
576 1524 622 1594 Et
638 1521 746 1620 paulo
756 1510 849 1618 post.
866 1522 957 1597 Cum
973 1521 1166 1597 Dioscurus
1179 1521 1297 1595 iunior
1310 1545 1438 1594 manus
1450 1520 1526 1593 im-

295 1635 502 1732 positionem
516 1635 722 1729 accepisset,
735 1644 961 1711 recesserunt
974 1631 1224 1707 multitudines
1237 1633 1451 1708 rusticorum
1465 1633 1526 1707 di·
1600 1643 1603 1648 ’

295 1756 425 1821 centes.
439 1746 532 1832 Quia
545 1745 615 1819 nisi
629 1745 826 1821 secundum
839 1746 931 1844 quod
945 1745 1128 1821 continent
1140 1766 1294 1819 canones
1306 1755 1524 1820 sauctorum

295 1859 544 1957 Apostolorum
562 1860 635 1947 fiat,
647 1882 718 1932 non
732 1859 924 1956 recipietur
937 1858 1143 1955 Episcopus.
1156 1857 1339 1954 Principes
1351 1858 1447 1932 enim
1464 1857 1525 1931 in·

293 1971 584 2047 thronizaverant
601 1996 694 2046 eum.
711 1975 802 2047 Item
821 1982 897 2069 post
913 1969 1044 2067 aliqua.
1062 1973 1168 2044 Sexto
1185 1969 1326 2067 imperii
1347 1970 1526 2044 Iustinia-

292 2107 348 2172 n0,
368 2086 541 2160 Iohannes
559 2089 655 2183 Papa
672 2085 877 2158 Binantinm
893 2083 1005 2169 venit,
1021 2093 1058 2156 et
1078 2082 1253 2156 invitatus
1270 2082 1315 2156 ab
1332 2083 1525 2180 Epyfanio

294 2198 502 2273 Patriarcha
519 2222 588 2271 non
606 2198 797 2286 consensit,
814 2219 926 2294 usque
944 2216 1013 2292 quo
1038 2194 1217 2292 Epyfanio
1242 2193 1448 2293 praesideret
1475 2207 1524 2270 ut

294 2320 373 2406 pote
391 2312 486 2406 Papa
504 2312 695 2383 Romanus.

801 2429 1006 2514 CXXXVII.

778 2606 824 2656 In
850 2604 1021 2657 eadem.

387 2764 513 2838 Mundi
542 2787 635 2839 anno
664 2748 719 2838 Vi
746 2765 916 2841 CCXVII
949 2764 1090 2837 Divinae
1123 2762 1384 2837 Incarnationis
1417 2787 1520 2839 anno

290 2877 492 2953 DCOXVII
508 2902 602 2951 anno
619 2879 759 2975 imperii
777 2879 903 2952 Leonis
922 2877 1043 2950 VIIII⁰
1062 2876 1258 2970 Gregorius
1271 2879 1322 2949 Ill
1336 2879 1431 2977 Papa
1446 2879 1519 2951 Ro

291 3014 404 3062 manae
421 3001 528 3085 preest
544 2990 739 3064 AEcclesiee.
757 2993 833 3076 Quo
849 2988 1019 3064 videlicet
1035 3012 1138 3076 anno,
1151 2988 1384 3085 cepitimpins
1403 2988 1520 3086 impe·

289 3111 384 3174 rator
401 3105 469 3176 Leo
485 3103 710 3201 depositionis
727 3112 852 3176 contra
865 3111 1010 3176 sanctas
1027 3102 1204 3195 imagines
1218 3102 1335 3177 facere
1350 3101 1518 3176 verbum.

290 3217 390 3302 Quod
407 3241 489 3291 cum
508 3216 689 3292 didicisset
708 3215 905 3312 Gregorius
922 3216 1017 3310 Papa
1031 3215 1223 3302 Romanus,
1239 3213 1373 3286 tributa
1387 3216 1519 3286 Roma-

287 3353 346 3401 nae
356 3328 456 3401 urbis
466 3327 656 3426 prohibuit,
665 3340 701 3404 et
710 3329 834 3416 Italiae,
843 3326 1001 3402 scribens
1014 3324 1058 3398 ad
1071 3327 1221 3400 Leonem
1235 3324 1519 3423 epistolamdog·

289 3438 468 3526 maticam,
485 3463 554 3513 non
571 3450 725 3538 oportum
744 3441 991 3538 imperatorem
1009 3435 1051 3510 de
1068 3435 1136 3511 fide
1153 3435 1269 3511 facere
1294 3436 1459 3525 verbum,
1477 3447 1518 3512 et

288 3550 446 3624 novitate
463 3551 598 3625 violare
623 3552 771 3649 antiqua
797 3552 964 3647 dogmata
981 3546 1154 3622 aecclesie
1178 3546 1467 3644 catholicaeque
1492 3574 1517 3622 a
1602 3618 1615 3641 ,

288 3660 424 3734 sanctis
441 3661 603 3758 patribus
619 3673 705 3737 sunt
722 3663 921 3761 praedicata.
934 3662 982 3734 Et
997 3658 1102 3732 iufra.
1118 3660 1161 3732 In
1177 3659 1306 3733 seniori
1327 3667 1446 3733 vestro
1473 3663 1517 3736 R

289 3773 486 3866 Gregorius
511 3774 777 3848 sacratissimus
793 3774 851 3847 vir
869 3771 1104 3870 Apostolicus,
1120 3782 1157 3846 et
1180 3773 1276 3847 Petri
1299 3771 1450 3847 verticis
1465 3779 1515 3848 A·

287 3883 500 3980 postolorum
514 3908 705 3973 consessor,
718 3886 825 3961 verbo
839 3895 875 3960 et
887 3893 971 3958 actu
981 3906 1184 3972 coruscans,
1194 3883 1345 3957 removit
1359 3885 1512 3959 Romam

281 4004 322 4067 ⁴et
338 3994 479 4088 Italiam
497 4019 634 4070 necnon
651 4006 687 4070 et
703 3997 821 4069 omnia
835 4005 908 4069 tarn
922 3995 973 4067 rei
991 3992 1153 4090 publicae,
1170 4017 1278 4092 quam
1292 3992 1515 4071 ecclesiasti·

286 4127 337 4177 cae
353 4105 433 4179 iura
450 4107 488 4179 in
506 4107 697 4204 Hesperiis,
718 4107 761 4181 ab
778 4106 975 4181 obedientia
992 4107 1119 4180 Leonis
1136 4115 1172 4181 et
1188 4106 1328 4205 imperii
1346 4105 1414 4179 sub
1431 4105 1514 4204 ipso

286 4219 482 4291 constituti.
500 4222 545 4291 Et
559 4218 762 4315 paulopost.
778 4222 871 4292 Sane
886 4218 1083 4314 Gregorius
1095 4219 1360 4293 sacratissimus
1373 4221 1511 4317 praesul

287 4329 466 4402 Romanus
483 4331 779 4426 quemadmodum
798 4329 959 4427 praedixi,
973 4331 1202 4406 Anestasium
1217 4333 1514 4433 Constantinopo-

286 4436 439 4511 litanum
459 4441 670 4537 Episcopum
689 4466 862 4516 unacum
881 4441 998 4518 libello
1015 4442 1156 4518 abiecit.
1172 4447 1322 4519 Leonem
1348 4467 1411 4541 per
1434 4447 1511 4543 epi·
