3608 5498
804 408 1000 473 -157-

291 552 441 606 numero
464 555 601 620 sumus,
626 539 762 605 utnon
787 530 1024 627 dedignemur
1049 528 1158 604 etiam
1183 529 1285 604 nohis
1309 530 1445 606 dictum
1468 532 1514 607 ab

292 642 458 741 Apostolo
474 644 646 743 accipere.
664 643 702 717 Si
720 643 806 741 quid
822 643 929 719 aliter
942 643 1078 741 sapitis,
1095 644 1131 719 id
1149 668 1287 743 quoque
1302 643 1402 718 vobis
1418 647 1513 720 Deus

291 757 479 832 revelavit.
1137 777 1141 787 ·

821 899 983 1026 oorxv.

378 1075 471 1130 Idem
488 1077 521 1128 tn
538 1075 621 1129 libro
642 1076 683 1129 de
702 1075 832 1130 civitate
849 1077 908 1129 Dei
927 1077 1039 1130 contra
1057 1077 1215 1130 Iulianum
1233 1077 1422 1132 hereticum.

386 1214 477 1286 Puto
494 1211 561 1287 tibi
584 1237 663 1288 eam
682 1222 818 1311 partem
843 1212 937 1287 orbis
953 1213 1120 1288 sufficere
1142 1213 1279 1296 debere,
1297 1214 1335 1287 in
1353 1238 1424 1311 qua
1441 1217 1512 1313 pri-

290 1350 389 1399 mum
408 1325 656 1424 Apostolorum
669 1349 815 1400 suorum
828 1324 944 1401 voluit
956 1327 1132 1403 Dominus
1144 1327 1402 1424 gloriosissimo
1419 1356 1512 1404 mar-

288 1438 387 1537 tyrio
404 1462 584 1529 coronare,
601 1440 706 1515 cuius
722 1439 894 1515 Ecclesiae
915 1440 1163 1538 praesidentem
1181 1441 1324 1516 beatum
1342 1444 1512 1519 Innocen-

291 1551 382 1626 tium
400 1553 432 1627 si
448 1553 573 1629 audire
590 1551 775 1643 voluisses,
792 1553 863 1626 iam
881 1561 970 1627 tunc
986 1553 1146 1650 periculo
1163 1555 1390 1630 iuventutem
1408 1566 1509 1631 tuam

290 1665 490 1764 pelagianis
507 1665 645 1764 laqueis
661 1665 830 1741 exuisses.
847 1664 940 1753 Quid
957 1666 1052 1741 enim
1072 1668 1186 1765 potuit
1202 1668 1263 1744 ille
1289 1669 1346 1743 vir
1363 1679 1511 1746 sanctus

290 1779 485 1855 Africanus
499 1778 706 1876 respondere
718 1779 892 1868 conciliis,
905 1779 976 1853 nisi
989 1781 1081 1878 quod
1097 1781 1300 1880 antiquitus
1318 1784 1511 1881 apostolica

290 1893 398 1968 Sedes
415 1903 451 1968 et
464 1895 621 1968 Romana
634 1918 717 1969 cum
731 1893 860 1968 ceteris
872 1902 972 1969 tenet
984 1908 1252 1993 perseveranter
1268 1898 1449 1974 ecclesia?
1464 1903 1511 1974 Et

289 2018 410 2084 tamen
427 2030 668 2084 successorem
682 2007 760 2083 eius
777 2005 869 2104 quod
881 2008 1017 2082 nemini
1030 2008 1116 2086 licet
1133 2010 1283 2086 crimine
1298 2012 1509 2109 pravarica-

292 2121 399 2197 tionis
415 2133 563 2199 accusat
579 2122 664 2220 qnia
681 2121 718 2195 in
741 2121 823 2196 sede
840 2120 1052 2219 Apostolicae
1076 2124 1246 2199 doctrinae
1262 2135 1328 2214 est,
1345 2126 1437 2223 quod
1454 2126 1511 2201 de·

288 2234 438 2309 cessoris
462 2233 649 2310 sententiaa
665 2232 781 2307 noluit
798 2232 984 2329 refragari.
1003 2236 1072 2311 Sed
1088 2237 1130 2311 de
1150 2236 1219 2313 hoc
1235 2237 1380 2314 interim
1398 2248 1510 2329 taceo,

291 2372 335 2422 ne
348 2347 511 2421 animum
525 2357 629 2422 tuum
644 2372 749 2445 quem
764 2371 891 2421 sanare
904 2349 1021 2448 potius
1034 2351 1137 2448 cupio
1150 2375 1257 2448 quam
1276 2351 1423 2442 irritari,
1435 2351 1512 2426 leu-

289 2461 395 2537 dibus
412 2463 485 2537 tuis
501 2462 720 2536 damnatoris
736 2460 950 2536 exulcerem.
964 2465 1095 2541 Sancto
1107 2466 1315 2541 Innocentio
1332 2465 1413 2541 vide
1426 2466 1513 2564 quid

289 2575 509 2672 respondeas,
518 2575 578 2673 qui
590 2573 703 2650 nichil
715 2573 814 2648 aliud
827 2574 869 2649 de
883 2574 950 2652 hac
964 2603 1001 2652 re
1015 2579 1108 2676 sapit
1121 2604 1227 2678 qnam
1243 2604 1312 2678 quo
1325 2580 1408 2655 disti
1423 2578 1511 2678 (sic),

288 2688 496 2788 inquorum
517 2698 552 2764 te
574 2697 791 2765 conventum
805 2689 836 2762 si
857 2699 978 2765 tamen
1001 2692 1143 2789 prodest
1164 2691 1301 2792 aliquid
1322 2692 1512 2768 introduxi.

289 2803 381 2878 Cum
394 2803 450 2877 his
462 2803 570 2878 etiam
585 2803 659 2901 ipse
677 2803 842 2893 considit,
854 2813 891 2878 et
904 2804 935 2876 si
953 2805 1124 2901 posterior
1136 2815 1305 2906 tempore,
1318 2808 1413 2904 prior
1426 2805 1511 2882 loce.

293 2916 486 2991 Demiseris
499 2915 691 3015 parvulum
705 2916 750 2991 ab
763 2916 932 3013 originali
947 2917 1040 2993 malo
1052 2919 1144 3017 quod
1156 2919 1314 2993 trahitur
1327 2944 1370 2994 ex
1384 2919 1511 3010 Adam,

288 3055 350 3128 per
367 3030 502 3106 Christi
519 3031 678 3126 gratiam
696 3030 900 3120 liberandis,
919 3056 1029 3105 unam
1047 3057 1130 3108 cum
1149 3031 1202 3106 eis
1219 3040 1318 3107 tenet
1336 3032 1512 3108 Christia-

290 3169 374 3218 nam
386 3169 581 3243 veramque
595 3145 811 3220 sententiam
824 3169 895 3243 qua
908 3169 1012 3220 omne
1025 3145 1162 3243 peccati
1174 3145 1308 3219 vitium
1322 3145 1430 3244 primi
1443 3145 1511 3220 soi·

291 3256 377 3333 licet
391 3257 559 3347 hominis,
583 3259 645 3357 qui
669 3257 780 3334 libero
805 3258 952 3333 arbitrio
977 3259 1091 3334 estin
1118 3260 1292 3357 profunda
1316 3262 1510 3336 demersus.

289 3370 474 3447 Christum
491 3372 581 3447 dixit
606 3373 662 3446 sui
681 3372 828 3450 lavacro
845 3397 1019 3471 purgasse
1042 3372 1279 3470 baptismatis.
1297 3374 1397 3462 Quod
1414 3373 1511 3448 deni·

289 3509 357 3583 que
370 3485 538 3584 parvulos
557 3485 737 3574 diffinivit,
754 3485 825 3559 nisi
843 3486 1142 3561 manducaverint
1159 3512 1304 3563 carnem
1322 3487 1387 3561 filii
1402 3487 1511 3563 homi-

287 3598 356 3689 nis,
368 3599 479 3674 vitam
498 3624 642 3698 prorsus
658 3597 788 3675 habere
805 3623 876 3674 non
893 3622 1005 3696 posse,
1017 3597 1103 3673 huic
1122 3599 1302 3697 responde,
1319 3597 1428 3672 immo
1441 3597 1509 3696 ipsi

288 3713 447 3800 Domine,
471 3713 578 3789 euius
595 3712 656 3787 ille
676 3712 839 3788 Antistes
860 3737 949 3786 usus
969 3720 1024 3786 est
1044 3711 1257 3800 testimonio,
1278 3721 1314 3786 et
1334 3711 1392 3787 dio
1416 3710 1509 3785 unde

288 3825 409 3922 imago
425 3825 489 3900 Dei
507 3835 580 3900 tam
599 3824 743 3923 capitali
762 3824 936 3925 supplicio
953 3823 1125 3921 puniatur
1143 3832 1184 3897 ut
1196 3823 1273 3897 vita
1290 3822 1464 3922 privetur,
1478 3821 1508 3895 si

289 3949 474 4037 peccatum
491 3938 757 4039 enascentibus
769 3935 939 4035 originali
953 3960 1024 4010 non
1037 3935 1203 4010 trahitur.
1222 3935 1291 4009 Sed
1309 3935 1395 4033 quid
1412 3934 1511 4009 dicas

289 4062 354 4126 aut
369 4053 456 4152 quid
474 4053 712 4152 respondeas?
729 4053 830 4139 Quod
850 4049 1009 4126 etiamsi
1029 4048 1174 4124 beatum
1194 4047 1320 4122 audias
1340 4051 1511 4122 Innocen-

288 4165 471 4255 tium,n0n
481 4166 627 4242 audebis
640 4165 826 4242 Christum
841 4165 958 4241 dicere
969 4163 1313 4239 Manicheumrrton
1325 4185 1412 4258 ergo
1424 4187 1510 4237 cum

289 4301 457 4377 provoces
478 4279 522 4353 ad
540 4279 697 4354 Orientis
713 4277 906 4366 antistites,
923 4275 1007 4374 quia
1024 4286 1059 4350 et
1076 4275 1143 4373 ipsi
1166 4275 1290 4373 utique
1311 4272 1509 4349 Christiani

288 4400 385 4481 sunt,
401 4401 437 4467 et
455 4391 642 4490 utriusque
660 4391 772 4490 partis
785 4400 966 4465 terrarum
985 4389 1071 4463 fides
1089 4389 1167 4463 ista.
1180 4391 1338 4462 Romana
1358 4387 1507 4476 scilicet,

289 4503 362 4578 sola
380 4515 417 4580 et
433 4530 506 4579 una
525 4513 591 4596 est,
607 4504 690 4603 quia
708 4504 795 4579 fides
811 4501 880 4578 iste
897 4512 933 4578 et
950 4501 1153 4599 Apostolioa
1170 4512 1206 4576 et
1223 4501 1430 4578 Christiana
1446 4511 1510 4577 est.
