3608 5498
797 421 838 438 ..
861 391 929 454 485
953 425 994 438 ..

287 534 333 585 nc
359 533 430 585 non
456 519 693 586 removeatur.
723 510 761 584 Si
790 534 876 585 reru
899 510 1090 608 aliquando
1113 510 1268 586 deluerit
1297 511 1532 589 subtrahen-

287 647 346 706 aaa,
356 621 521 695 restituto
538 621 575 694 iu
592 621 842 697 communione
859 625 1117 722 episcopo,ipse
1135 637 1361 701 removeatur
1376 653 1400 698 a
1417 652 1529 702 com-

286 733 457 808 munione
472 746 670 809 accusator.
686 736 741 807 Ita
758 745 890 823 tamen,
907 750 949 810 ut
964 762 1032 812 uec
1049 738 1116 834 ipsi
1133 738 1316 812 adimatur
1331 739 1530 814 Iaccultas

286 870 406 922 causae
417 846 632 943 peragenda
644 846 676 920 si
689 870 728 920 se
741 871 762 918 a
775 846 869 922 diem
882 871 1031 924 occurre
1043 873 1113 923 non
1127 850 1284 946 potuisse
1298 851 1529 947 probaverit.

286 958 382 1033 Illud
406 983 504 1048 vero,
519 969 562 1033 ut
586 984 671 1034 cum
687 983 796 1055 agere
817 961 964 1058 caeperit
988 962 1025 1034 iu
1051 963 1293 1060 episcoporum
1319 964 1468 1053 iudicio,
1488 966 1526 1040 si

287 1071 400 1148 fuerit
421 1072 634 1160 accusatori,
657 1096 806 1170 persona
830 1073 1020 1172 culpabilis
1044 1076 1090 1149 ad
1113 1077 1340 1172 arguendum
1362 1100 1436 1151 non
1453 1080 1526 1154 ad·

287 1184 462 1267 mittatur,
475 1183 545 1258 nisi
558 1186 720 1285 proprias
731 1211 871 1275 causas,
882 1209 953 1260 nou
966 1197 1087 1262 tamen
1100 1187 1365 1264 ecclesiasticas
1376 1214 1527 1267 assere·

287 1320 327 1370 re
340 1295 505 1371 voluerit
517 1297 607 1371 Item
618 1299 655 1371 io
669 1299 789 1375 eodem
800 1323 875 1396 cap.
884 1302 966 1373 XX
975 1301 1013 1374 Si
1024 1299 1210 1398 presbiteri
1218 1301 1276 1376 vel
1286 1303 1427 1377 diaconi
1438 1304 1527 1379 t'ue-

287 1410 363 1485 rint
370 1411 544 1500 accusati,
555 1411 736 1487 adiunctis
748 1439 792 1487 ex
804 1413 936 1488 vicinis
949 1414 1036 1489 locis
1048 1415 1210 1511 proprius
1222 1415 1411 1513 episcopus
1423 1417 1525 1514 legi·

288 1523 375 1599 timo
390 1546 539 1597 numero
555 1524 789 1620 collegarum,
801 1548 889 1623 quos
906 1525 1081 1601 abeodem
1095 1529 1256 1603 accusati
1270 1529 1421 1625 pctiriut
1434 1532 1523 1629 (sic)

289 1636 383 1711 idem
400 1660 474 1709 una
491 1660 614 1711 secum
632 1637 668 1708 iu
684 1636 868 1734 presbiteri
880 1639 1023 1715 nomine
1036 1644 1099 1727 VI,
1116 1641 1155 1713 iu
1177 1641 1316 1716 diaconi
1337 1645 1402 1726 III,
1423 1643 1525 1740 ipso·

290 1775 372 1823 rum
389 1773 519 1824 causas
534 1749 742 1840 discutiant,
758 1751 881 1825 eadem
899 1753 1037 1827 dierum
1057 1763 1093 1828 et
1109 1753 1333 1840 dilationum,
1353 1764 1390 1828 et
1414 1778 1437 1824 a
1458 1778 1525 1828 co-

288 1862 457 1937 munione
475 1863 723 1951 remotionum,
740 1875 777 1938 et
792 1865 1012 1940 discussione
1028 1889 1273 1963 personarum,
1294 1866 1390 1940 iuter
1406 1891 1525 1940 accu-

288 1987 424 2052 satores
431 1987 468 2052 et
479 2000 539 2053 cos
551 1978 612 2075 qui
626 1989 843 2053 accusantur
856 1980 970 2053 forma
982 1979 1376 2077 servataReliquurum
1389 1990 1524 2055 autem

290 2092 501 2167 clericorum
516 2116 655 2180 causas,
668 2094 775 2168 etiam
789 2091 887 2167 solus
900 2092 1161 2192 episcopusloci
1170 2103 1344 2188 agnoscat
1352 2101 1388 2167 et
1400 2093 1523 2168 finiat

290 2209 382 2281 Item
400 2206 437 2279 in
455 2206 576 2281 eodem
594 2230 670 2302 cap.
686 2209 805 2280 XXX.
823 2207 977 2293 Placuit,
993 2216 1035 2280 ut
1051 2216 1244 2282 accusatus
1260 2204 1320 2281 vel
1337 2231 1523 2282 accusans

290 2323 328 2396 in
345 2345 385 2396 eo
400 2320 476 2394 loco
492 2320 586 2394 unde
602 2327 657 2394 est
673 2318 736 2394 illc
753 2319 815 2416 qui
831 2329 1035 2407 accusatur,
1052 2319 1083 2392 si
1101 2319 1229 2393 metuit
1251 2318 1408 2416 aliquam
1428 2344 1521 2394 cum

290 2435 478 2510 temerarie
496 2433 749 2521 multitudinis,
765 2432 884 2508 locum
902 2432 968 2506 sibi
986 2430 1099 2526 eligat
1121 2431 1322 2529 proximum
1347 2453 1416 2528 quo
1443 2455 1522 2507 non

292 2548 340 2622 sit
362 2545 506 2621 difficile
523 2555 633 2620 testes
658 2546 860 2642 producere,
885 2545 946 2619 ubi
971 2569 1080 2620 causa
1107 2546 1262 2617 liniatur.
1290 2544 1520 2618 Affricauum

291 2659 484 2737 concilium
502 2683 577 2755 cap.
595 2661 721 2732 LXIII.
739 2657 915 2734 sianum
934 2660 1044 2735 fuerit
1060 2669 1301 2757 provocatum,
1319 2657 1432 2753 eligat
1451 2660 1521 2756 qui

292 2773 537 2874 provocaverit
555 2772 700 2860 iudices,
717 2787 754 2847 et
770 2798 853 2847 cum
867 2795 907 2846 eo
923 2772 985 2847 ille
1002 2781 1244 2869 contraquam
1259 2772 1522 2868 provocaverit,

292 2898 335 2964 ut
351 2888 396 2963 ab
413 2886 486 2961 illis
502 2886 669 2987 deinceps
686 2886 780 2960 nulli
798 2887 904 2961 liceat
921 2909 1121 2984 provocare.
1138 2888 1228 2959 Item
1243 2884 1280 2957 in
1294 2883 1425 2970 eodem,
1438 2909 1521 2982 cap.

293 3002 548 3077 LXXXVIIII.
574 3006 606 3073 A
632 2999 811 3075 iudicibus
836 3008 957 3075 autem
982 3022 1069 3096 quos
1093 2996 1295 3072 communis
1319 3020 1519 3072 consensus

292 3114 453 3210 clegerit,
470 3137 539 3186 non
559 3112 665 3188 liceat
683 3137 882 3210 provocare,
899 3121 935 3187 et
951 3109 1114 3209 quisquis
1132 3108 1298 3207 probatus
1316 3107 1426 3182 fuerit
1452 3132 1519 3207 pro

292 3225 517 3304 contumacia
536 3224 629 3301 nolle
642 3225 821 3300 indicibus
837 3224 1089 3321 obtemperare,
1107 3247 1190 3297 cum
1204 3221 1270 3296 hoc
1283 3221 1407 3319 primae
1420 3221 1517 3296 sedis

295 3339 456 3436 episcopo
473 3339 584 3412 fuerit
601 3338 797 3436 probatum,
810 3338 869 3411 det
885 3336 1024 3412 litteras
1038 3346 1079 3410 ut
1091 3334 1215 3409 nullus
1228 3335 1260 3410 ei
1273 3333 1517 3408 communicet

294 3452 666 3551 episcoporum,donec
678 3451 905 3548 obtemperet.
918 3453 960 3522 Iu
973 3448 1094 3523 eodem
1107 3473 1183 3544 cap.
1197 3447 1326 3521 XCVI.
1339 3444 1519 3520 Omnibus

296 3565 426 3665 quibus
438 3565 620 3640 accusatio
630 3565 840 3660 denegatur,
853 3564 890 3636 in
904 3561 1024 3638 causis
1037 3561 1187 3660 propriis
1200 3557 1393 3634 accusandi
1407 3557 1519 3632 licen·

294 3678 346 3752 tia
363 3701 433 3751 non
451 3677 626 3772 neganda.
644 3679 732 3750 Item
752 3677 927 3751 incudem
954 3698 1029 3772 cap.
1054 3674 1201 3748 XCVII.
1220 3672 1390 3760 Quotiens
1415 3694 1518 3746 cum-

296 3815 365 3889 que
390 3789 534 3865 clericis
559 3790 603 3864 ab
631 3790 899 3865 accusatoribus
925 3785 1039 3861 multa
1064 3787 1215 3861 crimina
1240 3784 1456 3868 obiciuntur,
1481 3794 1519 3859 et

296 3928 409 3978 unum
424 3927 468 3978 cx
484 3902 572 4001 ipsis
588 3903 631 3978 de
648 3925 717 4000 quo
734 3903 832 3998 prius
851 3901 993 3998 egerint
1009 3901 1156 4000 probare
1172 3923 1243 3973 non
1260 3897 1452 3985 valuerint,
1473 3897 1520 3972 ad

297 4027 427 4091 catera
444 4014 515 4087 iam
533 4038 602 4089 non
620 4015 867 4090 admittantur.
884 4018 974 4089 Item
993 4015 1030 4088 iu
1049 4015 1168 4089 eodem
1187 4038 1263 4110 cap.
1277 4012 1441 4087 XCVIII.
1455 4013 1537 4085 Te·-

297 4141 371 4204 stes
387 4128 431 4201 ad
448 4127 693 4203 testimonium
712 4150 781 4200 non
805 4127 1050 4215 admittendos,
1075 4127 1137 4224 qui
1162 4151 1229 4201 nec
1253 4125 1519 4201 accusationem

297 4241 439 4314 admitti
457 4240 623 4338 precepti
648 4250 743 4328 sunt,
762 4241 819 4314 vel
836 4263 923 4338 quos
940 4251 1127 4314 accusator
1143 4240 1263 4314 desua
1277 4238 1378 4311 domo
1391 4236 1522 4333 produ-

298 4352 426 4426 xerint.
441 4351 495 4425 nd
513 4352 756 4426 testimonium
778 4362 897 4426 autem
915 4352 1011 4425 intra
1035 4375 1147 4426 annos
1172 4353 1278 4425 XIIII
1304 4348 1420 4422 atatis
1444 4372 1522 4424 suae

299 4487 369 4539 non
400 4463 649 4539 admittantur.
677 4468 731 4541 Ex
756 4463 1023 4543 collectionibus
1050 4464 1197 4540 Adriani
1226 4487 1324 4562 papae
1346 4461 1391 4536 ad
1417 4462 1523 4560 Agil-
