3608 5498
804 403 1000 466 -414-

287 527 487 614 tiavestra,
510 531 667 621 quantus
684 521 795 597 fuerit
811 545 899 617 erga
919 519 1020 596 Sedis
1038 520 1250 618 Apostolicae
1275 521 1521 597 reverentiam

286 651 552 716 antecessorum
563 647 762 713 vestrorum
772 637 909 734 piorum
919 635 1105 711 dumtaxat
1114 637 1367 734 imperatorum
1378 647 1414 711 et
1427 660 1522 734 prae·

286 755 391 855 cipue
416 777 502 852 quos
527 752 634 848 longe
659 752 823 849 superius
849 752 1127 826 memoravimus
1151 774 1250 825 amor
1275 760 1312 826 et
1341 751 1519 841 studium,

286 868 440 968 qualiter
461 872 655 943 Romanam
673 867 873 943 aecclesiam
899 865 1051 941 diversis
1077 866 1281 964 privilegiis
1305 866 1519 955 extulerint,

287 981 388 1056 donis
404 981 631 1068 dictaverint,
647 979 829 1056 beneficiis
844 978 1109 1077 ampliaverint,
1127 979 1284 1076 qualiter
1304 978 1405 1053 illam
1419 978 1519 1053 litte·

289 1094 340 1168 ris
356 1094 433 1169 suis
448 1093 712 1181 honoraverint,
729 1095 808 1169 eius
824 1093 918 1169 votis
934 1091 1140 1185 annuerint,
1153 1093 1318 1168 instituta
1334 1093 1520 1190 perficien-

288 1208 333 1282 da
352 1207 610 1298 mandaverint,
626 1208 802 1284 orationes
819 1205 1024 1306 petiverint,
1040 1207 1145 1283 fidem
1164 1207 1369 1283 sectandam
1394 1206 1520 1282 decre-

288 1320 418 1411 verint,
435 1320 590 1419 qualiter
607 1320 715 1395 etiam
733 1319 877 1416 legibus
893 1322 969 1397 suis
986 1346 1048 1421 pro
1064 1323 1279 1398 adiuvandis
1291 1323 1342 1398 eis
1354 1322 1519 1398 eeclesiis

287 1434 607 1532 promulgaverint,
626 1457 688 1532 pro
705 1433 918 1530 colligendis
930 1437 1092 1512 conciliis
1104 1462 1148 1513 ac
1160 1436 1359 1534 proferendi
1374 1446 1518 1512 senten-

289 1548 350 1622 tiis
374 1572 446 1622 non
462 1548 729 1646 imperaverint,
746 1547 807 1622 sed
824 1550 958 1642 precati
975 1560 1012 1625 et
1028 1552 1161 1627 hortati
1186 1551 1403 1628 solummodo
1427 1551 1519 1626 exti-

289 1663 409 1738 terint.
426 1666 473 1736 Et
489 1662 581 1759 quod
598 1661 712 1761 ipsius
728 1662 919 1737 Pontifices
944 1662 1182 1739 decreverunt
1206 1664 1275 1762 ipsi
1295 1687 1519 1754 consensere,

288 1787 325 1852 et
341 1800 421 1874 quae
437 1775 492 1851 illi
508 1777 723 1850 damnavere
740 1775 807 1874 ipsi
826 1777 1036 1873 respuerint.
1055 1777 1116 1852 Sic
1141 1802 1228 1875 ergo
1249 1778 1300 1852 fili
1324 1777 1519 1853 karissime

289 1893 342 1966 sic
360 1901 396 1966 et
412 1900 476 1965 tua
498 1887 700 1968 sublimitas
724 1911 795 1962 non
820 1913 865 1964 ex
881 1900 981 1987 parte
1005 1889 1230 1986 ingratorum
1257 1901 1294 1965 et
1318 1890 1521 1966 inobedien-

289 2003 381 2079 tium
395 2002 549 2078 filiorum
562 2002 718 2078 existens
731 2003 824 2100 quod
836 2001 940 2089 absit,
952 2002 1013 2076 sed
1027 2001 1091 2077 hos
1104 2003 1199 2078 inter
1211 2012 1347 2079 ceteros
1360 2003 1424 2078 Dei
1441 2002 1520 2078 cul-

288 2128 383 2193 tores
394 2122 579 2213 Augustos
592 2116 811 2206 immitendo,
821 2139 889 2213 que
902 2115 1128 2191 decrevimus
1141 2116 1184 2192 de
1198 2116 1520 2215 Constantinopoli·

289 2241 375 2306 tana
391 2230 553 2307 aecclesia
570 2230 774 2305 obedienter
790 2229 962 2318 attendat,
980 2254 1052 2327 prae
1068 2229 1182 2305 oculis
1199 2229 1332 2305 habitis
1348 2231 1414 2306 Dei
1438 2255 1519 2306 ver·

291 2347 345 2422 bis
357 2344 519 2421 dicentis.
531 2345 601 2433 Qui
616 2368 679 2419 vos
691 2344 793 2418 audit
806 2369 862 2418 me
875 2345 987 2432 audit,
1001 2355 1036 2418 et
1050 2345 1110 2441 qui
1125 2368 1188 2419 vos
1200 2345 1338 2442 spernit
1352 2369 1409 2419 me
1423 2370 1520 2445 sper·

289 2461 355 2548 nit,
372 2468 408 2534 et
424 2458 486 2557 qui
504 2482 561 2533 me
574 2458 722 2555 spernit,
734 2456 870 2555 spernit
883 2481 965 2531 curn
980 2455 1041 2552 qui
1056 2480 1111 2529 me
1125 2455 1233 2529 misit.
1249 2459 1294 2529 Et
1306 2455 1412 2552 paulo
1430 2465 1520 2552 post.

290 2573 564 2671 Dispensatione
582 2572 683 2646 nobis
700 2571 842 2646 celestis
859 2569 1006 2645 seminis
1022 2568 1183 2658 inuncta,
1200 2594 1245 2644 ve
1269 2569 1301 2643 si
1318 2593 1388 2643 non
1420 2593 1521 2667 spar-

290 2688 455 2773 serimus,
468 2709 514 2759 ve
528 2684 557 2757 si
572 2684 802 2760 tacuerimus.
816 2683 915 2771 Quod
929 2707 1012 2758 oum
1026 2681 1210 2758 electionis
1222 2707 1287 2756 vas
1300 2682 1465 2757 formidet
1480 2693 1520 2758 et

290 2799 422 2875 clamet
434 2808 567 2896 quanto
580 2799 698 2895 magis
711 2797 859 2874 cuilibet
872 2795 1006 2890 exiguo
1020 2795 1250 2871 metuendum
1268 2800 1350 2870 est?
1364 2795 1518 2870 Proinde

289 2938 359 2990 non
385 2912 481 2989 sicut
505 2912 585 2989 leve
602 2910 795 2986 discrimen
813 2908 990 2984 incumbit
1007 2908 1240 2982 Pontificibus
1256 2908 1398 2982 siluisse
1422 2909 1518 3006 quod

289 3027 469 3124 congruit,
487 3026 537 3101 ita
553 3025 610 3100 his
626 3024 718 3123 quod
734 3022 828 3098 absit
843 3045 914 3097 non
939 3019 1112 3096 mediocre
1133 3021 1334 3119 periculum
1359 3031 1425 3112 est,
1450 3023 1516 3120 qui

290 3166 373 3216 cum
390 3139 542 3216 debeant
559 3161 683 3236 parere
696 3134 908 3234 despiciunt.

837 3282 976 3367 xovll.

766 3460 848 3512 Item
865 3461 898 3511 ln
916 3457 1043 3512 eadem.

387 3597 460 3669 Vos
472 3602 593 3668 autem
608 3616 695 3690 quos
708 3593 818 3670 nolite
832 3591 1080 3691 praeiudicium
1091 3590 1155 3666 Dei
1168 3590 1329 3667 ecclesie
1344 3589 1518 3686 irrogare.

291 3706 357 3780 Illa
375 3706 506 3805 quippe
522 3704 664 3778 nullum
683 3705 830 3802 imperio
847 3714 968 3780 vestro
993 3704 1239 3803 praeiudicium
1267 3705 1407 3791 inferet,
1431 3728 1519 3779 cum

292 3819 411 3915 magis
428 3842 491 3917 pro
507 3817 705 3909 stabilitate
722 3817 836 3913 ipsius
852 3827 1020 3894 veternam
1045 3817 1273 3893 divinitatem
1299 3827 1431 3894 exoret.
1449 3820 1522 3892 No-

291 3932 355 4008 lite
372 3957 451 4031 quae
468 3956 533 4006 sua
546 3942 632 4006 sunt
650 3955 834 4028 usurpare,
847 3931 956 4007 nolite
970 3956 1050 4030 quae
1064 3931 1131 4030 ipsi
1145 3931 1211 4005 soli
1223 3933 1414 4007 commissa
1430 3941 1521 4007 sunt

291 4046 385 4123 velle
403 4047 594 4143 surripere,
611 4045 766 4120 scientes
783 4046 866 4143 quia
884 4056 985 4120 tanto
1002 4044 1173 4119 nimirum
1191 4071 1212 4118 a
1234 4047 1346 4122 sacris
1363 4045 1467 4121 debet
1483 4068 1519 4119 o·

292 4157 387 4233 mnis
404 4159 669 4233 mundanarum
689 4182 808 4232 rerum
827 4159 1097 4235 administrator
1114 4185 1191 4234 esse
1210 4170 1366 4236 remotus
1384 4169 1520 4257 quanto

292 4271 489 4370 quemlibet
505 4297 549 4346 ex
566 4270 730 4367 catalogo
748 4271 995 4369 Apostolorum
1010 4280 1047 4346 et
1060 4271 1293 4346 militantium
1308 4274 1380 4345 Deo
1392 4270 1520 4346 nullus

291 4383 460 4460 convenit
485 4383 641 4480 negotiis
666 4383 899 4459 secularibus
923 4382 1114 4481 implicari.
1140 4384 1300 4481 Denique
1324 4383 1361 4456 hi
1386 4383 1519 4481 quibus

294 4507 435 4573 tantum
451 4496 621 4572 humanis
638 4496 744 4571 rebus
760 4506 798 4570 et
814 4520 884 4573 non
901 4495 1037 4583 divinis
1054 4520 1204 4594 praeesse
1218 4495 1432 4594 permissum
1450 4506 1519 4585 est,
