3608 5498
811 387 983 451 ..75-

288 508 359 606 ptis
382 509 688 597 restaurationem,
706 509 852 607 suisque
869 510 1034 584 omnibus
1051 511 1119 585 sibi
1142 511 1309 606 legaliter
1331 512 1508 587 restitutis

288 621 522 717 integerrime
540 622 673 707 vocari,
691 634 756 697 aut
772 622 921 697 veniant
933 616 978 698 ad
991 623 1154 698 sinodum
1169 625 1240 698 nisi
1255 636 1377 723 sponte
1390 626 1509 702 volne-

289 734 363 809 rint
380 736 564 833 imperare.

384 853 484 925 Dens
501 849 617 945 igitur
637 861 775 926 creator
800 850 960 924 omnium
986 861 1173 927 conservet
1198 853 1394 949 longevum
1420 860 1531 953 Apo.

289 963 458 1052 stolatum
477 974 649 1052 vestrum,
666 963 710 1037 ad
728 963 962 1038 stabilitatem
980 976 1186 1040 sanctarum
1214 965 1447 1041 ecclesiarum
1473 977 1510 1042 et

288 1076 487 1151 orthodoxae
504 1076 595 1166 fidei,
612 1100 747 1174 vosque
764 1085 938 1174 pastorem
956 1077 1088 1152 bonum
1106 1079 1168 1177 qni
1187 1103 1248 1177 pro
1261 1079 1511 1178 spiritualibus

289 1190 416 1264 ovibus
432 1200 587 1265 vestram
607 1191 737 1287 ponitis
754 1191 924 1279 animam,
940 1201 1048 1290 atque
1065 1193 1193 1268 baculo
1215 1193 1382 1291 pastorali
1408 1195 1510 1293 lupos

292 1328 436 1403 rapaces
453 1304 631 1403 expellitis
647 1306 813 1380 omnibns
830 1306 893 1403 qni
919 1306 1075 1403 oppressi
1093 1318 1179 1380 sunt
1195 1306 1372 1381 auxilium
1398 1307 1510 1381 fertis.

292 1419 391 1505 Quod
412 1427 447 1492 et
463 1417 543 1492 istis
559 1428 665 1517 atque
684 1419 848 1493 omnibus
865 1443 929 1493 vos
946 1445 1084 1518 semper
1100 1420 1219 1495 facere
1243 1429 1407 1518 optamus
1432 1447 1511 1494 san·

291 1531 449 1607 ctissime
467 1536 583 1622 Pater,
601 1532 824 1631 subscriptio.
842 1536 889 1607 nt
905 1532 976 1606 alia
990 1558 1108 1607 manu.
1122 1535 1189 1606 Ora
1206 1557 1268 1631 pro
1281 1533 1381 1608 nobis
1399 1533 1512 1608 karis-

293 1645 380 1720 sime
400 1650 515 1722 Pater.

806 1790 995 1873 LXXVIII.

389 1992 565 2064 Damasus
582 2016 710 2065 servus
726 2013 912 2066 servorum
934 1989 1013 2075 Dei,
1029 1998 1136 2086 atque
1162 2012 1226 2085 per
1249 1989 1408 2086 gratiam
1433 1988 1511 2062 cius

295 2102 491 2200 Episcopus
505 2102 611 2177 Urbis
626 2106 752 2178 Romae.
762 2103 942 2201 Stephano
957 2102 1233 2201 Arcltrpiseopo
1246 2102 1399 2179 Concilii
1412 2105 1512 2177 Mau·

295 2214 433 2289 ritaniae
449 2223 485 2290 et
501 2216 667 2289 omnibus
685 2215 868 2292 Africanis
886 2217 1077 2315 Episcopis.
1095 2217 1244 2293 Discute
1262 2217 1452 2315 Episcopos
1477 2226 1513 2292 et

294 2354 470 2403 summam
489 2329 813 2405 ecclesiasticorum
841 2356 970 2406 causas
995 2330 1219 2426 negotiorum
1246 2329 1514 2428 metropolitano

296 2468 367 2517 una
383 2468 465 2518 cum
484 2443 649 2519 omnibns
666 2445 742 2518 suis
767 2443 1047 2542 provincialibus
1072 2454 1114 2519 ut
1138 2467 1242 2518 nemo
1266 2469 1309 2518 ex
1334 2444 1385 2518 eis
1410 2445 1512 2534 desit,

295 2568 331 2633 et
346 2581 469 2633 omnes
485 2559 712 2654 singulorum
731 2558 946 2634 concordent
970 2559 1142 2655 negotiis,
1164 2558 1250 2633 lieet
1274 2559 1335 2632 sed
1361 2558 1514 2634 diffinire

294 2695 417 2746 corum
451 2682 558 2771 atque
589 2673 822 2748 ecclesiarum
855 2698 1014 2747 summas
1043 2671 1207 2769 querelas
1236 2696 1427 2747 causarum
1453 2671 1512 2746 vel

296 2786 463 2862 damnare
477 2786 666 2885 Episcopos
679 2786 812 2885 absque
825 2785 935 2861 huius
952 2796 1085 2861 sauctae
1102 2785 1203 2859 Sedis
1220 2785 1433 2861 auctoritate
1451 2785 1515 2859 mi·

297 2900 393 2975 nime
410 2900 505 2976 licet.
520 2905 635 2989 Quam
654 2924 777 2975 omnes
801 2899 980 2999 appellare
1005 2899 1034 2973 si
1061 2923 1206 2974 neccsse
1231 2898 1352 2988 fucrit,
1375 2907 1412 2973 et
1435 2898 1515 2973 eius

297 3013 416 3089 fulciri
431 3013 565 3088 anxilio
581 3022 725 3112 oportet.
744 3017 790 3088 Et
807 3013 910 3086 infra.
929 3013 1031 3087 Beati
1050 3012 1148 3087 Petri
1166 3011 1245 3086 vice
1262 3011 1363 3085 hodie
1381 3011 1512 3108 grandi

298 3128 476 3224 legatione
494 3151 555 3226 pro
573 3128 716 3204 Christo
733 3127 935 3224 fungimur,
952 3135 989 3200 et
1004 3150 1127 3201 ornnes
1143 3124 1253 3199 huius
1265 3133 1398 3200 sanctae
1412 3125 1514 3199 Sedis

298 3243 468 3341 presules
485 3245 564 3318 eius
588 3245 688 3320 vices
704 3252 909 3341 gesserunt,
926 3249 1072 3345 gerunt,
1084 3249 1121 3313 et
1132 3248 1270 3335 gerent.
1284 3241 1330 3310 Et
1342 3248 1419 3335 post
1431 3262 1515 3336 pau·

298 3382 350 3432 ca.
366 3361 460 3431 Nam
478 3366 520 3431 ut
536 3357 659 3446 nostis,
673 3357 858 3454 Synodum
872 3355 949 3430 sine
961 3355 1039 3429 eius
1052 3353 1263 3428 auctoritate
1277 3353 1364 3441 fieri,
1377 3376 1447 3427 non
1460 3362 1515 3428 est

297 3470 518 3545 canonicum.
535 3474 659 3568 Neque
678 3469 789 3544 ullam
808 3492 967 3566 unquam
984 3466 1137 3543 concilia
1156 3476 1233 3540 rata
1248 3465 1422 3563 leguntur
1435 3491 1515 3565 quaa

298 3607 368 3657 uon
382 3596 468 3659 sunt
480 3584 573 3659 fulta
591 3584 784 3682 apostolica
796 3581 1018 3660 auctoritate.
1028 3582 1116 3655 Item
1131 3580 1170 3652 in
1183 3579 1315 3654 eadem.
1328 3581 1403 3654 Nec
1416 3589 1515 3654 extra

299 3697 474 3794 propriam
494 3696 715 3795 provinciam
739 3698 812 3786 fiat,
831 3696 944 3794 primo
961 3694 1194 3770 discussionis
1218 3692 1411 3781 accusatio,
1435 3692 1513 3767 sine

301 3811 502 3908 Apostolica
519 3812 763 3909 praeceptione.
780 3811 849 3887 Cui
867 3811 904 3884 in
921 3811 1086 3886 omnibus
1102 3810 1222 3886 causis
1244 3809 1392 3884 debetur
1418 3832 1516 3884 reve

299 3924 414 3998 centia
431 3926 611 4000 custodiri.
630 3929 676 4000 Et
693 3935 770 4024 post
787 3950 912 4023 pauca.
929 3931 977 4001 nt
993 3925 1078 3999 alibi
1098 3925 1134 3998 in
1149 3922 1354 3999 Canonibus
1369 3920 1515 4018 legitur.

300 4042 542 4137 Quaecumque
561 4041 704 4136 negotia
722 4040 759 4113 in
778 4039 855 4113 suis
872 4039 959 4115 locis
973 4038 1033 4114 ubi
1046 4048 1122 4114 orta
1136 4047 1222 4111 sunt
1236 4035 1402 4124 finienda,
1415 4045 1451 4110 et
1464 4060 1516 4110 re·

298 4151 396 4250 liqna
413 4153 471 4226 bis
487 4154 629 4227 similia.
647 4155 756 4227 Salva
768 4163 892 4228 ,tamen
911 4155 951 4226 in
967 4151 1132 4228 omnibus
1146 4149 1349 4248 Apostolica
1362 4149 1516 4224 auctori·

297 4276 382 4354 tate,
399 4277 440 4340 ut
455 4266 548 4340 nihil
565 4267 763 4341 diffiniatur
780 4267 988 4365 priusquam
1006 4264 1039 4338 ei
1057 4264 1196 4362 placere
1208 4270 1456 4358 cognoscatur.
1469 4265 1516 4335 Et

297 4381 326 4456 si
346 4382 430 4480 quid
447 4406 560 4479 grave
578 4381 853 4458 intollerandum
871 4380 956 4479 quid
968 4379 1152 4468 acciderit,
1169 4377 1247 4454 eius
1263 4401 1402 4475 semper
1415 4401 1517 4475 expe·

297 4496 424 4570 ctanda
444 4521 607 4571 censura.
