3608 5498
645 464 790 538 lllGlPl'l'
813 464 932 537 [ΙΒΕΒ
955 464 1165 539 secuntus

549 696 636 806 llll
684 695 983 809 ROMANll
1032 694 1264 809 tuoto

668 953 670 957 ,
799 967 1011 999 “W

628 1421 676 1473 Ex
695 1419 779 1473 libro
798 1420 931 1474 actuum
949 1419 1186 1487 Apostolorum.

391 1642 551 1783 Srsrvrr
568 1735 747 1785 vnrvnasu
773 1734 949 1786 nconnsru
975 1734 1021 1785 ur
1045 1735 1297 1784 nscsnnnnnur
1319 1734 1455 1784 mvnvs
1472 1735 1515 1783 nr

290 1824 428 1899 suebos
444 1834 480 1900 et
497 1824 641 1922 quidam
659 1826 721 1899 alii
740 1850 785 1901 ex
799 1825 882 1899 eliis
903 1827 948 1899 ad
966 1823 1154 1922 Apostolos
1170 1832 1207 1898 et
1223 1823 1456 1922 Presbyteros
1478 1822 1517 1896 in

291 1937 521 2014 Hierusalem
539 1963 646 2038 super
663 1939 886 2038 questionem
899 1937 1193 2014 circumcisionis.
1206 1936 1264 2012 Illi
1282 1937 1397 2034 igitur
1414 1936 1514 2013 ducti

291 2050 340 2126 ab
357 2040 545 2128 AEcclesia.
568 2055 615 2128 Et
631 2062 709 2150 post
725 2077 849 2152 pauca.
875 2053 968 2129 Cum
995 2053 1180 2128 venissent
1199 2050 1438 2139 Hierusalem,
1459 2076 1519 2125 su·

258 2229 263 2237 .
291 2164 406 2263 scepti
427 2174 515 2240 sunt
538 2165 582 2239 ab
599 2167 774 2257 ecclesia,
802 2176 838 2243 et
863 2166 1053 2264 Apostolis‚
1078 2175 1114 2242 et
1139 2164 1348 2243 senioribus.
1365 2167 1413 2238 Et
1437 2172 1517 2262 post

288 2302 416 2376 pauca.
434 2278 760 2378 Conveneruntque
778 2279 938 2379 Apostoli
956 2290 992 2355 et
1010 2279 1167 2355 seniores
1192 2279 1314 2355 videre
1338 2278 1382 2353 de
1408 2275 1517 2352 verbo

290 2389 368 2466 hoc.
381 2391 476 2466 Cum
488 2401 610 2468 eutem
624 2417 758 2490 magua
771 2391 987 2492 conquisitio
1002 2393 1102 2467 fieret
1115 2415 1271 2490 surgens
1283 2393 1413 2466 Petrus
1426 2388 1517 2463 dixit

292 2503 339 2578 ad
355 2526 424 2579 eos.
441 2504 520 2578 Viri
539 2505 669 2581 fratres
685 2530 749 2580 vos
765 2506 867 2582 scitis
884 2505 1051 2605 quoniam
1076 2506 1122 2581 ab
1144 2503 1304 2604 antiquis
1328 2502 1453 2579 diebus
1477 2501 1515 2575 in

292 2616 393 2693 nobis
409 2617 516 2714 eligit
533 2622 629 2695 Deus
647 2643 709 2717 per
729 2642 768 2695 os
791 2645 908 2696 meum
930 2620 1054 2696 audire
1076 2630 1205 2716 gentes
1225 2619 1375 2695 verbum
1398 2622 1518 2693 Evan-

292 2728 383 2826 gelii
400 2740 436 2806 et
452 2731 607 2808 credere.
623 2735 672 2807 Et
689 2731 794 2807 infra.
808 2736 911 2810 Tunc
925 2734 1064 2832 placuit
1077 2734 1256 2833 Apostolis
1268 2743 1304 2809 et
1316 2731 1516 2809 senioribus

293 2844 482 2919 cumomni
491 2844 661 2921 aecolesioe
670 2844 804 2942 eligere
814 2846 910 2920 viros
923 2857 959 2922 et
969 2848 1111 2922 mittere
1124 2872 1209 2922 cum
1221 2847 1274 2922 eis
1284 2844 1514 2921 Antiochiam

292 2983 377 3033 cum
394 2958 506 3032 Paulo
524 2968 560 3033 et
576 2957 741 3033 Bernaba
758 2959 955 3036 scribentes
973 2986 1035 3059 per
1052 2985 1181 3035 manus
1201 2984 1333 3036 eorum.
1353 2958 1511 3057 Apostoli

292 3079 330 3146 et
352 3071 508 3147 seniores
524 3073 654 3148 fratres
671 3071 728 3147 his
745 3072 808 3170 qui
829 3083 916 3150 sunt
934 3075 1135 3152 Antiochiae
1159 3084 1195 3150 et
1212 3074 1316 3149 Siriae
1341 3072 1514 3148 fratribus

291 3182 523 3280 exgentibus
539 3185 702 3261 salutem.
720 3189 767 3262 Et
784 3196 913 3263 cetera.

880 3388 927 3473 Π.

804 3591 854 3642 Ex
871 3589 998 3644 eodem.

390 3750 432 3822 In
445 3748 570 3825 diebus
583 3748 669 3824 illis:
679 3759 864 3826 crescente
878 3774 1027 3826 numero
1039 3750 1296 3853 discipulorum
1311 3753 1516 3827 factumest

295 3884 459 3935 murmur
475 3863 673 3937 Grecorum
690 3863 865 3939 adversus
882 3863 1049 3954 Hebreos‚
1067 3888 1107 3940 eo
1133 3864 1226 3963 quod
1249 3865 1515 3963 despicerentur

293 3972 331 4046 in
349 3973 547 4050 ministerio
559 3976 737 4051 cotidiano
753 3977 862 4054 vidue
879 4000 1012 4052 eorum.
1027 3978 1273 4054 Convocantes
1294 3986 1414 4052 autem
1432 3979 1516 4053 duo·

292 4085 407 4161 decim
425 4086 693 4163 multitudinem
712 4089 969 4189 discipulorum
995 4089 1171 4165 dixerunt.
1196 4093 1277 4165 Non
1302 4098 1356 4166 est
1379 4113 1513 4189 equum

292 4221 356 4275 nos
377 4200 578 4299 relinquere
596 4201 745 4277 verbum
765 4202 829 4277 Dei
847 4212 882 4278 et
900 4202 1105 4279 ministrare
1124 4203 1266 4279 mensis.
1284 4202 1514 4280 Considerate

291 4335 379 4409 ergo
399 4314 528 4391 fratres
552 4315 649 4389 viros
673 4339 718 4391 ex
742 4315 843 4391 vobis
867 4315 950 4390 boni
974 4315 1169 4391 testimonii
1194 4319 1265 4391 Vll
1290 4316 1412 4416 plenos
1437 4315 1515 4414 Spi-

292 4424 365 4500 ritu
381 4436 506 4503 sancto
522 4437 559 4503 et
575 4428 751 4526 sapientia
764 4451 854 4528 quos
866 4428 1127 4503 constituamus
1139 4452 1247 4527 super
1259 4429 1325 4505 hoo
1338 4452 1437 4531 opus,
1449 4452 1514 4504 nos
