3608 5498
823 435 863 451 -
889 403 930 467 57
956 437 996 451 ..

303 549 369 600 uec
393 512 912 607 consentientespatriarchas
942 523 1103 599 Orientis
1124 524 1353 600 A'ler'candr'ioe
1381 526 1521 603 scilicet

300 635 343 713 ac
361 639 570 726 Antiochiae,
587 650 622 715 et
639 650 772 714 sauctae
785 638 956 735 civitatis,
968 638 1027 713 vel
1041 638 1303 714 comministros
1315 650 1350 715 et
1363 664 1520 717 summos

300 754 499 829 sacerdotes
515 755 576 853 qui
595 780 678 830 oum
692 752 779 853 ipsis
793 752 964 829 existrint.
979 758 1073 830 Vere
1085 755 1208 828 fumus
1221 753 1379 852 caligine
1392 755 1520 854 plenus

300 865 534 943 obtenebrans
551 868 672 947 oculos
688 868 908 956 stolidorum,
924 878 961 944 et
977 894 1092 945 sermo
1108 893 1243 945 eorum.

809 1097 1006 1182 XXXVIII.

399 1324 622 1399 Dominicum
639 1350 837 1400 sermonem
863 1350 969 1424 quem
995 1327 1163 1403 Christus
1187 1331 1323 1405 sanctis
1340 1332 1518 1429 Apostolis

299 1446 335 1511 et
352 1436 538 1535 discipulis
554 1437 640 1526 suis,
657 1437 760 1526 dixit,
778 1439 862 1536 quia
879 1432 1023 1537 quivos
1042 1442 1168 1541 recipit
1185 1468 1241 1519 me
1259 1444 1385 1541 recipit
1404 1445 1514 1543 etqui

299 1573 364 1624 vos
378 1549 516 1648 spernit
529 1574 585 1624 me
603 1550 750 1648 speruit,
762 1550 807 1624 ad
824 1574 946 1628 omues
959 1553 1069 1629 etiam
1082 1556 1143 1653 qui
1158 1565 1234 1653 post
1247 1580 1306 1631 eos
1319 1558 1515 1632 secuudum

299 1665 392 1764 ipsos
411 1664 498 1741 facti
519 1660 605 1738 sunt
626 1664 757 1736 summi
775 1665 966 1743 Pontifices
983 1677 1018 1742 et
1034 1678 1191 1765 pastores
1213 1670 1391 1769 principes
1408 1670 1443 1744 in
1463 1696 1516 1747 ec·

298 1779 408 1856 clesia
431 1778 607 1856 catholica
624 1779 759 1855 dictum
776 1802 855 1854 esse
871 1780 1064 1857 credentes.

392 1893 597 1969 Diffiuimus
615 1892 796 1969 nemiuem
813 1916 957 1991 prorsus
975 1897 1097 1970 mundi
1115 1897 1313 1994 potentium
1336 1922 1513 1995 quaquam

297 2031 419 2084 eorum
431 2007 494 2106 qui
507 2007 807 2105 patriarchalibus
820 2007 963 2083 sedibus
976 2018 1138 2107 proesuut
1155 2009 1192 2082 iu
1211 2010 1352 2099 honore,
1366 2020 1430 2085 aut
1448 2033 1518 2085 mo-

297 2148 380 2198 vere
398 2148 418 2195 a
435 2123 573 2220 proprio
589 2122 716 2197 throno
732 2131 907 2219 temptare,
924 2123 985 2196 sed
1001 2123 1097 2196 omui
1112 2123 1315 2199 reverentia
1331 2134 1368 2199 et
1384 2124 1515 2200 honore

296 2237 425 2332 dignos
442 2236 610 2311 iudicare.
628 2235 801 2333 Precipue
815 2235 959 2333 quidem
973 2236 1243 2312 sanctissimum
1257 2242 1392 2335 Papam
1405 2239 1517 2314 senio·

296 2351 483 2436 risRomae,
492 2350 659 2447 deinceps
671 2359 791 2423 autem
802 2350 1154 2448 Constantinopoleos
1163 2351 1402 2427 patriarchas.
1411 2352 1516 2427 Dein-

297 2467 340 2540 de
357 2488 442 2540 vero
468 2464 768 2552 Alexandrinam
790 2463 1003 2552 Antiochia,
1028 2489 1071 2540 ac
1098 2463 1423 2540 Hierosolimorum.
1449 2466 1517 2540 Sed

295 2603 361 2654 nec
384 2578 496 2652 alium
522 2601 746 2676 quecumque
772 2577 982 2675 scriptiones
1007 2587 1132 2654 contra
1157 2579 1425 2655 sanctissimum
1451 2584 1516 2655 Pa-

295 2719 376 2792 pam
394 2692 543 2769 sonioris
559 2696 689 2781 Romae
709 2717 751 2768 ae
767 2692 874 2767 verba
893 2694 1106 2792 complicare
1127 2694 1187 2769 rel
1212 2718 1421 2793 componere
1447 2694 1514 2769 sub

293 2811 475 2886 occasione
492 2808 594 2907 quasi
611 2807 872 2882 diffamatorum
890 2807 1112 2904 quorundam
1137 2807 1342 2896 criminum,
1359 2810 1451 2906 quod
1476 2819 1513 2883 at

293 2948 407 3022 nuper
420 2924 570 3000 Photius
586 2933 622 2998 et
640 2922 752 2997 multo
768 2930 851 2997 aute
868 2922 1066 2997 Dioscorus.
1083 2923 1254 3021 Quisquis
1274 2932 1395 2998 autem
1412 2932 1513 2998 tenta

295 3041 466 3114 iactantia
479 3048 515 3115 et
532 3039 681 3114 audacia
700 3065 787 3112 usus
801 3037 922 3125 fuerit,
938 3046 980 3111 ut
993 3037 1189 3112 secundum
1209 3037 1362 3126 Fotium‚
1379 3046 1415 3112 et
1433 3038 1513 3113 Dio

293 3177 432 3228 scorum
451 3153 490 3227 iu
515 3153 659 3250 scriptis
683 3152 742 3227 vel
767 3153 844 3227 sine
861 3152 1005 3250 scriptis
1030 3153 1181 3227 iniurias
1198 3153 1369 3251 quasdam
1387 3163 1512 3229 contra

292 3267 409 3342 sedem
435 3267 532 3342 Petri
559 3266 730 3365 principis
750 3266 998 3362 Apostolorum
1024 3279 1175 3357 moveat,
1197 3269 1359 3368 equalem
1377 3278 1413 3344 et
1429 3294 1512 3347 eane

292 3382 371 3455 dem
396 3393 432 3456 et
460 3405 568 3479 quam
598 3380 651 3454 illi
678 3380 1031 3479 condempnationem
1062 3382 1223 3480 accipiat.
1250 3383 1287 3457 si
1317 3408 1402 3459 vero
1430 3384 1511 3481 quis

291 3493 411 3593 aliqua
435 3504 607 3592 potestate
632 3496 765 3583 fruens,
786 3496 844 3570 vel
865 3504 989 3593 potens
1013 3495 1144 3593 pellere
1170 3497 1400 3594 temptaverit
1424 3521 1511 3595 prro·

292 3606 439 3705 phatum
458 3608 668 3706 Apostolicae
686 3610 873 3685 Cathedrae
887 3613 1019 3709 Papam
1036 3619 1100 3685 ant
1116 3609 1269 3685 aliorum
1288 3611 1510 3687 Patriarcha·

293 3747 371 3795 rum
390 3746 605 3820 quemquam
631 3724 820 3798 anathema
845 3724 901 3798 sit.
920 3727 1027 3799 Porro
1051 3724 1081 3797 si
1101 3724 1268 3823 Synodus
1294 3713 1510 3800 universalis

291 3836 400 3911 fuerit
425 3847 656 3934 congregata,
681 3847 717 3913 et
741 3838 836 3913 lacta
861 3838 973 3913 fuerit
997 3839 1103 3913 etiam
1129 3839 1172 3913 de
1197 3847 1321 3914 sancta
1340 3833 1509 3914 Romano

291 3974 371 4023 rum
388 3951 538 4027 ecclesia
556 3950 693 4049 quaevis
710 3950 960 4047 ambiguitatis
977 3961 1013 4027 et
1029 3951 1282 4040 controversia,
1298 3962 1433 4050 oportet
1449 3977 1510 4028 ve·

289 4063 505 4152 nerabiliter‚
523 4074 659 4141 etcum
684 4066 913 4141 convenienti
939 4066 1140 4142 reverentia
1164 4067 1207 4141 de
1232 4067 1407 4165 proposita
1425 4092 1509 4165 que-

290 4177 401 4252 stione
430 4178 608 4266 suscitari,
637 4188 673 4253 et
703 4179 914 4254 solutionem
939 4179 1112 4277 accipere.
1137 4184 1184 4254 Et
1209 4189 1273 4254 aut
1297 4190 1506 4277 provectum

290 4289 406 4363 facere
435 4299 500 4364 aut
528 4291 705 4387 proficere.
730 4295 809 4366 Non
839 4301 913 4365 tam
943 4293 1114 4368 audacter
1144 4293 1358 4368 seutentiam
1391 4292 1507 4373 dicere

289 4413 414 4478 contra
429 4429 587 4480 summos
604 4405 754 4481 senioris
771 4410 889 4482 Romen
916 4408 1115 4485 Pontifices.
1135 4411 1225 4484 Item
1251 4409 1290 4482 in
1314 4411 1435 4485 eadem
1460 4410 1508 4484 si-

288 4516 376 4594 nodo
396 4517 434 4591 iu
456 4518 595 4594 actione
618 4523 679 4593 VI.
699 4519 936 4597 Orientalium
962 4523 1187 4623 Synodorum
1214 4522 1351 4598 sedium
1377 4523 1505 4599 vicarii
