3608 5498
801 438 841 456 -
865 405 931 470 446
958 436 997 453 -

286 529 444 606 omnium
475 539 511 604 et
535 528 597 627 qui
622 551 743 604 eornm
774 526 904 622 fugiat,
929 550 975 601 ne
1005 535 1117 602 morte
1142 524 1302 600 omniurn
1326 524 1525 600 deseratur

287 642 460 719 aecclesia.
479 642 565 717 Tale
579 641 708 740 quippe
730 650 912 717 certamen
926 638 995 713 erit
1009 638 1102 714 inter
1120 662 1189 726 eos,
1203 638 1265 712 ubi
1282 636 1428 736 utrique
1446 639 1525 714 fer·

286 769 396 832 veant
417 758 578 845 caritate,
603 766 639 831 ct
663 755 806 854 utrique
834 754 999 851 placeant
1023 752 1176 828 caritati.
1202 754 1278 839 Qne
1302 750 1523 851 disceptatio

289 872 319 947 si
336 870 443 946 aliter
464 894 535 947 non
561 869 717 968 potuerit
742 863 939 955 terminari,
964 876 1140 964 quantum
1167 863 1255 939 mihi
1280 863 1425 940 videtur
1451 865 1520 964 qui

290 994 459 1059 maneant
479 992 517 1059 et
541 982 603 1081 qui
629 980 775 1078 fugiant
795 990 888 1056 sorte
909 978 1065 1076 eligendi
1088 988 1185 1053 sunt.
1207 977 1277 1066 Qui
1298 977 1394 1054 enim
1419 977 1521 1054 dixe·

291 1097 365 1171 rint
389 1121 427 1171 se
453 1096 569 1194 potius
594 1095 767 1191 defugere
791 1093 927 1180 debere,
948 1102 1013 1167 aut
1033 1091 1151 1166 timidi
1172 1090 1403 1180 videbuntur,
1427 1091 1519 1189 quia

289 1209 482 1284 imminens
499 1208 634 1281 malum
652 1208 829 1282 sustinere
846 1205 1050 1293 noluerunt,
1063 1214 1127 1279 aut
1140 1213 1362 1300 arrogantes,
1375 1202 1517 1302 quia‘se
1593 1210 1596 1215 ’

291 1323 409 1418 magis
437 1322 499 1420 qui
528 1321 694 1397 servandi
724 1329 844 1396 essent
868 1318 1088 1395 necessarios
1112 1317 1283 1394 aecclesiae
1300 1317 1517 1393 iudicarent.

290 1436 425 1511 Deinde
442 1436 602 1511 fortassis
619 1434 644 1508 ii
662 1434 725 1532 qui
744 1433 907 1509 meliores
923 1442 1010 1507 sunt
1025 1431 1166 1528 eligent
1178 1454 1240 1529 pro
1252 1431 1425 1505 fratribus
1436 1430 1518 1504 ani·

292 1577 368 1625 mas
382 1562 566 1649 ponere,et
578 1551 628 1625 hii
643 1560 836 1626 servantur
850 1546 1031 1644 fugienda,
1044 1570 1195 1645 quorum
1209 1556 1263 1622 est
1277 1545 1378 1620 utilis
1391 1545 1516 1619 minus

289 1664 377 1754 vita,
393 1664 478 1762 quia
497 1665 611 1739 minor
627 1662 834 1739 consulendi
852 1672 889 1737 et
905 1660 1131 1757 gubernandi
1145 1661 1284 1758 peritia.
1303 1661 1371 1748 Qui
1390 1671 1514 1736 tamen

289 1779 319 1853 si
339 1779 394 1877 pie
412 1778 551 1875 sapient
567 1777 852 1853 contradicentes
869 1776 950 1850 illos
968 1775 1061 1850 male
1075 1777 1201 1873 lugere
1223 1799 1311 1874 quos
1332 1774 1457 1850 vident
1479 1785 1518 1851 et

289 1893 415 1969 vivere
427 1894 545 1994 potius
561 1902 731 1991 oportere,
748 1903 784 1968 et
803 1891 919 1988 magis
936 1890 1025 1964 mori
1040 1890 1146 1966 malle
1160 1914 1268 1989 quam
1282 1891 1419 1986 fugere.
1432 1889 1519 1966 Ideo

290 2005 548 2103 scriptumest,
569 2006 865 2082 contradictiones
891 2006 991 2080 sedat
1015 2005 1164 2094 sortitio,
1188 2015 1224 2080 et
1249 2004 1518 2103 interponentes
1588 2068 1596 2083 .

290 2119 430 2194 diffinit.
440 2120 569 2195 Melius
579 2120 675 2196 enim
690 2121 726 2194 in
740 2119 943 2195 huiusmodi
957 2120 1171 2217 ambagibus
1181 2123 1277 2195 Deus
1286 2143 1395 2217 qnam
1404 2142 1515 2217 quam

290 2230 609 2308 hominesiudicat.
622 2237 669 2308 Et
682 2244 894 2332 postpauca.
908 2236 1020 2308 Nemo
1033 2232 1188 2332 accipiat
1200 2256 1387 2332 personam
1400 2257 1517 2320 suam,

291 2357 333 2419 nt
350 2346 379 2419 si
397 2344 519 2444 aliqua
536 2346 656 2442 gratia
673 2347 816 2421 videtur
832 2346 1018 2436 excellere,
1036 2346 1113 2423 ideo
1128 2372 1167 2423 se
1185 2348 1283 2424 dicat
1298 2348 1386 2436 vita,
1410 2357 1447 2422 et
1471 2345 1518 2420 ob

289 2457 355 2533 hoc
372 2458 463 2554 fuga
480 2483 557 2534 esse
582 2458 791 2555 digniorem.
818 2459 990 2558 Quisquis
1015 2459 1113 2535 enim
1138 2459 1206 2536 hoc
1231 2470 1344 2560 putat,
1361 2459 1517 2535 nimium

289 2569 358 2644 sibi
377 2569 503 2668 placet.
520 2571 692 2669 Quisquis
708 2582 828 2648 autem
843 2573 951 2648 etiam
970 2574 1036 2650 hoc
1053 2575 1149 2650 dicat
1168 2575 1335 2651 omnibus
1354 2573 1517 2672 dispicet.

291 2686 339 2757 Et
351 2683 455 2757 infra.
470 2683 696 2782 Quicumque
709 2685 825 2781 igitur
838 2686 906 2760 isto
919 2687 1020 2762 modo
1032 2687 1141 2783 fugit,
1154 2697 1196 2761 ut
1209 2686 1380 2762 aecclesiae
1396 2711 1519 2762 neces·

237 2841 241 2848 ·
290 2795 425 2869 sarium
446 2796 684 2872 ministerium
703 2797 763 2872 illo
780 2799 942 2894 fugiente
960 2823 1029 2874 non
1047 2800 1149 2888 desit,
1167 2800 1255 2876 facit
1279 2801 1372 2899 quod
1398 2800 1519 2874 Domi·

289 2933 359 2982 nus
372 2908 534 3006 praecipit
545 2909 604 2984 vel
616 2910 802 3009 permittit.
816 2911 886 2998 Qui
898 2922 1019 2987 antem
1030 2913 1083 2989 sic
1097 2913 1204 3009 fugit,
1218 2922 1259 2987 ut
1271 2911 1398 3009 gregis
1412 2911 1518 2988 Chri-

289 3022 336 3096 sti
355 3046 396 3095 ea
413 3021 543 3119 quibus
556 3022 792 3120 spiritualiter
805 3023 899 3099 vivit
911 3025 1083 3102 alimenta
1096 3025 1365 3114 subtrahantur,
1382 3050 1516 3101 merce·

289 3134 414 3208 narius
429 3133 493 3209 ille
508 3142 563 3208 est
579 3135 641 3232 qui
658 3135 757 3211 videt
778 3136 904 3234 lupum
929 3139 1134 3214 venientem
1153 3149 1190 3214 et
1215 3138 1323 3235 fugit,
1347 3138 1517 3236 quoniam

289 3271 360 3322 non
379 3247 411 3322 ei
430 3272 518 3323 cura
536 3248 579 3324 de
596 3249 733 3324 ovibus.
751 3249 883 3327 Melius
900 3262 1021 3328 tamen
1039 3252 1130 3351 quod
1149 3252 1187 3326 in
1205 3252 1263 3327 his
1279 3251 1449 3353 periculis
1467 3251 1485 3325 f
1505 3295 1520 3308 -

289 3360 429 3436 ciamus
445 3360 608 3438 invenire
627 3386 696 3437 non
714 3387 914 3464 possumus,
931 3390 1038 3463 quam
1065 3365 1305 3442 orationesad
1322 3365 1517 3440 Dominum

289 3475 405 3548 Deum
423 3484 584 3550 nostrum
604 3485 644 3549 ut
662 3475 878 3552 misereatur
894 3477 1017 3552 nostri.
1039 3478 1140 3565 Quod
1165 3479 1282 3576 ipsum
1309 3477 1450 3554 scilicet
1474 3488 1518 3552 ut

290 3584 470 3661 aecclesias
486 3610 555 3660 non
573 3587 746 3678 deserent,
764 3589 829 3665 Dei
851 3590 940 3666 dono
957 3589 1119 3665 nonnulli
1135 3590 1327 3689 prudentes
1345 3601 1381 3667 et
1398 3590 1516 3667 sanct’

289 3698 360 3772 viri
373 3709 410 3774 et
423 3700 515 3776 velle
528 3710 565 3776 et
577 3701 695 3778 facere
710 3714 932 3793 meruerunt,
944 3714 981 3779 et
992 3703 1087 3779 inter
1100 3705 1224 3780 dentes
1237 3703 1516 3780 obtrectantium

288 3811 383 3887 asni
401 3812 507 3912 positi
525 3813 722 3890 intentione
741 3815 890 3892 minime
907 3815 1125 3892 defecerunt.

820 4017 994 4102 oxxffll.

591 4217 684 4272 Idem
702 4219 734 4271 ln
753 4217 835 4271 llbro
856 4217 899 4272 de
917 4218 983 4273 fide
1001 4222 1036 4274 et
1054 4221 1219 4287 operibus.

385 4381 500 4451 Erant
516 4376 676 4455 homines
693 4402 763 4453 non
781 4391 968 4456 servantes
986 4381 1141 4472 modum,
1157 4407 1241 4457 eum
1259 4382 1297 4455 in
1311 4407 1420 4456 unam
1440 4407 1521 4480 par-

289 4498 362 4564 tem
382 4488 586 4588 procliviter
603 4491 655 4565 ire
671 4491 832 4589 ceperint
848 4516 917 4568 non
933 4492 1131 4592 respiciunt
1144 4494 1277 4569 ‹lieinae
1288 4495 1522 4572 auctoritatis
