3608 5498
796 359 992 456 -iaa-

276 515 491 614 Episcopum
505 514 625 589 virum
640 513 851 613 Apostolicae
866 513 1081 606 sanctitatis,
1094 513 1160 593 hoc
1173 523 1239 605 est,
1251 523 1293 590 ut
1305 515 1504 595 seeundum

278 629 517 728 Apostolieam
531 628 768 728 disciplinam,
784 628 1106 728 evangelicamque
1124 628 1322 705 doctrinam
1336 628 1455 704 Patris
1468 639 1509 705 et·

277 743 362 822 Filii
386 753 424 820 et
448 742 604 843 Spiritus
628 743 744 820 sancti
767 769 877 818 unam
898 742 1068 835 deitatem
1097 743 1163 819 suh
1176 743 1254 841 pari
1269 742 1455 818 maiestate
1468 751 1506 818 et

278 859 344 935 suh
362 858 420 959 pia
437 858 614 940 Trinitate
631 858 829 936 credamus.
846 860 927 933 Dat.
943 860 1005 933 ΙΙΙ.
1022 857 1204 933 Kalendas
1220 855 1355 934 Martii.

779 1050 1029 1137 ooxxxvlu.

613 1255 806 1322 Excedam,
825 1254 1013 1310 constitutio
1032 1253 1159 1309 eadem.

373 1428 498 1504 Victor
513 1427 739 1504 Iustinianus
755 1426 847 1526 pius,
862 1427 960 1517 felix,
977 1424 1127 1503 inclitus
1148 1424 1399 1524 triumphator,
1416 1451 1506 1502 sem·

280 1568 343 1641 por
360 1547 563 1640 Augustae,
575 1541 724 1617 Iohanni
742 1541 968 1617 sanctissimo
986 1540 1262 1640 Archiopiscopo
1278 1540 1382 1616 alma
1395 1541 1505 1617 Urbis

277 1658 449 1732 Romaest
466 1654 913 1731 Patriarchae.Reddeutes
934 1656 1103 1732 honorem
1130 1654 1342 1755 Apostolicae
1360 1655 1442 1732 Sedi
1468 1664 1505 1731 et

278 1779 407 1846 vestrae
423 1769 618 1860 sanctitati,
630 1770 721 1868 quod
734 1793 873 1868 semper
885 1771 986 1846 nobis
999 1772 1037 1844 in
1054 1779 1136 1847 voto
1152 1771 1223 1845 fuit
1247 1779 1283 1846 et
1300 1780 1366 1861 est,
1390 1779 1431 1845 ut
1448 1770 1507 1846 de·

279 1896 336 1960 eet
347 1894 484 1982 patrem
496 1884 708 1960 honorantes
725 1894 882 1959 vestram
896 1884 1165 1977 beatitudinem,
1177 1884 1297 1960 omnia
1310 1909 1379 1984 quo
1391 1885 1436 1960 ad
1449 1909 1505 1961 ec·

279 1998 470 2075 clesiarum
496 2007 632 2074 statum
658 1998 835 2097 pertinere
861 1999 1074 2074 festinamus
1098 1999 1143 2074 ad
1167 1999 1332 2074 notitiam
1357 1999 1505 2075 deferre.

280 2111 456 2200 Quoniam
470 2136 610 2209 semper
623 2135 798 2208 magnum
812 2111 913 2187 nobis
925 2112 997 2187 fuit
1009 2112 1365 2202 studium,unitatem
1378 2121 1516 2189 vestrae-

278 2224 491 2323 Apostolicoe
503 2223 607 2315 sedis,
624 2233 661 2300 et
677 2232 814 2299 statum
827 2234 1035 2301 sanctarum
1056 2225 1121 2301 Dei
1138 2226 1373 2303 ecclesiarum
1391 2235 1507 2303 custo·

279 2340 367 2430 dire,
390 2339 452 2438 qui
470 2339 644 2416 hactenus
661 2339 807 2438 optinet,
823 2348 859 2414 et
875 2340 1088 2417 incommote
1112 2349 1308 2438 permanet,
1323 2339 1427 2414 nulla
1452 2339 1507 2415 in·

279 2452 483 2531 tercedente
508 2453 771 2543 contrarietate,
796 2452 943 2550 ideoque
967 2477 1089 2528 omnes
1118 2454 1317 2530 sacerdotes
1342 2454 1504 2530 universi

279 2567 464 2643 orientalis
491 2575 641 2658 tractus,
670 2576 707 2642 et
730 2566 902 2659 subicere,
931 2576 968 2643 et
992 2567 1095 2643 unire
1120 2567 1194 2643 sedi
1221 2576 1351 2643 vestra
1375 2567 1507 2644 sancti·

279 2681 366 2758 tatis
389 2680 668 2781 properavimus.
685 2683 732 2754 Et
748 2679 787 2753 in
805 2681 969 2777 praesenti
989 2705 1077 2778 ergo
1101 2680 1178 2758 haec
1195 2705 1264 2780 que
1290 2690 1385 2757 mota
1409 2690 1506 2775 sunt,

279 2796 447 2898 quamvis
465 2795 654 2870 manifesta
670 2804 707 2870 et
723 2794 885 2870 dubitata
909 2794 994 2887 sint,
1011 2806 1047 2871 et
1070 2796 1268 2872 secundum
1295 2797 1506 2895 Apostolicm

279 2921 408 2988 nestra
426 2910 527 2986 Sedis
544 2909 741 2985 doctrinam
759 2908 804 2984 ab
816 2909 982 2985 omnibus
995 2934 1135 3007 semper
1148 2909 1391 2986 sacerdotibus
1403 2911 1506 2987 firme

278 3025 456 3103 custodita
472 3032 508 3100 et
525 3024 726 3122 predicata,
749 3022 992 3101 necessarium
1018 3022 1187 3098 duximus
1205 3032 1246 3098 ut
1270 3024 1315 3099 ad
1340 3024 1505 3100 notitiam

278 3149 409 3217 vestrae
424 3136 627 3213 sanctitatis
643 3135 865 3234 perveniant.
881 3140 959 3214 Noc
975 3136 1133 3235 patimur
1146 3136 1338 3236 quiequam
1354 3137 1446 3238 quod
1458 3137 1505 3213 ad

279 3253 512 3331 ecelesiarum
528 3261 662 3327 statum
679 3251 834 3351 pertinet
850 3250 1016 3351 quamvis
1035 3251 1264 3327 manifestum
1279 3261 1316 3327 et
1328 3252 1506 3328 indubita-

280 3375 360 3442 tum
376 3366 435 3457 sit,
452 3365 544 3464 quod
562 3374 737 3455 movetur,
755 3373 795 3439 ut
812 3386 883 3438 non
896 3365 1005 3440 etiam
1023 3374 1154 3440 vestrae
1170 3366 1354 3442 sanctitati
1370 3366 1506 3443 innote-

280 3487 369 3571 scat,
380 3479 464 3579 quia
478 3487 586 3578 eaput
595 3487 649 3554 est
661 3477 1039 3553 omniumsanctarum
1052 3477 1296 3555 ecclesiarum.
1308 3482 1375 3555 Per
1383 3480 1505 3555 omnia

280 3595 378 3670 enim
394 3604 437 3669 ut
452 3593 587 3668 dictum
605 3601 661 3669 est
678 3615 907 3690 properamus
924 3591 1093 3668 honorem
1110 3594 1412 3670 etauctoritatem
1429 3617 1506 3670 ore·

281 3732 380 3785 scere
397 3716 527 3783 vestrae
543 3707 648 3782 sedis.
664 3709 711 3782 Et
728 3705 832 3780 infra.
850 3704 1012 3780 Petimus
1028 3728 1116 3802 ergo
1133 3714 1294 3780 vestrum
1315 3714 1506 3804 paternum

282 3822 463 3908 affectum,
480 3830 522 3895 nt
538 3820 669 3896 vestris
689 3820 733 3894 ad
751 3843 815 3894 nos
840 3819 1027 3895 destinatis
1051 3818 1194 3907 litteris,
1211 3828 1247 3893 et
1263 3819 1306 3893 ad
1325 3820 1507 3895 sanctissi-
1557 3879 1563 3887 .

282 3961 382 4010 mum
400 3935 614 4032 Episcopum
631 3933 741 4007 huius
765 3932 858 4007 alme
884 3932 993 4008 Urbis
1017 3943 1056 4008 et
1080 3932 1322 4031 patriarcham
1344 3943 1506 4008 vestrum

281 4051 441 4140 fratrem,
457 4047 624 4148 quoniam
641 4058 677 4124 ct
693 4048 768 4147 ipsa
786 4073 847 4146 per
867 4048 1004 4124 cosdem
1030 4049 1220 4148 Episcopos
1245 4048 1444 4147 Hypatium
1470 4058 1508 4126 et

283 4163 504 4240 Demetrium
518 4162 662 4260 scripsit
674 4161 718 4236 ad
730 4172 889 4237 vestram
903 4163 1142 4251 sanctitatem,
1156 4162 1331 4238 festinans
1343 4162 1382 4237 in
1395 4162 1507 4236 omni·

281 4278 349 4352 bus
362 4276 462 4375 sequi
476 4277 602 4352 Sedem
621 4274 861 4375 Apostolicam
874 4276 1107 4353 beatitudinis
1120 4285 1259 4368 vestra,
1273 4277 1506 4353 manifestum

282 4391 384 4466 nobis
401 4388 552 4479 faciatis,
569 4391 661 4487 quod
683 4413 805 4465 omnes
827 4389 889 4488 qui
911 4391 1079 4488 praedicta
1102 4398 1197 4466 recte
1218 4390 1434 4465 confitentur
1449 4416 1510 4464 su-

284 4504 392 4606 scipit
408 4513 530 4581 vestra
548 4505 732 4596 sanctitas,
749 4513 924 4582 eteorum
942 4505 1003 4604 qui
1021 4503 1162 4581 iudaice
1177 4503 1256 4579 ausi
1270 4511 1357 4578 sunt
1374 4512 1509 4580 rectam
