3608 5498
944 403 1142 466 -396-

332 567 335 572 ·
430 527 508 626 pria
525 526 661 601 virtute
679 548 751 600 non
768 523 914 612 sufficit,
931 522 1139 599 rinocerotis
1156 508 1266 597 huius
1284 521 1376 598 idest
1397 521 1531 597 terreni
1557 522 1654 620 prin·

428 640 519 742 cipis
535 638 803 737 opitulationem
817 637 947 736 querit,
960 648 1002 712 ut
1017 638 1094 736 ipse
1110 636 1377 734 superiacentos
1392 635 1519 731 glebas
1534 648 1655 713 conte·

428 765 485 830 rat
497 779 587 853 quas
599 753 769 828 aecclesiae
782 752 970 827 humilitas
978 752 1080 851 quasi
1094 750 1260 848 planities
1272 749 1424 823 vallium
1438 758 1564 848 portat.
1576 752 1653 824 Has

427 868 548 964 itaque
564 865 689 964 glebas
707 865 884 941 rinoceros
901 866 1025 966 pedem
1042 864 1173 962 premit
1185 873 1221 939 et
1234 863 1458 952 comminuit,
1470 863 1557 960 quia
1573 887 1653 961 pra·

429 1004 556 1056 vorum
574 980 843 1079 potentiamque
860 979 1031 1055 duritiam
1049 980 1108 1055 cui
1125 978 1368 1056 ecclesiastica
1385 978 1575 1052 humilitas
1599 1003 1653 1055 re·

428 1095 554 1170 sistere
572 1117 642 1168 non
659 1092 768 1182 valet,
780 1092 990 1190 principalis
1008 1093 1136 1190 religio
1152 1119 1197 1169 ex
1213 1100 1385 1191 potestate
1403 1092 1576 1168 dissolvit
1594 1096 1655 1169 Se-

429 1210 562 1308 quitur.
579 1207 764 1305 Numquid
779 1206 926 1281 habebis
939 1207 1108 1283 fiduciam
1122 1208 1160 1281 in
1175 1232 1308 1304 magua
1321 1206 1531 1282 fortitudine
1544 1206 1651 1282 eius?

427 1332 464 1398 et
480 1321 730 1420 derelinquens
746 1320 780 1395 ei
797 1319 934 1394 labores
955 1325 1063 1396 tuos?
1080 1323 1124 1394 In
1149 1319 1383 1397 rinocerontis
1408 1319 1596 1395 formidine
1615 1321 1655 1393 fi·

428 1427 570 1510 daciam
590 1433 763 1508 Dominus
780 1431 910 1509 habere
926 1458 964 1509 sc
981 1435 1122 1522 asserit,
1134 1434 1220 1532 quia
1233 1434 1330 1510 vires
1347 1458 1437 1532 quas
1450 1433 1651 1531 temporali·

428 1558 482 1624 ter
496 1559 635 1625 terreno
648 1548 800 1646 principi
813 1548 980 1637 contulit,
991 1548 1036 1622 ad
1049 1549 1189 1624 cultum
1203 1575 1278 1624 suae
1291 1548 1492 1625 venationis
1505 1548 1656 1625 inclina·

428 1663 493 1737 vit.
512 1662 612 1750 Quod
630 1661 725 1736 enim
744 1662 783 1735 in
798 1662 929 1736 mundo
942 1661 1023 1761 plus
1040 1673 1154 1760 potest
1170 1686 1212 1737 eo
1227 1685 1290 1761 pro
1304 1662 1427 1736 mundi
1440 1662 1655 1738 auctoritate

428 1775 511 1874 plus
528 1774 707 1871 prevalet.
726 1779 771 1849 Et
788 1774 893 1848 infra.
910 1778 1007 1850 Bene
1020 1785 1140 1851 autom
1156 1775 1331 1851 subditur.
1343 1778 1391 1849 Et
1404 1774 1656 1873 derelinquens

430 1889 463 1964 ei
481 1887 618 1962 labores
635 1898 725 1961 tuos.
743 1886 893 1962 Labores
910 1887 1006 1962 enim
1024 1912 1106 1963 suos
1123 1888 1209 1964 hinc
1227 1889 1466 1965 reuocerontis
1481 1888 1655 1965 Dominus

430 2001 638 2100 dereliquid,
651 2001 735 2099 quia
749 2025 921 2077 converso
932 2012 1073 2078 terreno
1087 2002 1240 2101 principi
1253 2028 1331 2078 eam
1346 2028 1452 2101 qoam
1467 2028 1533 2077 sua
1542 2012 1655 2079 morto

435 2124 616 2190 mercatus
633 2123 687 2189 est
705 2113 903 2189 aecclesiam
922 2115 1082 2190 credidit.
1099 2116 1170 2204 Qui
1195 2116 1363 2192 videlicet
1379 2117 1417 2189 in
1442 2117 1520 2192 eius
1544 2142 1656 2191 manu

432 2239 567 2328 quanta
584 2227 824 2305 sollicitudine
841 2253 911 2327 pax
927 2229 1008 2304 fidei
1029 2230 1078 2305 sit
1102 2230 1235 2305 tuenda
1260 2229 1448 2305 commisit.
1473 2229 1655 2327 Sequitur.

434 2341 622 2440 Numquid
639 2342 752 2418 credit
769 2343 802 2417 ei
820 2343 912 2440 qaod
931 2344 1053 2418 reddat
1069 2352 1264 2419 sementem
1277 2342 1355 2432 tibi,
1367 2353 1403 2418 et
1415 2367 1534 2418 aream
1553 2352 1654 2417 tuam

431 2466 638 2552 corrgreget.
656 2456 788 2530 Semen
806 2455 901 2530 enim
919 2455 1068 2530 verbam
1089 2457 1163 2532 Dei.
1181 2461 1286 2546 Area,
1303 2455 1466 2545 ecclesia,
1491 2467 1526 2531 et
1550 2455 1656 2531 infra.

431 2574 527 2646 Ecce
552 2568 648 2644 enim
675 2568 777 2644 modo
800 2577 965 2645 terrenus
990 2571 1155 2668 princeps
1181 2593 1243 2667 pro
1268 2569 1431 2645 aeoolesia
1454 2569 1555 2666 leges
1579 2594 1656 2671 pro

434 2683 576 2780 mulget
603 2682 664 2781 qui
690 2682 825 2757 dudum
851 2682 889 2755 in
913 2683 1016 2758 initio
1041 2684 1223 2759 nascentis
1240 2681 1410 2759 aecclesiae
1435 2692 1558 2758 contra
1576 2709 1654 2759 eam

431 2822 493 2894 por
517 2796 620 2869 varia
645 2805 824 2871 tormenta
853 2797 1021 2873 seviebat.
1050 2802 1143 2874 Ecce
1173 2797 1351 2896 quaslibet
1375 2809 1503 2894 gentes
1528 2823 1656 2897 capere

431 2910 572 3010 poterit,
588 2911 632 2985 ad
651 2910 730 2984 fidoi
749 2909 831 2984 illas
847 2911 1005 3006 gratiam
1024 2911 1202 2986 suadendo
1215 2912 1419 3011 perducere,
1431 2912 1552 3009 eisque
1566 2922 1656 2988 eter-

430 3052 514 3100 nam
532 3026 645 3100 vitam
665 3025 801 3099 indicat
817 3025 948 3122 quibus
964 3012 1079 3123 captis
1096 3034 1305 3123 praesentem
1324 3034 1455 3099 seruat.
1469 3025 1544 3099 Cur
1561 3023 1655 3102 boc?

432 3141 525 3228 Quia
543 3139 711 3215 videlicet
728 3163 825 3213 nunc
841 3164 960 3214 aream
976 3151 1186 3236 congregat,
1199 3163 1306 3236 quam
1322 3149 1363 3213 ut
1377 3138 1585 3237 praedictum
1599 3149 1655 3216 cst

434 3253 626 3352 aliquando
645 3252 794 3351 superbo
810 3276 922 3328 cornu
939 3252 1176 3353 dispergendo
1192 3250 1400 3328 ventilabat.

938 3418 1147 3503 lxxvnfl.

529 3593 728 3690 Gregorius
745 3592 783 3665 in
802 3595 928 3669 XXXI
946 3593 1037 3668 libro
1054 3592 1253 3667 moralium.
1270 3595 1424 3668 Necesse
1442 3600 1496 3665 est
1513 3599 1554 3664 ut
1570 3590 1656 3666 arti-

430 3707 550 3783 ficiosa
566 3706 701 3781 virtute
719 3705 899 3781 discamus
915 3707 1201 3783 adversariorum
1220 3730 1378 3806 pugnam
1394 3717 1430 3781 et
1446 3714 1655 3780 constanter

430 3821 621 3920 aliquando
638 3830 804 3918 appetere
825 3831 862 3895 ct
887 3821 1081 3920 prudenter
1106 3821 1261 3920 aliquem
1288 3819 1478 3896 declinare.
1501 3823 1657 3896 Necesse

430 3937 560 4036 quippe
572 3946 627 4012 est
645 3948 685 4010 ut
702 3960 762 4034 per
779 3959 901 4012 omues
918 3936 1010 4034 quod
1027 3935 1173 4031 agimus
1197 3934 1236 4008 in
1255 3933 1384 4009 mentis
1408 3932 1546 4008 trutina
1565 3933 1657 4030 posi-

431 4061 510 4126 tum
527 4050 613 4126 hinc
630 4050 767 4151 pondus
784 4049 887 4126 illinc
904 4050 1064 4124 fructum
1090 4051 1201 4124 nostri
1227 4048 1358 4124 laboris
1382 4047 1602 4137 cstimcmus,
1620 4057 1657 4124 et

431 4190 514 4241 cum
524 4164 660 4262 pondus
674 4164 834 4238 fructum
849 4173 1005 4262 superat,
1017 4163 1155 4239 labores
1168 4164 1319 4262 quisque
1332 4162 1475 4236 innoxie
1488 4160 1657 4251 declinat,

432 4278 620 4353 dummodo
637 4303 674 4353 se
691 4276 729 4351 iu
746 4277 828 4351 aliis
846 4288 1020 4366 exerceat,
1038 4277 1076 4351 in
1095 4277 1225 4376 quibus
1243 4276 1343 4351 lucro
1361 4277 1546 4351 fructuum
1572 4297 1657 4372 pon·

433 4391 500 4466 dus
513 4389 643 4465 laboris
655 4390 789 4466 vincat.
803 4391 897 4468 Cum
910 4413 995 4467 vero
1008 4389 1238 4489 subsequenti
1256 4389 1457 4489 quantitate
1470 4388 1657 4463 fructuum

434 4530 602 4582 mensura
619 4504 749 4583 laboris
765 4515 830 4581 aut
847 4514 1001 4605 equatur
1012 4514 1077 4580 aut
1091 4503 1251 4582 vincitur
1264 4503 1361 4580 labor
1372 4525 1444 4578 non
1456 4502 1536 4578 siue
1548 4500 1657 4599 gravi
