3608 5498
581 499 725 572 ΙΙΙῧΙΡΙΪ
749 501 867 574 trata
891 503 952 577 llll.

153 730 212 832 ot
238 729 496 832 tlssttlllt
520 730 748 833 lectulo
770 731 829 834 ET
853 732 1011 838 Rthlll
1031 734 1131 837 ttvt
1155 733 1213 836 ΕΤ
1238 735 1386 840 uultu

660 984 873 1017 ἡσθῶσι-

722 1181 769 1240 f

253 1567 310 1707 ΙΝ
323 1633 489 1708 GESTIS
503 1635 646 1710 BEA'l'I
660 1637 906 1713 SILVESTRI
919 1639 1035 1727 QVAE
1047 1637 1237 1711 BEATVS
1251 1640 1381 1713 PAPA

158 1747 326 1825 Gelasius
339 1747 378 1822 in
390 1747 550 1824 Concilio
562 1750 663 1823 LXX
679 1749 933 1849 Episcoporum
949 1777 971 1824 a
988 1750 1182 1828 Catholicis
1198 1750 1273 1847 legi
1286 1775 1380 1827 corn·

158 1872 341 1952 memorat,
355 1872 392 1938 et
407 1863 555 1961 antiquo
571 1888 640 1938 usn
658 1863 792 1939 multas
807 1865 875 1941 hoc
887 1865 1022 1941 imitari
1038 1864 1127 1941 dicit
1143 1864 1324 1941 aecclesias
1339 1864 1379 1941 in

157 1977 289 2053 eisdem
307 1977 357 2052 ita
369 1976 516 2072 legitur.
530 1978 789 2054 Constantinus
801 1979 994 2085 imperator
1006 1979 1094 2053 IIII⁰
1105 1979 1162 2054 die
1178 1978 1236 2052 sui
1249 1978 1380 2076 baptis·

158 2092 265 2166 matis
289 2091 524 2191 privilegium
542 2090 713 2167 Ecclesiae
731 2095 898 2169 Romanae
919 2092 1084 2168 Pontifici
1102 2091 1265 2181 contulit,
1282 2091 1380 2166 utin

160 2217 232 2282 toto
249 2205 332 2281 orbe
349 2208 506 2280 Romano
523 2206 723 2282 sacerdotes
740 2207 790 2281 ita
809 2206 908 2282 hunc
929 2217 1037 2305 caput
1053 2204 1219 2293 habeant,
1235 2204 1331 2280 sicut
1346 2226 1381 2278 o·

159 2346 260 2395 mnes
272 2320 409 2394 indices
423 2323 607 2415 regemln
617 2345 657 2396 eo
670 2317 861 2419 privilegio
874 2320 926 2394 ita
939 2320 1034 2394 inter
1047 2327 1165 2394 cetera
1178 2316 1323 2414 legitur.
1332 2319 1382 2392 U·

159 2432 223 2508 tile
234 2433 475 2508 iudicavimus
488 2459 653 2510 unacum
666 2434 831 2509 omnibus
844 2433 997 2532 satrapis
1009 2432 1151 2522 nostris,
1164 2440 1199 2507 et
1211 2425 1380 2507 universo

160 2557 299 2637 senatu,
311 2547 542 2646 optimatibus
551 2550 672 2638 etiam,
681 2559 716 2625 et
728 2558 859 2625 cuncto
868 2547 1170 2647 populoRomanae
1182 2545 1381 2644 gloriaeim·

162 2660 259 2758 perio
275 2660 485 2750 subiacenti,
503 2672 544 2736 ut
560 2663 655 2739 sicut
668 2662 794 2738 beatus
808 2665 938 2737 Petrus
951 2661 989 2735 in
1003 2661 1109 2736 terris
1121 2660 1283 2736 vicarius
1294 2659 1379 2734 Filii

163 2773 228 2849 Dei
246 2774 481 2850 videturesse
499 2778 727 2866 constitutus,
744 2777 852 2852 etiam
866 2785 903 2851 et
916 2774 1101 2874 pontifices
1113 2773 1227 2873 ipsius
1243 2775 1381 2851 Princi-

163 2889 218 2986 pis
235 2889 481 2987 Apostolorum
504 2891 595 2980 vice,
612 2891 835 2989 principatus
860 2898 1068 2989 potestatem
1093 2889 1247 2988 amplius
1271 2912 1380 2987 quam

163 3011 313 3077 terrcnae
330 3002 527 3101 imperialis
544 3014 673 3079 nostrae
690 3005 896 3080 serenitatis
913 3005 1149 3079 mansuetudo
1173 3004 1303 3080 habere
1327 3003 1382 3079 vi·

162 3117 267 3192 detur
288 3141 492 3193 concessam
509 3142 531 3192 a
548 3117 648 3194 nobis
665 3128 854 3218 nostroque
871 3119 1019 3218 imperio
1031 3118 1223 3218 optineant.
1235 3117 1381 3216 Eligen-

164 3245 219 3308 tes
247 3231 351 3306 nobis
377 3231 495 3330 ipsum
520 3233 717 3331 principem
742 3231 1002 3331 Apostolorum,
1032 3232 1091 3307 vel
1118 3231 1197 3307 eius
1225 3231 1379 3308 vicarios

164 3346 284 3420 firmos
308 3345 403 3443 apud
428 3348 543 3422 Deum
569 3371 647 3422 esse
670 3356 847 3444 patronos,
864 3355 901 3422 et
917 3346 1014 3422 sicut
1030 3356 1152 3421 nostra
1168 3355 1223 3422 est
1238 3355 1381 3422 terrena

163 3459 360 3558 imperialis
376 3459 544 3559 potentia,
569 3459 620 3535 ita
646 3459 725 3535 eius
748 3470 1013 3536 sacrosanctam
1038 3463 1235 3535 Romanam
1261 3458 1382 3536 aeccle·

165 3575 254 3650 siam
280 3574 503 3650 decrevimus
520 3585 733 3651 veneranter
749 3573 925 3663 honorari,
950 3586 987 3650 et
1010 3575 1166 3674 amplius
1189 3599 1296 3674 qnam
1321 3599 1381 3651 no·

161 3703 276 3766 strum
290 3691 481 3788 imperium
499 3687 753 3788 terrenumque
765 3690 947 3779 thronum,
963 3690 1081 3766 sedem
1100 3689 1381 3767 sacratissimam

107 3896 113 3915 ι
162 3806 254 3880 beati
274 3806 370 3881 Petri
388 3805 552 3901 gloriosae
568 3805 731 3893 exaltari,
749 3805 948 3880 tribuentes
966 3805 999 3879 ei
1020 3813 1228 3904 potestatem
1246 3813 1282 3878 et
1306 3804 1382 3901 glo·

163 3920 225 3994 riae
250 3922 476 4017 dignitatem,
501 3930 608 4017 atque
635 3920 797 4015 vigorem
823 3928 860 3994 et
883 3918 1189 3994 honorificentiam
1219 3919 1382 4018 imperia

161 4034 241 4121 lem,
258 4043 365 4131 atque
386 4033 619 4108 decernentes
635 4034 830 4121 sancimus,
848 4041 890 4107 ut
906 4032 1145 4131 principatum
1166 4041 1286 4108 teneat
1306 4042 1381 4106 tam

160 4173 267 4246 supra
281 4151 350 4221 Illl
369 4148 468 4222 sedes
494 4147 787 4235 Alexandrinam,
807 4146 1080 4234 Antiochenam,
1098 4147 1382 4223 Hierusolimita·

161 4288 256 4352 nam,
279 4261 718 4360 Constantinopolitanam,
744 4285 921 4359 quamque
947 4261 1054 4336 etiam
1079 4285 1189 4361 snpra
1214 4261 1382 4338 universo

158 4377 240 4452 orbe
257 4387 434 4451 terrarum
452 4376 517 4452 Dei
535 4375 724 4451 aecclesias.
741 4379 794 4450 Et
805 4375 969 4450 Pontifex
985 4374 1046 4473 qui
1063 4398 1127 4473 per
1143 4384 1301 4474 tempora
1313 4373 1382 4472 ipsi

160 4500 396 4567 sacrosancte
420 4493 589 4566 Romana
615 4489 785 4565 Ecclesiae
809 4487 970 4565 extiterit
990 4488 1129 4565 censior
1154 4497 1191 4565 et
1215 4488 1382 4589 princeps
