3608 5498
798 407 996 470 -142—

287 533 529 610 suaeecclesiar
543 532 663 606 virum
673 531 858 629 sapientia,
871 552 1030 629 persona,
1039 529 1185 628 vitaque
1198 527 1508 627 archiepiscopatu

286 649 542 746 dignissimum
561 647 737 744 Vulgaris
753 646 961 743 eligendum
980 644 1163 741 dirigeret,
1176 668 1281 742 quem
1295 654 1373 742 post
1386 665 1510 741 appro

286 763 464 838 bationem
490 762 694 836 eorumdem
711 761 827 836 denuo
844 767 1063 835 remeantem
1080 754 1371 854 archiepiscopali
1392 754 1510 831 officio

288 873 509 948 sublimaret.
522 872 687 948 Pontifex
707 897 791 948 vero
812 872 1028 949 Silvestrum
1050 871 1228 971 quendam
1249 869 1509 944 subdiaconum

251 1061 253 1065 ,
288 988 462 1084 Vulgaris
479 987 685 1084 eligendum
701 987 844 1075 direxit,
862 1013 946 1062 cum
959 984 1144 1084 Episcopis
1162 983 1338 1082 Locpardo
1356 982 1510 1058 Anconi-

287 1110 425 1189 tano‚et
438 1099 623 1176 Dominico
632 1101 808 1176 Trivensi.
817 1105 864 1176 Et
876 1100 980 1174 infra.
990 1097 1219 1173 Postmodum
1233 1122 1295 1196 per
1308 1096 1510 1172 Orientales

289 1214 768 1314 Constantinopolitanosque
778 1213 959 1310 vulgares
968 1212 1069 1288 donis
1077 1236 1120 1288 ac
1129 1211 1421 1310 promissionibus
1434 1234 1512 1309 per-

290 1328 540 1418 suasiGrecos
550 1328 758 1405 Sacerdotes
767 1328 1013 1426 suscipientes,
1021 1337 1161 1403 nostros
1171 1325 1317 1402 eiciunt.
1326 1330 1373 1401 Et
1381 1336 1512 1404 cetera.

845 1556 958 1641 ccxl.

388 1783 594 1882 Cyprianus
610 1785 649 1857 in
674 1783 820 1882 epistola
837 1808 912 1857 sna.
934 1787 1067 1858 Factus
1082 1792 1138 1859 est
1162 1784 1351 1859 Cornelius
1369 1785 1512 1882 Episco-

294 1922 361 1996 pus
378 1897 420 1971 de
437 1897 502 1972 Dei
516 1908 552 1972 et
565 1896 701 1972 Christi
715 1897 792 1972 eins
805 1895 947 1983 indicio,
959 1895 1001 1969 dc
1015 1893 1227 1969 clericorum
1242 1895 1402 1969 omnium
1416 1896 1514 1971 testi·

291 2009 418 2099 monio,
431 2009 473 2084 de
487 2008 620 2108 plebeio
633 2009 815 2105 suffragio,
828 2008 870 2083 de
884 2008 1107 2082 sacerdotum
1121 2007 1349 2104 antiquorum
1363 2020 1399 2084 et
1411 2009 1515 2084 bono·

292 2148 374 2196 rum
387 2121 547 2196 virorum
560 2145 749 2211 consensu,
761 2146 845 2197 cum
859 2143 962 2195 nemo
975 2120 1172 2218 Episcopus
1185 2120 1273 2194 inibi
1287 2121 1406 2197 factus
1420 2131 1515 2198 esset

291 2262 376 2314 cum
401 2235 537 2332 gradus
562 2235 740 2311 cathedrae
755 2234 985 2309 sacerdotalis
1009 2244 1163 2309 vacaret.
1181 2237 1258 2321 Quo
1281 2248 1452 2333 occupato
1477 2246 1516 2311 et

292 2349 453 2423 omnium
467 2359 630 2423 vestrum
644 2347 874 2424 consensione
888 2349 1038 2436 firmato,
1054 2347 1218 2445 quisquis
1231 2347 1303 2421 iam
1318 2348 1515 2446 Episcopus

293 2461 369 2536 fieri
386 2459 542 2536 voluerit
558 2460 771 2536 omnimodis
792 2485 936 2536 necesse
952 2471 1007 2535 est
1028 2470 1070 2535 ut
1086 2461 1368 2537 ecelesiasticam
1385 2461 1516 2538 habent

291 2573 560 2662 ordinationem,
573 2574 634 2672 qui
645 2574 815 2649 Ecclesia
827 2584 925 2650 tenet
934 2599 995 2673 per
1008 2597 1221 2649 consensum
1235 2575 1421 2650 unitatem.
1431 2578 1517 2650 Post

292 2686 448 2784 primum
466 2689 500 2760 ΙΙ
518 2710 683 2762 essenon
699 2698 825 2785 potest,
841 2689 1003 2786 quisquis
1029 2699 1107 2786 post
1131 2714 1245 2762 unum
1271 2689 1334 2787 qui
1360 2713 1423 2788 per
1447 2689 1517 2764 ele-

292 2798 446 2874 ctionem
464 2808 694 2877 consecratus
711 2811 766 2876 est
790 2826 867 2878 esse
884 2801 1050 2892 soluerit,
1067 2803 1138 2877 iam
1164 2825 1234 2877 non
1251 2804 1430 2879 secundus
1454 2803 1517 2879 ille

292 2913 354 2987 sed
370 2912 494 2988 nullus
508 2923 572 2989 est.

838 3109 968 3201 noxit.

746 3309 838 3363 Idem
856 3311 902 3364 ad
919 3313 1060 3377 plebem.

367 3480 478 3555 Plena
486 3491 523 3555 et
535 3481 774 3579 exploratione
784 3481 973 3579 diligentia
986 3484 1126 3559 sincera
1140 3506 1199 3558 eos
1207 3493 1342 3582 oportet
1350 3484 1395 3558 ad
1404 3508 1520 3559 sacer·

296 3592 433 3668 dotium
445 3595 510 3669 Dei
525 3595 720 3694 eligi,qu0s
733 3621 754 3670 a
768 3599 839 3670 Deo
852 3607 990 3673 constet
1002 3596 1128 3671 audiri.
1140 3601 1216 3672 Nec
1230 3597 1297 3671 sibi
1311 3598 1409 3695 plebs
1421 3597 1521 3672 blan·

297 3706 417 3780 diatur
439 3708 523 3806 quia
540 3708 570 3782 si
588 3709 761 3783 immunis
778 3734 855 3784 esse
872 3735 893 3782 a
910 3710 1076 3806 contagio
1092 3710 1213 3786 delicti
1238 3711 1348 3808 possit
1365 3736 1448 3786 cum
1465 3735 1521 3784 sa·

295 3819 435 3895 cerdote
451 3832 635 3918 peccatore
643 3822 918 3898 communicans
930 3834 966 3898 et
983 3823 1027 3897 ad
1040 3823 1216 3899 iniustum
1230 3834 1337 3920 atquc
1350 3823 1519 3900 illicitum

297 3933 465 4031 propositi
484 3935 541 4008 sui
559 3935 801 4033 episcopatum
819 3958 1031 4012 consensum
1049 3962 1155 4009 suum
1173 3935 1411 4025 commodans,
1431 3935 1520 4033 quin

297 4069 360 4143 per
375 4048 473 4121 Oscae
485 4046 692 4145 prophetam
706 4047 802 4122 dicat
815 4072 966 4123 censura
976 4047 1108 4122 divina.
1119 4049 1433 4125 Sacrificiaeorum
1443 4059 1522 4124 tan·

298 4181 407 4255 quam
421 4159 524 4256 panis
533 4159 665 4249 luctus
674 4182 798 4236 omnes
810 4161 873 4259 qni
887 4161 1105 4236 manducant
1117 4186 1159 4237 ea
1171 4160 1521 4237 contaminabuntur.

297 4272 438 4345 Docens
455 4271 594 4348 scilicet
611 4283 646 4349 ct
663 4274 854 4350 ostendens
870 4298 992 4350 omnes
1009 4273 1152 4348 omnino
1169 4273 1213 4348 ad
1231 4286 1417 4370 peccatum
1441 4297 1523 4349 con·

297 4385 430 4481 stringi
447 4386 509 4483 qni
528 4387 663 4462 luerint
681 4388 819 4486 profani
836 4399 873 4464 et
890 4387 1015 4462 iniusti
1034 4387 1233 4463 sacerdotes
1250 4387 1425 4464 sacrificio
1441 4410 1524 4462 con·

297 4497 474 4574 taminati.
