3608 5498
500 513 737 613 'bellissimi
770 531 896 619 aleos
929 532 1160 615 Irossoueo
1195 532 1284 615 VIRO

345 750 608 876 PONTIFICI
634 752 818 876 polluo
845 752 1003 877 PIIPAE
1030 751 1244 876 VICTORI
1270 750 1458 876 IIIRIIII

545 1005 589 1065 el·
600 1004 678 1065 curu
688 1005 790 1066 elluo
802 1005 936 1067 SANCTAE
947 1007 1088 1068 courum
1100 1007 1262 1070 ECCLIISIAE

452 1196 748 1301 IIEUSIIIIIIIT
783 1200 1005 1307 IIIIGUUS
1039 1204 1351 1307 PIIIISBITEII

587 1443 703 1492 alcum
723 1444 1028 1520 necromantem
1047 1448 1215 1498 EUDOXIA.

386 2047 499 2187 Novit
517 2115 699 2190 beatitudo
719 2126 836 2191 vestra
855 2118 947 2212 quod
964 2127 1089 2189 sancta
1104 2118 1261 2188 Romana
1288 2113 1450 2188 Ecclesia
1467 2113 1516 2187 ic-

292 2226 388 2300 circo
408 2228 566 2301 omnium
589 2229 834 2304 Ecclesiarum
857 2239 972 2303 mater
993 2228 1165 2303 scribitur
1185 2237 1222 2302 et
1242 2227 1411 2314 creditur,
1432 2250 1515 2324 quo

291 2338 389 2412 niam
406 2339 532 2415 beatus
550 2346 678 2416 Petrus
696 2342 808 2440 ipsius
825 2342 1011 2416 institutor
1029 2341 1128 2439 prius
1141 2339 1448 2416 Patriarohalibus
1462 2363 1514 2414 se·

289 2452 394 2529 dibus
419 2454 456 2527 in
483 2454 626 2530 Oriente
651 2468 688 2531 et
706 2467 824 2554 postea
840 2482 859 2531 e
876 2457 988 2531 latere
1011 2480 1076 2531 suo
1094 2457 1225 2555 primos
1241 2454 1338 2530 dedit
1355 2465 1513 2553 pastores

289 2568 453 2643 omnibus
467 2569 626 2655 urbibus,
639 2594 717 2668 quae
730 2580 817 2645 sunt
833 2570 870 2644 in
885 2571 1066 2646 Ocidentc.
1079 2571 1150 2668 Ipsi
1164 2571 1241 2645 haec
1253 2568 1429 2644 ordinatio
1443 2593 1515 2641 ma·

289 2683 383 2756 xime
401 2683 632 2780 competebat,
649 2684 709 2759 cui
736 2685 982 2783 principaliter
1007 2684 1175 2761 Christus
1192 2683 1257 2759 Dei
1275 2681 1391 2755 Filius
1413 2681 1515 2757 coele·

289 2795 356 2869 stis
374 2796 478 2891 regni
496 2795 660 2872 clavibus
685 2799 827 2874 traditis
852 2824 936 2872 suas
960 2822 1044 2875 oves
1061 2823 1205 2896 pascere
1222 2796 1377 2872 iusserat
1398 2805 1435 2871 et
1451 2818 1514 2893 pro

288 2909 394 2983 cuius
407 2909 474 2984 fide
488 2936 532 2985 ne
545 2911 712 2987 deficeret
724 2912 929 3009 specialiter
945 2922 1120 3000 oraverat,
1137 2912 1269 3010 cuique
1283 2911 1413 2985 fratres
1430 2932 1513 2983 suos

290 3023 328 3097 in
344 3024 464 3099 eadem
483 3025 550 3100 fide
574 3026 783 3100 confirmare
809 3038 1037 3124 praeceperat.
1054 3026 1168 3102 Cuius
1193 3035 1267 3100 tam
1290 3022 1513 3100 excellentis·

289 3138 371 3211 simi
397 3139 578 3236 privilegii
605 3140 765 3236 insignia
783 3166 932 3216 munera
949 3140 1143 3236 diligenter
1164 3139 1390 3214 attendentes
1412 3135 1513 3212 000.

289 3253 422 3325 XVIII.
439 3263 557 3349 patres
574 3252 635 3351 qui
653 3255 690 3327 in
708 3254 844 3329 Niceno
865 3254 1055 3330 consedere
1069 3252 1230 3340 concilia,
1246 3259 1454 3327 statuerunt
1471 3259 1512 3324 ut

290 3365 509 3439 Athanasius
522 3366 720 3464 Episcopus
734 3367 999 3441 Alexandrinus
1016 3367 1142 3443 scribit
1155 3366 1257 3440 beato
1270 3364 1383 3440 Felici
1397 3366 1514 3460 Papoe,

289 3501 358 3552 non
376 3478 501 3554 debere
518 3478 652 3577 absque
670 3481 817 3554 Romani
840 3480 1025 3556 Pontificis
1045 3479 1223 3555 sententia
1245 3475 1399 3555 concilia
1423 3474 1514 3550 cele·

288 3592 471 3680 breriaco
484 3592 676 3691 Episcopos
688 3593 849 3667 damnari
864 3604 900 3667 et
916 3592 1035 3668 omnia
1053 3592 1186 3666 maiora
1199 3590 1345 3687 negotia
1361 3588 1407 3664 ad
1419 3588 1512 3664 eius·

287 3706 366 3780 dem
384 3706 557 3783 indicium
575 3707 702 3783 debere
719 3707 859 3782 deferri.

383 3821 452 3896 Sed
465 3831 501 3896 et
514 3821 725 3896 Sardicenso
738 3821 940 3897 Concilium
956 3821 1048 3919 quod
1066 3821 1167 3896 000.
1180 3819 1370 3916 Episcopos
1388 3815 1513 3890 habuit

288 3944 379 4011 teste
397 3935 592 4010 universali
611 3935 740 4010 Siuodo
757 3959 836 4033 qum
856 3961 877 4008 a
902 3934 979 4008 suis
1000 3931 1242 4008 conditoribus
1260 3933 1361 4004 VIII'
1380 3928 1513 4005 dieitur

288 4074 364 4148 cap.
386 4052 453 4124 111ο
476 4051 614 4125 111111ο
637 4059 674 4125 et
691 4052 759 4123 VI⁰
781 4061 817 4125 et
843 4053 874 4121 V
879 4050 945 4123 111⁰
971 4048 1094 4122 eadem
1119 4047 1259 4134 statuit,
1279 4055 1315 4121 et
1339 4045 1391 4118 ita
1416 4043 1511 4120 inter

288 4177 407 4240 cetera
423 4164 526 4239 beato
544 4167 649 4262 Papae
662 4163 754 4238 Iulio
772 4163 932 4262 scripsit:
946 4163 1130 4261 Optimum
1143 4172 1180 4236 et
1192 4161 1298 4235 valde
1311 4183 1512 4256 congruen-

288 4278 468 4352 tissimum
487 4303 565 4377 esse
582 4277 773 4366 videbitur,
786 4277 816 4351 si
835 4278 880 4352 ad
896 4288 1007 4375 caput
1022 4277 1114 4351 idest
1129 4276 1174 4350 ad
1191 4273 1286 4350 beati
1304 4274 1403 4350 Petri
1422 4280 1512 4372 Apo

291 4391 372 4465 stoli
390 4391 507 4466 sedern
526 4391 570 4466 de
594 4389 752 4486 singulis
774 4391 974 4490 quibusque
992 4389 1188 4490 provinc-iis
1204 4389 1338 4464 domini
1356 4388 1513 4464 referant

287 4505 507 4581 Sacerdotes.
524 4506 622 4581 Huic
640 4506 747 4580 etiam
762 4515 846 4580 ante
864 4505 962 4579 illam
982 4506 1172 4602 synodum,
1189 4514 1332 4578 tantum
1351 4526 1513 4580 reveren-

1369 4626 1381 4679 1
