3608 5498
831 429 984 488 ..3-

288 549 476 623 ecclesiam
493 549 559 622 sibi
575 549 771 644 subiugare
788 549 928 637 nititur,
945 549 1091 625 libertas
1109 551 1222 648 ipsius
1239 560 1275 623 et
1294 551 1391 626 Cleri
1409 562 1445 627 et
1462 576 1513 626 re·

290 689 370 738 rum
388 665 466 739 eius
483 665 588 738 tertio
604 676 642 739 et
659 664 813 738 maxime
830 666 915 737 ΙΙΙΙο
933 665 1024 740 libro
1040 665 1226 740 evidenter
1243 665 1452 740 ostenditur.

296 842 298 847 a
386 779 540 875 Singula
549 779 755 877 (stelantem
769 778 1014 855 deflorationes
1026 779 1113 855 huic
1125 779 1220 877 operi
1234 780 1399 867 insertas,
1412 780 1513 854 iuxta

288 893 1182 994 ordinemcapr'tulorumminimelocavi,quiapeue
1195 893 1406 969 omuesalioe
1419 893 1514 979 bina,

290 1005 371 1081 aliae
388 1006 492 1104 plura
510 1009 547 1081 iu
566 1033 603 1083 se
621 1008 767 1103 negotia
783 1006 980 1084 continent.
993 1013 1040 1083 Et
1057 1008 1087 1081 si
1106 1009 1303 1083 secundum
1322 1032 1514 1082 numerum

290 1122 515 1216 negotiorum
533 1124 576 1198 de
593 1122 723 1221 quibus
739 1133 858 1220 agunt
874 1123 1079 1221 acciperent
1095 1124 1300 1209 sectionem,
1314 1121 1403 1194 mihi
1421 1120 1514 1194 labo

292 1261 366 1311 rem
385 1235 594 1335 plurimum,
607 1248 642 1313 et
655 1238 863 1313 auctoritati
880 1239 1050 1314 afferrent
1066 1238 1344 1334 derogationem.
1362 1237 1512 1334 Ideoque

291 1373 415 1425 moneo
431 1351 650 1450 scriptorem,
667 1378 712 1430 ue
729 1353 841 1428 lector
857 1354 1021 1448 graviter
1037 1353 1246 1439 offendatur,
1259 1362 1300 1425 ut
1314 1375 1384 1425 uon
1397 1351 1513 1425 solum

290 1463 327 1536 in
340 1465 585 1541 emendatione
597 1466 741 1556 codicis,
754 1491 882 1542 verum
894 1468 1003 1541 etiam
1017 1467 1055 1540 in
1070 1465 1404 1565 utrisquenumeris
1419 1476 1515 1540 recte

290 1578 497 1669 scribendis,
509 1591 544 1654 et
556 1579 1013 1671 cautissimeemendandis,
1021 1580 1250 1677 diligentiam
1259 1579 1435 1666 adhibeat,
1448 1579 1516 1653 sci-

291 1692 377 1768 licet
390 1694 427 1767 in
442 1718 482 1769 eo
494 1695 557 1792 qni
569 1696 637 1770 sub
650 1695 786 1792 positus
798 1705 853 1770 est
867 1694 1068 1793 quibusque
1081 1693 1261 1792 capitulis,
1269 1703 1305 1795 et
1323 1693 1408 1767 item
1423 1693 1462 1765 in
1476 1716 1516 1767 eo

293 1807 355 1904 qui
375 1832 436 1906 per
449 1818 563 1883 toturn
581 1809 737 1885 codicem
756 1808 955 1907 propositus
971 1818 1027 1883 est
1043 1807 1202 1903 singulis
1219 1806 1515 1881 deflorationibus.

386 1925 494 1997 Porro
511 1922 542 1996 si
561 1947 631 2021 qua
648 1923 707 1998 hic
726 1923 871 2010 inserta,
884 1923 975 2021 quod
988 1922 1097 1997 etiam
1115 1922 1153 1995 iu
1167 1921 1413 2017 Evangelistis
1434 1943 1516 2017 sepe

292 2036 482 2132 contingit,
490 2036 557 2111 sibi
568 2036 724 2112 invicem
734 2037 912 2113 contraria
926 2035 1119 2125 videbitur,
1127 2035 1351 2111 discretionis
1360 2035 1436 2133 (sic)
1445 2034 1517 2108 adi·

291 2149 364 2224 bita
378 2149 484 2226 facile
502 2150 646 2248 patebit,
663 2152 756 2249 quod
773 2176 888 2250 neque
901 2149 980 2239 sibi,
992 2176 1058 2225 nec
1071 2160 1172 2224 extra
1186 2150 1309 2247 positis
1327 2148 1516 2246 scripturis

291 2265 535 2340 adversentur.
545 2266 644 2353 Quod
652 2267 683 2340 si
694 2264 1050 2364 patenteradversari
1059 2263 1290 2358 contingerit,
1299 2261 1447 2337 inferior
1455 2287 1517 2336 au·

290 2378 437 2454 ctoritas
455 2379 580 2476 potiori
597 2379 721 2454 cedere
735 2378 885 2454 debebit.
903 2382 1027 2476 ltaque
1041 2377 1197 2476 primunr
1217 2375 1386 2452 defloravi
1399 2400 1515 2473 neque

290 2493 422 2591 optima
439 2493 482 2569 dc
499 2494 708 2591 quibusdem
729 2491 995 2567 universalibus
1020 2491 1153 2566 sinodis
1179 2490 1271 2566 idem
1298 2492 1447 2578 Nicena,
1472 2494 1516 2563 E·

292 2606 454 2707 phesyua
467 2608 582 2705 prima
600 2606 856 2684 Calcedonensi
873 2617 909 2681 et
926 2609 991 2679 VI*
1011 2617 1047 2680 ot
1065 2608 1148 2679 vll·
1168 2616 1204 2680 et
1222 2607 1321 2678 Vlll¹
1343 2629 1422 2703 quae
1439 2628 1517 2703 par-

291 2720 356 2795 tim
373 2746 395 2795 a
413 2724 481 2795 llll
498 2722 575 2797 sivo
592 2746 614 2793 a
632 2726 662 2793 V
684 2720 916 2810 Patriarchis,
932 2721 977 2795 ab
994 2745 1115 2797 eorum
1134 2723 1265 2819 partim
1282 2720 1431 2797 vicariis
1448 2718 1516 2794 sub

293 2836 444 2911 diversis
462 2836 681 2935 temporibus
699 2835 953 2910 universaliter
969 2834 1156 2910 celebrate
1173 2834 1284 2910 fuisse
1305 2844 1515 2910 noscuntur.

294 2953 344 3025 De
362 2974 515 3048 quarum
534 2950 748 3026 auctoritate
765 2949 836 3023 nisi
861 2949 923 3047 qui
948 2948 1106 3022 insaniat
1131 2973 1235 3024 nemo
1259 2949 1350 3047 quod
1369 2947 1516 3024 dubitet.

293 3064 359 3138 Sed
377 3076 413 3138 ot
430 3065 472 3139 de
492 3062 641 3161 reliquis
658 3063 831 3139 Conciliis
848 3062 1084 3138 orientalibus
1101 3086 1171 3137 non
1184 3063 1230 3136 ab
1243 3088 1281 3138 re
1295 3062 1420 3160 putavi
1437 3086 1516 3160 quae

293 3202 454 3274 congrua
474 3177 563 3251 mihi
580 3178 660 3252 visa
678 3188 763 3251 sunt
781 3176 959 3264 nuntiare,
976 3202 995 3250 a
1015 3177 1146 3275 quibus
1159 3177 1322 3253 videbam
1341 3180 1517 3251 Romanos

295 3293 483 3371 Pontifices
499 3293 538 3365 iu
555 3292 631 3366 suis
648 3290 973 3379 constitutionibus,
990 3290 1081 3388 quod
1099 3300 1135 3365 et
1152 3291 1316 3366 curiosus
1333 3290 1442 3365 lector
1459 3289 1518 3365 de·

292 3405 508 3503 prehendere
522 3404 651 3502 poterit
663 3405 912 3480 auctoritatem
927 3403 1118 3500 accepisse.
1129 3406 1296 3478 Preterea
1309 3402 1452 3501 quidam
1462 3426 1517 3475 as·

292 3519 402 3592 sumsi
421 3519 463 3593 de
489 3517 744 3613 Cartagiueusi
760 3517 900 3605 Siuodo,
918 3542 1034 3615 quma
1057 3518 1128 3592 CC.
1146 3527 1182 3592 et
1200 3519 1317 3591 XVII.
1330 3516 1515 3614 Episcopis

291 3630 358 3704 sub
379 3634 476 3728 Papa
497 3629 634 3705 Zosimo
650 3639 731 3705 acta
748 3639 813 3717 est,
830 3630 1065 3727 praesentibus
1082 3641 1118 3705 et
1136 3629 1249 3727 ipsius
1264 3629 1408 3727 legatis,
1425 3632 1516 3703 Fau·

291 3745 384 3820 stiuo
397 3743 579 3841 Episcopo,
593 3753 629 3818 et
642 3741 816 3841 Philippo,
825 3753 861 3817 et
872 3742 992 3819 Asello
1005 3743 1232 3840 Presbyteris
1246 3743 1284 3816 in
1297 3767 1367 3841 qua
1381 3743 1513 3819 eisdem

292 3856 528 3956 presentibus
545 3857 753 3932 confirmata
770 3866 857 3930 suut
874 3866 910 3931 et
926 3857 1061 3933 inserta
1073 3858 1188 3933 eidem
1206 3857 1327 3933 sinodo
1344 3857 1515 3932 Africana

291 3970 443 4048 concilia
460 3969 613 4044 diversis
623 3970 752 4067 (sidae
769 3970 986 4067 temporibus
999 3972 1042 4046 de
1055 3971 1186 4070 quibus
1196 3969 1401 4046 Celestinus
1414 3980 1450 4044 et
1463 3969 1516 4042 Si·

293 4085 443 4160 machus
451 4093 488 4158 et
497 4084 677 4158 Adrianus
690 4084 852 4182 quoedam
862 4083 1029 4162 videntur
1042 4086 1079 4160 iu
1094 4086 1169 4160 suis
1182 4084 1335 4161 decretis
1348 4084 1516 4159 inserere.

292 4202 340 4272 Et
358 4197 526 4297 quoniam
544 4197 773 4273 adversarius
790 4198 874 4271 dum
893 4199 1022 4274 rationi
1040 4198 1245 4275 succumbit
1265 4196 1515 4273 auctoritatem

294 4312 456 4401 inlamat,
466 4311 650 4388 sciendum
660 4322 725 4401 est,
734 4312 900 4411 quoniam
909 4313 1028 4388 omuia
1036 4311 1188 4388 coucilia
1196 4314 1273 4387 sive
1286 4309 1516 4398 universalia,

293 4426 371 4500 sive
389 4424 624 4524 provincialia
641 4449 721 4524 quae
733 4434 817 4500 aute
830 4426 1155 4503 chalcedonensem
1170 4426 1334 4500 sinodum
1348 4434 1430 4501 acta
1443 4424 1517 4500 fue-

294 4550 386 4627 rant,
399 4550 518 4638 postea
532 4541 743 4615 confirmata
755 4550 791 4615 et
803 4538 1025 4616 corroborata
1039 4539 1198 4624 fuerunt,
1213 4537 1250 4611 in
1264 4537 1386 4613 eadem
1399 4559 1476 4635 cap.
1486 4538 1517 4610 l.
