3608 5498
682 394 878 461 -roa-

692 575 865 662 LXXVH.

265 771 409 866 Xystus
425 769 569 845 natione
586 792 730 864 graecus
746 769 839 846 sedit
854 794 967 845 annos
983 772 1018 846 II
1035 794 1173 848 menses
1186 773 1240 846 XI
1252 771 1327 848 dies
1339 773 1393 847 VI

167 883 342 981 martyrio
355 891 543 958 coronatur
552 883 618 968 sub
627 883 683 959 die
693 886 745 957 VI
755 883 840 958 Idus
852 885 1022 981 Augusti.
1033 888 1080 960 Et
1091 884 1293 985 presbyteri
1306 909 1393 984 praa

167 997 315 1072 fuerunt
330 1022 352 1071 a
369 995 556 1071 consulatu
575 997 723 1071 Maximi
736 1006 773 1073 et
785 996 966 1086 Ravioois,
978 1021 1092 1096 usque
1105 997 1150 1071 ad
1163 997 1390 1073 consulatum

166 1111 275 1186 Tusci
291 1120 327 1186 et
344 1112 459 1200 Basci,
476 1121 512 1186 et
529 1136 550 1183 a
567 1111 756 1186 consulatu
769 1111 878 1186 Tusci
896 1118 933 1185 et
949 1112 1052 1187 Bassi
1074 1135 1189 1209 usque
1214 1114 1285 1186 VII
1310 1112 1390 1186 Kal

167 1225 327 1321 Augusti
336 1234 570 1323 quotempore
579 1225 766 1302 sevissima
775 1226 975 1322 persecutio
988 1226 1187 1322 urgebatur
1196 1224 1263 1300 sub
1272 1226 1391 1302 Decio.

686 1451 880 1537 LXXVIII.

264 1670 378 1745 Gaius
395 1669 537 1747 natione
555 1669 720 1745 Dalmata
737 1695 781 1746 ex
806 1693 939 1766 genere
956 1668 1181 1760 Diocletiani,
1206 1670 1393 1747 constituit

168 1792 210 1857 ut
233 1784 374 1858 ordines
395 1807 516 1858 omncs
534 1784 571 1856 in
588 1784 740 1859 ecclesia
765 1785 796 1858 si
821 1785 1000 1882 acciperet
1024 1785 1088 1883 qui
1114 1767 1299 1885 episcopus
1315 1810 1393 1862 esse

169 1906 375 1972 mereretur.
393 1899 443 1974 Ut
463 1905 557 1972 esset
576 1896 781 1987 hostiarius,
801 1896 922 1986 lector,
939 1898 1125 1987 exorcista,
1142 1899 1391 1988 subdiaconus,

167 2010 356 2100 Diaconus,
373 2009 566 2108 Presbyter
578 2011 704 2088 exindo
725 2011 922 2110 Episcopus
941 2011 1175 2088 ordinaretur.
1192 2011 1262 2088 Hic
1280 2012 1393 2110 regio

167 2146 231 2198 nos
247 2122 371 2198 divisit
387 2121 558 2199 diaconia.

661 2267 884 2352 nxxvflss.

262 2466 498 2543 Marcellinus
514 2466 658 2542 natione
675 2469 859 2544 Romanus
871 2468 1003 2544 ductus
1014 2476 1070 2544 est
1081 2493 1103 2542 a
1116 2469 1336 2546 Diocletiano
1349 2477 1391 2543 ut

166 2581 365 2657 turificaret
383 2582 476 2680 quod
490 2582 634 2657 etfacit.
648 2584 694 2657 Et
706 2591 785 2680 post
798 2603 929 2679 paucos
941 2579 1017 2656 dies
1029 2582 1237 2681 paenitentia
1249 2581 1391 2673 ductus,

167 2720 250 2770 cum
267 2694 478 2793 quibusdam
496 2695 580 2771 aliis
596 2697 772 2794 martyrio
785 2705 985 2773 coronatur.
998 2696 1068 2784 Qui
1082 2695 1286 2771 coniuravit
1298 2698 1391 2772 Mar·

169 2808 301 2886 cellum
323 2808 573 2908 presbyterum
590 2835 697 2885 suurn
715 2810 801 2885 dum
818 2820 985 2909 pergeret
1000 2811 1046 2884 ad
1062 2810 1260 2909 passionem
1277 2835 1390 2901 suam,

169 2930 210 2998 ut
226 2933 400 3022 praecepta
420 2923 634 3000 Diocletiani
647 2950 843 3025 numquam
857 2924 1032 3024 impleret.
1045 2924 1101 2999 Ab
1112 2925 1233 3001 eodem
1247 2923 1303 3001 dle
1317 2948 1390 3000 ces

169 3039 264 3112 savit
279 3039 502 3137 episcopatus
519 3039 605 3113 anni
623 3041 694 3113 VII
712 3037 893 3115 mensibus
917 3040 970 3112 VI
995 3035 1120 3113 dicbus
1143 3039 1250 3113 XXV
1275 3060 1391 3135 perse-

168 3161 299 3249 quente
319 3152 538 3228 DIOclet-iano
555 3152 786 3228 Christianos.

717 3379 853 3463 LXXX.

265 3595 459 3673 Marcellus
476 3603 584 3672 natus
600 3600 719 3672 Romae
735 3598 843 3671 XXV
859 3595 984 3674 titulos
1007 3595 1046 3671 in
1063 3596 1151 3674 urbe
1167 3597 1286 3671 Romae
1310 3616 1391 3671 con·

171 3712 299 3803 stituit,
311 3710 414 3810 quasi
428 3710 585 3788 dioceses
598 3720 739 3811 propter
754 3710 971 3807 baptismum
989 3719 1026 3787 et
1042 3709 1286 3813 paonitentiam
1299 3707 1392 3783 mul·

171 3832 299 3915 torum,
316 3823 378 3923 qui
400 3823 700 3901 convertebantur
724 3849 769 3900 ex
792 3825 955 3923 paganis,
972 3834 1008 3901 et
1024 3833 1166 3924 propter
1188 3821 1392 3924 sepulturas

171 3946 385 4038 martyrum.
403 3938 618 4015 Hordinavit
633 3941 759 4015 XXVI
776 3937 1004 4036 presbyteros
1019 3938 1058 4012 in
1074 3936 1163 4013 urbe
1178 3938 1307 4012 Roma.

710 4164 864 4249 LXXIII.

269 4392 443 4469 Silvester
451 4395 594 4470 natione
603 4396 785 4469 Romanus
796 4393 983 4470 constituit
992 4393 1159 4469 Chrisma
1167 4391 1212 4469 ab
1220 4392 1392 4493 Episcopo

174 4506 312 4597 confici,
322 4521 358 4582 et
366 4507 599 4607 privilegium
609 4508 793 4611 Episcopis
806 4517 848 4583 ut
859 4505 1078 4607 baptizatum
1090 4507 1305 4605 musignent
1317 4529 1392 4606 pro-
