3608 5498
797 388 995 450 -134-

857 607 937 690 CCI.

802 814 851 862 Ex
869 810 994 863 eodem.

380 976 582 1049 Bonifatius
599 975 728 1049 tertius
743 973 886 1047 natione
905 976 1086 1047 Romanus
1099 974 1253 1050 obtinuit
1265 999 1286 1047 a
1300 977 1392 1050 Foca
1406 976 1509 1049 Prin-

287 1091 366 1188 cipe
374 1099 415 1162 ut
424 1093 581 1164 Romana
595 1087 756 1162 Ecclesia
764 1098 856 1163 esset
865 1095 973 1184 caput
985 1088 1144 1161 omnium
1158 1088 1415 1176 Ecclesiarum
1424 1089 1509 1186 quia

289 1202 452 1277 Ecclesia
470 1200 860 1298 Constantinopolitano
878 1202 1029 1297 primam
1048 1226 1086 1276 se
1099 1203 1258 1275 omnium
1272 1202 1507 1277 ecclesiarum

287 1316 473 1393 scribebat.
483 1316 552 1391 Hic
561 1315 648 1390 fecit
660 1315 895 1391 constitutum
910 1315 946 1387 in
960 1313 1112 1389 ecclesia
1124 1312 1218 1389 beati
1233 1315 1328 1389 Petri
1339 1312 1510 1411 Apostoli,

287 1432 325 1506 in
346 1454 416 1529 quo
436 1430 604 1504 sederunt
622 1429 786 1527 Episcopi
803 1430 938 1502 LXXII
956 1428 1162 1525 Presbyteri
1179 1430 1330 1503 Romani
1347 1430 1509 1504 XXXIII

287 1551 460 1642 praesente
477 1544 574 1618 omni
591 1543 684 1617 clero
701 1542 768 1616 sub
789 1542 1029 1630 anathemate,
1047 1551 1088 1615 ut
1112 1542 1235 1616 nullus
1260 1543 1432 1617 Pontifice
1457 1542 1510 1616 vi·

287 1667 404 1746 vente,
425 1667 489 1732 aut
505 1657 676 1755 Episcopo
693 1658 853 1732 civitatis
878 1681 952 1729 suae
977 1665 1171 1752 praesumat
1188 1654 1285 1754 loqui
1302 1664 1366 1729 aut
1390 1664 1509 1752 partes

289 1771 357 1845 sibi
375 1770 492 1845 faeere
510 1771 581 1844 nisi
598 1771 703 1844 tertio
728 1770 784 1843 die
809 1764 1039 1867 depositionis
1064 1769 1152 1858 eius
1177 1769 1331 1842 adunato
1356 1767 1450 1842 clero
1474 1778 1512 1843 et

288 1883 374 1957 filiis
399 1884 569 1973 ccclesiae,
585 1893 621 1958 et
638 1893 726 1959 tunc
743 1882 868 1958 electio
894 1885 955 1957 fiat
971 1894 1007 1958 et
1023 1908 1129 1982 quem
1152 1884 1331 1959 voluerint
1355 1879 1511 1958 babeant

287 1995 469 2100 licentiam
487 1996 644 2093 eligendi
662 1996 729 2071 sibi
747 1998 974 2073 sacerdotem.

851 2228 948 2312 0011.

385 2452 564 2526 Bonifatio
580 2453 631 2525 ΙΙο
648 2455 750 2527 venit
767 2452 892 2528 relatio
905 2452 950 2527 ab
964 2452 1072 2526 Affris
1090 2452 1274 2551 Episcopis
1287 2451 1329 2533 de
1343 2451 1514 2526 constitu-

289 2567 385 2640 tione
398 2589 519 2639 ecrum
534 2575 575 2639 ut
588 2567 734 2641 consilio
747 2567 848 2642 Sedis
861 2566 1070 2666 Apostolioae
1083 2566 1358 2660 cartaginensis
1371 2565 1513 2662 Episco-

291 2705 359 2778 pus
376 2680 496 2754 omnia
513 2681 657 2755 faceret.
674 2685 766 2755 Nam
785 2683 852 2756 sub
869 2681 982 2783 primo
1008 2679 1177 2756 Bonifatii
1203 2687 1457 2778 separaverant
1474 2703 1512 2753 se

290 2820 311 2866 a
329 2797 488 2868 Romana
506 2795 604 2870 Sede.

848 3021 964 3106 cctll.

385 3241 601 3316 Benedictus
611 3244 644 3315 II
657 3243 799 3317 nati0ne
813 3244 994 3315 Romanus
1007 3241 1164 3337 suscepit
1177 3239 1351 3314 iussiones
1359 3238 1514 3316 clemen·

290 3353 420 3426 tissimi
440 3354 616 3452 Principis
634 3355 861 3430 Constantini
879 3354 923 3427 ad
939 3352 1181 3427 venerabilem
1195 3352 1340 3428 Clarum
1355 3361 1390 3427 et
1407 3376 1515 3451 popu·

291 3466 368 3539 lum
386 3469 553 3541 Romanae
570 3468 730 3542 civitatis
748 3493 810 3565 per
827 3491 914 3566 quos
932 3466 1107 3541 concessit
1124 3478 1164 3539 ut
1177 3467 1238 3565 qui
1251 3465 1387 3542 electus
1404 3466 1514 3541 fuerit

292 3577 457 3652 Pontifex
473 3603 492 3653 e
510 3580 665 3677 vestigio
682 3590 910 3657 consecretur
927 3582 1060 3681 absque
1077 3582 1255 3657 tarditate.

841 3811 976 3894 001111.

388 4036 646 4110 Constantinus
663 4039 805 4112 natione
823 4040 940 4136 Syrus
955 4036 1135 4111 ordinavit
1152 4035 1308 4111 Felicem
1328 4036 1514 4135 Archiepi-

291 4172 436 4247 scopum
454 4153 699 4225 Ravennatem
720 4151 783 4248 qui
808 4151 1005 4226 secundnm
1031 4150 1325 4226 consuetudinem
1353 4151 1511 4248 priorum

292 4286 438 4336 suorum
455 4262 577 4338 solitas
593 4263 709 4338 noluit
724 4265 761 4337 in
789 4265 921 4338 scrinio
937 4264 1063 4338 ,facere
1089 4264 1283 4352 cautiones,
1305 4263 1365 4338 sed
1382 4286 1513 4362 praepo

291 4378 442 4452 tentiam
460 4377 633 4451 iudicium
651 4378 822 4475 exposuit,
846 4388 887 4450 ut
906 4377 1069 4450 Pontifex
1094 4374 1232 4449 maluit.
1256 4376 1367 4450 Venit
1391 4385 1512 4452 autem

292 4500 328 4565 et
344 4489 560 4565 Benedictus
578 4489 876 4589 Archiepiscopus
892 4488 1166 4565 Mediolanensis
1182 4488 1416 4564 ordinationis
1432 4498 1514 4565 voto
