3608 5498
805 426 1002 490 -353-

294 556 454 637 luerunt,
479 571 596 646 neque
621 547 941 638 adnuntiaverunt,
967 573 1083 648 neque
1108 549 1349 650 epytbimium
1374 573 1517 649 accepe-

295 671 391 750 runt,
400 661 461 736 sed
471 671 745 759 permanserunt
755 663 790 736 in
801 662 921 738 durtia
931 663 1008 763 (sic)
1016 665 1131 741 cordis
1144 666 1212 755 ui,
1220 674 1257 741 et
1264 688 1333 740 non
1342 687 1518 762 cognove-

295 782 382 848 runt
399 783 583 872 peccatum
600 775 690 873 quod
704 786 871 871 egerunt,
888 800 958 852 non
973 779 1088 854 solum
1101 774 1225 856 contra
1238 778 1423 876 Ignatium
1437 804 1517 853 san-

296 885 510 975 ctissimum,
522 888 584 963 sed
600 897 637 963 et
653 901 778 963 contra
790 890 1054 965 sanctissimam
1068 892 1133 968 Dei
1147 892 1357 983 aecclesiam,
1369 917 1432 992 per
1445 896 1515 966 VII

295 1000 652 1098 annos,epithimium
666 1013 885 1101 acceperunt
897 1014 1038 1104 propter
1049 1006 1314 1082 manifestatum
1329 1015 1514 1103 peccatum

294 1113 378 1202 tale,
391 1138 468 1190 esse
482 1115 561 1190 illos
573 1115 611 1189 in
628 1115 766 1191 duobus
782 1118 888 1211 annis
901 1127 1001 1192 extra
1015 1119 1224 1210 mcclesiam,
1237 1129 1273 1195 et
1284 1119 1322 1192 in
1335 1119 1417 1193 aliis
1433 1119 1518 1195 duo—

294 1228 360 1302 bus
372 1228 476 1303 annis
493 1229 589 1305 intra
605 1230 803 1306 aeclesiam
821 1231 945 1306 audire
961 1231 1103 1307 divinas
1122 1232 1321 1330 scripturas
1338 1231 1515 1330 usquead

296 1343 554 1434 catecuminos
566 1368 637 1427 non
650 1353 772 1439 tamen
786 1344 860 1436 ullo
878 1344 977 1419 modo
993 1346 1271 1436 communicare,
1284 1345 1346 1421 sed
1358 1357 1395 1421 et
1409 1345 1518 1421 absti-

293 1479 378 1531 nere
390 1455 601 1531 arcarnibus
613 1467 649 1532 et
660 1456 825 1533 vinoIIll
837 1457 943 1532 annis
956 1469 1082 1556 prater
1098 1457 1293 1534 dominicos
1308 1459 1395 1549 dies,
1408 1468 1444 1536 et
1456 1460 1515 1534 do-

294 1568 445 1644 minicas
457 1569 681 1646 festivitates.
694 1574 740 1645 Et
752 1569 789 1644 in
803 1569 886 1645 aliis
898 1572 1014 1647 tribus
1026 1572 1133 1647 annis
1145 1581 1240 1648 stare
1253 1597 1338 1648 cum
1352 1572 1515 1649 fidelibus

293 1691 329 1756 et
346 1683 474 1758 mereri
488 1682 648 1757 divinam
662 1684 948 1764 communionem
962 1685 999 1758 in
1013 1684 1098 1760 solis
1110 1684 1297 1759 dominicis
1310 1684 1515 1760 festivitati-

291 1795 453 1871 boscum
468 1796 706 1888 helemosinis‚
716 1808 752 1873 et
765 1797 1010 1875 horationibus
1023 1809 1131 1897 atque
1144 1798 1299 1874 ieiuniis.
1310 1802 1364 1874 Ita
1373 1799 1516 1874 utribus

293 1909 417 1984 diebus
441 1910 643 1987 ebdomadis
668 1914 701 1986 II
720 1912 888 1989 videlicet
904 1923 941 1988 et
958 1916 1027 1987 llll
1043 1924 1080 1988 et
1096 1916 1148 1987 VI
1166 1912 1256 1987 seria
1272 1913 1514 2008 abstineanta

293 2023 462 2097 carnibus
479 2034 515 2099 et
535 2025 627 2099 vino.
645 2029 837 2101 Peccatum
855 2028 952 2101 enim
970 2028 1127 2125 ipsorum
1145 2050 1216 2101 non
1235 2027 1304 2105 suit
1322 2027 1515 2116 modicum,

292 2137 353 2211 sed
371 2147 412 2212 ut
428 2137 501 2211 iam
526 2137 662 2214 dictum
680 2150 744 2240 est
762 2140 809 2212 Et
825 2140 1042 2240 quicumque
1058 2151 1145 2231 sunt
1166 2141 1316 2240 quinon
1334 2151 1515 2216 venerunt

292 2251 394 2327 hodie
412 2253 451 2325 in
468 2252 562 2327 hanc
579 2262 740 2327 sanctam
760 2262 796 2327 et
813 2252 1054 2329 universalem
1074 2252 1249 2342 sinodum,
1265 2263 1329 2328 aut
1344 2279 1383 2344 se
1399 2254 1517 2330 occul·

292 2376 381 2454 tant,
398 2367 558 2442 nolentes
575 2367 791 2442 annuntiare
809 2375 994 2465 peccatum
1013 2365 1106 2464 quod
1123 2376 1287 2463 egerunt,
1302 2375 1338 2442 et
1354 2367 1515 2463 effugere

292 2481 420 2554 volunt
432 2481 645 2556 sententiam
656 2479 856 2578 Epithimii
864 2479 938 2554 sint
947 2480 1093 2555 omnino
1101 2479 1146 2555 ab
1156 2480 1317 2556 aeclesia
1329 2480 1514 2578 segregati

291 2605 327 2669 et
343 2593 582 2668 anathematis
599 2592 796 2689 ligamento
812 2592 1005 2669 constricto
1022 2592 1134 2668 donec
1151 2592 1312 2668 universi
1329 2618 1392 2692 per
1417 2593 1514 2691 peni·

293 2706 441 2781 tentiam
461 2705 553 2780 salvi
572 2707 669 2779 fiant.
682 2706 753 2793 Qui
770 2728 856 2782 vero
872 2705 1057 2804 accipiunt
1073 2705 1273 2805 epythimia
1286 2707 1387 2804 prius
1398 2715 1435 2781 et
1451 2732 1513 2781 cu·

292 2819 463 2909 stodiunt,
480 2831 558 2917 post
579 2820 793 2918 completum
815 2821 1067 2919 epythimium,
1084 2821 1188 2918 digni
1210 2822 1298 2895 fiant
1317 2822 1453 2898 sanctis
1477 2831 1514 2897 et

292 2931 427 3006 divinis
444 2934 640 3032 mysteriis.

852 3050 946 3135 lllll.

652 3228 689 3279 In
709 3227 826 3281 eadem
844 3199 882 3280 lis
894 3194 957 3280 inl
976 3227 1148 3282 sotionem.

386 3381 626 3456 Promotioues
653 3391 690 3454 et
704 3381 988 3456 consecrationes
1007 3382 1273 3480 Episcoporum,
1292 3380 1510 3456 concordans

293 3493 468 3589 prioribus
485 3494 648 3570 conciliis
664 3493 878 3569 clericorum
896 3493 1069 3568 electione
1095 3519 1138 3569 ac
1163 3494 1304 3593 decreto
1328 3503 1363 3569 et
1379 3492 1513 3591 episco-

291 3631 415 3704 porum
434 3607 584 3703 collegio
600 3608 691 3695 lieri,
707 3608 784 3683 haeo
801 3617 926 3682 sancta
944 3615 980 3681 et
1005 3600 1405 3705 universalis‘synodus
1421 3607 1511 3682 diffi-

184 3704 198 3718 ‘
291 3721 386 3795 nivit
402 3730 438 3797 ct
457 3721 588 3797 statuit
607 3731 714 3818 atque
739 3721 818 3797 iure
844 3719 1101 3819 promulgavit,
1126 3718 1309 3795 nemiuem
1336 3718 1510 3794 laicorum

290 3835 505 3936 principum,
522 3834 580 3910 vel
597 3844 781 3933 potentum
803 3843 916 3909 semet
932 3833 1092 3908 inserere
1110 3833 1273 3908 electioni
1290 3831 1350 3907 vel
1377 3856 1512 3931 promo·

290 3949 379 4023 tioni
396 3946 610 4046 patriarche
635 3948 694 4023 vel
719 3947 964 4044 metropolitae,
980 3957 1045 4020 aut
1066 3945 1261 4037 cuiuslibet
1285 3945 1438 4043 episcopi
1465 3969 1510 4021 ne

290 4063 457 4138 videlicet
475 4062 676 4137 inordinata
693 4060 778 4138 hinc
794 4072 831 4137 et
848 4063 1050 4157 incongrua
1074 4062 1137 4134 fiat
1161 4059 1322 4134 confusio
1346 4058 1406 4134 vel
1430 4082 1512 4134 con·

290 4176 412 4250 tentio,
430 4175 633 4250 Praeartim
655 4200 740 4250 cum
765 4174 904 4248 nullam
932 4175 970 4248 in
997 4174 1130 4248 talibus
1155 4182 1364 4272 potestatem
1391 4197 1511 4271 quem·

290 4311 396 4384 quam
411 4288 715 4385 potestativorum,
733 4287 792 4363 vel
808 4296 1016 4364 caeterorum
1038 4286 1211 4363 laicorum
1229 4286 1360 4361 habere
1384 4309 1511 4364 conve·

289 4400 375 4475 niat.
393 4401 461 4477 Sed
479 4401 595 4498 potius
612 4400 719 4477 silere
735 4410 772 4475 et
783 4402 967 4476 attendere
980 4400 1060 4486 sibi,
1075 4424 1188 4498 usque
1206 4421 1276 4498 quo
1293 4399 1510 4495 regulariter

290 4513 477 4608 acollegio
489 4513 660 4590 aeclesias
672 4511 848 4610 suscipiat
860 4515 968 4589 finem
982 4511 1108 4589 electio
1124 4513 1239 4588 futuri
1257 4512 1451 4588 Pontificis.
1469 4512 1508 4589 Si

1291 4628 1327 4682 aa
