3608 5498
647 447 687 473 ··-
711 423 773 488 241
801 456 843 470 -

136 539 294 614 omnium
312 541 493 617 dominum
513 566 699 643 properare
716 541 856 633 debent,
872 552 909 618 et
925 543 977 617 ita
994 566 1089 619 more
1110 543 1212 619 solito
1236 544 1355 620 decre·

135 662 213 726 tum
231 652 402 730 facientes
419 665 455 730 et
472 656 509 728 in
527 679 567 731 eo
580 656 702 733 cuncti
717 657 851 754 pariter
864 657 1117 733 concordantes
1131 658 1355 734 subscribere

92 757 96 763 ’
136 766 272 856 debent,
289 767 354 844 hoc
372 770 492 868 itaque
510 780 546 846 et
564 772 599 844 in
617 770 698 845 aliis
715 770 876 847 ecclesiis
893 771 960 845 sub
977 770 1092 846 divini
1114 772 1238 848 iudicii
1263 772 1357 847 obte-

137 880 298 970 statione,
315 892 350 957 et
367 884 608 959 anathematis
625 885 818 960 indictione
841 887 1069 963 decernimus
1086 888 1357 963 observandum.

138 994 189 1067 De
207 995 335 1070 castris
347 1006 467 1071 autem
482 998 621 1073 Tusciae
638 1008 675 1074 et
688 1000 892 1098 Campaniae
909 1010 945 1077 et
961 1002 1003 1077 de
1020 1002 1102 1077 aliis
1119 1001 1217 1091 locis,
1234 1000 1357 1076 nullus

138 1107 285 1181 Romam
302 1108 432 1183 audeat
449 1109 603 1206 ingredi,
620 1136 687 1187 neo
704 1137 725 1184 a
743 1113 908 1210 quopiam
934 1114 1146 1206 invitentur,
1170 1123 1236 1190 ont
1260 1115 1356 1188 infra

138 1218 322 1296 civitatem
340 1220 624 1313 introducantur,
642 1225 703 1300 sed
716 1251 782 1302 nec
796 1228 985 1326 quisquam
998 1254 1043 1305 ex
1054 1230 1170 1306 serris
1182 1241 1255 1304 tam
1269 1228 1356 1304 cleri

138 1355 243 1430 quam
259 1334 396 1410 militiae
409 1336 446 1410 iu
460 1339 582 1413 eadem
595 1338 766 1416 electione
779 1342 997 1434 inveniatur,
1010 1368 1078 1421 nec
1091 1344 1188 1420 ullus
1202 1343 1357 1442 paenitus

138 1449 345 1523 oumarmis
361 1460 426 1526 aut
442 1452 607 1528 fustibus.

658 1696 751 1748 Aetio
771 1697 842 1748 1111.

235 1907 273 1981 Si
290 1907 335 1982 ad
348 1910 561 1983 Sanctorum
575 1909 792 1984 consortium
806 1910 929 1985 venire
944 1921 1120 2008 optamus,
1132 1910 1288 2009 profecto
1299 1909 1360 1986 hic

141 2018 272 2108 omnia,
289 2019 326 2092 in
343 2018 475 2095 honore
493 2022 718 2111 Sanctorum,
734 2023 812 2098 sive
830 2022 1001 2122 reliquias
1026 2047 1096 2098 non
1114 2023 1228 2098 solum
1245 2048 1363 2123 corpo

143 2157 223 2208 rum
238 2133 297 2208 sed
312 2143 348 2209 et
361 2133 751 2224 vestimentorum,sire
764 2137 930 2213 basilicas
943 2138 1146 2214 nominibus
1158 2162 1278 2213 eorum
1293 2163 1364 2213 me·

141 2257 306 2336 moratas,
315 2249 392 2324 sive
402 2250 511 2323 etiam
524 2249 714 2347 imagines,
723 2259 759 2325 et
769 2250 893 2325 vultus
906 2251 1049 2327 illorum
1064 2251 1101 2325 in
1115 2251 1273 2350 quolibet
1286 2250 1362 2327 loco

142 2361 298 2460 depictos
315 2362 544 2438 celeberrimo
561 2361 693 2438 honore
709 2364 875 2438 venerari
894 2363 1073 2440 debemus.
1099 2368 1199 2439 Item.
1224 2367 1363 2438 Paven-

141 2476 227 2550 dum
244 2488 299 2552 est
316 2502 361 2553 ne
375 2477 442 2552 sub
455 2478 640 2552 iconarum
654 2477 838 2554 occasione
851 2477 895 2551 ad
909 2476 1026 2575 peiora
1039 2495 1121 2552 'sese
1139 2485 1255 2552 status
1270 2476 1362 2552 male

144 2591 353 2666 assersionis
369 2591 498 2688 erigat,
514 2602 551 2666 et
568 2615 712 2689 corpora
733 2595 958 2680 Sanctorum,
975 2600 1011 2666 et
1034 2589 1203 2688 reliquias
1229 2600 1364 2689 marty·

144 2729 224 2779 rum
241 2705 378 2780 adorari
397 2715 568 2804 tanquam
582 2706 740 2781 membra
753 2704 908 2792 Domini,
920 2703 990 2779 hac
1003 2703 1168 2780 venerari
1181 2703 1364 2802 prohibea-

144 2826 214 2891 tur.
226 2820 327 2892 Item.
340 2817 578 2913 Interrogatio
593 2815 760 2892 Antiochi
773 2818 818 2892 ad
830 2827 995 2893 sanctum
1011 2817 1259 2892 Athanasium.
1273 2820 1365 2904 Quo·

144 2932 244 3005 modo
261 2954 323 3006 ros
340 2931 459 3007 facitis
476 2932 655 3027 imagines
672 2941 708 3007 et
732 2930 886 3005 adoratis
911 2934 981 3006 ea?
1007 2934 1042 3029 ld.
1067 2953 1138 3004 non
1163 2929 1258 3005 sicut
1282 2929 1364 3004 deos

144 3044 322 3141 imagines
338 3045 526 3120 adoramus
543 3069 606 3120 nos
624 3044 754 3121 fideles.
773 3044 887 3132 Absit,
912 3043 1007 3120 sicut
1031 3043 1176 3142 pagani,
1200 3042 1262 3117 sed
1287 3053 1364 3118 tan·

144 3158 323 3232 tnmmodo
340 3158 506 3234 affectum
524 3168 560 3232 et
577 3158 764 3234 caritatem
781 3157 911 3231 animae
928 3166 1058 3231 nostrae
1074 3156 1119 3230 ad
1145 3155 1286 3230 vultum
1314 3155 1332 3228 f
1351 3199 1365 3211 ·

146 3271 214 3345 cici
232 3271 404 3369 imaginis
421 3281 597 3371 aptamus,
615 3271 708 3346 unde
726 3280 762 3345 et
779 3269 987 3344 multotiens
1004 3268 1110 3343 vultu
1132 3268 1247 3343 deleto
1271 3266 1367 3343 sicut

145 3383 287 3480 lignum
306 3408 436 3482 purum
453 3395 561 3483 atque
579 3409 730 3461 comune
746 3385 818 3458 iam
839 3383 931 3482 quod
952 3382 1086 3457 dudum
1108 3382 1225 3456 luerat
1245 3382 1366 3477 imago

147 3497 399 3571 comburimus
423 3501 523 3573 Item.
541 3499 694 3574 Crucem
712 3521 775 3595 pro
795 3497 965 3573 crucifixo
990 3496 1028 3569 in
1053 3520 1094 3572 ea
1119 3494 1263 3572 Christo
1287 3495 1367 3569 ado·

147 3635 269 3685 ramus
282 3619 318 3686 et
329 3611 582 3707 amplectimur
594 3611 754 3687 fideliter.
770 3615 870 3686 Item.
884 3610 922 3684 Si
936 3609 1016 3708 quis
1033 3617 1177 3685 sanctas
1189 3609 1368 3705 imagines

147 3723 280 3797 domini
298 3725 410 3798 nostri
428 3724 536 3798 lhesu
554 3723 690 3799 Christi
711 3734 747 3798 et
768 3724 848 3799 eius
867 3722 1068 3820 genitricis,
1083 3731 1191 3821 atque
1207 3722 1367 3797 omnium

149 3847 366 3926 sauctorum,
383 3838 584 3913 secundum·
599 3847 804 3913 sanctorum
823 3847 965 3936 patrum
983 3845 1120 3911 statuta
1132 3835 1296 3911 venerari
1310 3859 1368 3910 no

146 3949 266 4038 luerit,
283 3949 473 4026 anathema
492 3950 548 4025 sit.
565 3953 664 4024 Item.
680 3953 762 4025 Non
779 3949 935 4048 amplius
959 3946 1204 4046 suscipiantur
1222 3951 1368 4046 Aposto

147 4063 262 4138 lorum
280 4087 458 4140 canonum
476 4063 611 4164 prolata
637 4088 699 4165 per
725 4071 890 4138 sanctum
918 4062 1151 4148 Clementem,
1172 4058 1242 4133 nisi
1267 4060 1369 4158 quin-

148 4178 323 4274 quaginta
352 4177 470 4276 capita
495 4201 574 4274 quse
598 4176 750 4274 suscipit
776 4184 901 4250 sancta
918 4174 984 4249 Dei
1009 4171 1185 4248 catholica
1211 4175 1369 4246 Romana

149 4289 319 4366 Ecclesia.
337 4293 436 4365 ltem.
454 4290 492 4364 si
506 4289 587 4388 quis
599 4314 644 4364 ex
655 4288 839 4387 episcopis,
852 4287 912 4363 vel
930 4286 1160 4385 presbyteris,
1173 4285 1231 4360 vel
1250 4308 1370 4360 mona·

149 4403 238 4492 ohis,
254 4410 318 4476 aut
334 4427 379 4477 ex
402 4402 505 4478 laicis
521 4411 645 4477 contra
661 4424 839 4476 canonum
865 4412 901 4477 et
918 4410 1121 4476 sanctorum
1140 4409 1281 4499 patrum
1300 4409 1371 4472 sta-

149 4525 229 4591 tuta
242 4538 475 4613 prorumpens
487 4515 527 4589 in
539 4513 675 4612 gradus
684 4505 896 4591 clericorum
906 4518 941 4590 S.
950 4517 990 4590 R.
1001 4512 1180 4603 Ecclesioe,
1188 4512 1280 4589 idest
1288 4515 1370 4586 Pre-

1154 4626 1187 4678 ro
