3608 5498
1004 374 1177 435 ..30-

473 503 562 575 Item
577 501 753 575 decadem
769 524 813 574 re.
827 499 912 595 Cap.
925 500 1043 572 XXX.
1053 496 1188 570 XXXI.
1197 496 1368 569 XXXIII.
1378 495 1558 570 XLVIIII.
1567 496 1694 568 LXVI.

544 617 620 691 XC.
638 616 759 691 CLVI.

473 732 573 819 Quod
596 741 679 804 ante
704 728 924 804 vocationem
952 731 1003 802 Ill
1030 749 1133 803 nemo
1158 723 1409 821 condempnari
1439 722 1574 798 debeat.
1611 722 1695 819 Cap.

543 847 697 920 XXVII.
714 845 894 918 XXVIIII
912 842 950 916 in
968 845 1001 917 1⁰
1020 843 1119 917 libro.

472 958 665 1034 Intentatio
682 956 918 1031 damnationis
936 980 998 1054 pre
1016 955 1254 1031 Xenodochio.
1272 956 1357 1053 Cap.
1375 957 1519 1028 LVIIII.

472 1070 664 1147 IntentatIo
680 1069 1056 1146 excommunicationis
1073 1069 1230 1145 Lotharii
1249 1069 1368 1162 Regis.
1386 1069 1470 1166 Cap.
1488 1068 1545 1143 CI.
1786 1157 1789 1161 ¹

474 1183 806 1260 Excommunicatie
824 1182 995 1258 Archadii
1013 1184 1249 1282 Imperatoris
1267 1182 1352 1282 Cap.
1370 1183 1463 1258 CVI.
1477 1183 1695 1257 CXXXIIII.

472 1299 802 1377 Exeommunicatio
820 1297 967 1371 Maximi
986 1296 1224 1395 Imperatoris.
1243 1298 1328 1393 Cap.
1346 1297 1476 1371 CXXI.

473 1418 560 1490 Item
605 1412 925 1489 excommunicatio
967 1411 1156 1486 Theodosii
1198 1412 1437 1507 Imperatoris.
1476 1410 1560 1507 Cap.
1603 1408 1697 1484 CVI.

472 1646 525 1719 De
541 1642 746 1716 humilitate
764 1643 992 1738 Imperatoris
1011 1640 1177 1738 Philippi,
1195 1651 1230 1715 et
1248 1640 1441 1714 Theodosii.
1464 1641 1549 1736 Cap.
1574 1638 1696 1714 CXLI.

474 1874 525 1946 De
542 1870 680 1945 iustitia
697 1868 1082 1945 excommunicationis.
1100 1866 1184 1963 Cap.
1202 1868 1381 1940 XLVIIII.

474 1986 526 2060 De
541 1982 845 2083 partecipantibus
862 2007 946 2057 cum
964 1978 1291 2057 excommunicatis
1310 1980 1394 2078 Cap.
1421 1981 1578 2055 CLVIII.
1601 1981 1640 2054 in
1665 1981 1698 2054 Ιο

544 2097 604 2171 lib.
621 2121 696 2193 cap.
714 2098 758 2170 Il.
776 2096 814 2169 in
833 2097 883 2168 ΙΙο
901 2120 976 2193 cap.
995 2097 1109 2168 VIIII.

477 2215 527 2286 De
545 2209 870 2286 consecrationibus
888 2208 1288 2284 excommunicatorum.
1303 2209 1388 2307 Cap.
1402 2211 1546 2285 XLIIII.
1559 2218 1596 2285 et
1612 2209 1650 2282 in
1664 2211 1696 2283 Ιο

547 2324 604 2399 lib.
622 2325 751 2399 CXLII
768 2333 804 2399 et
822 2323 978 2398 CXLIII.
996 2324 1171 2399 CXLIIII.
1190 2323 1363 2397 CLVIIII.

474 2440 526 2514 De
555 2436 904 2515 communicantibus
932 2462 1015 2512 cum
1041 2436 1224 2511 sceleratis
1253 2453 1336 2512 ante
1359 2438 1698 2515 excommunicatio

546 2576 638 2625 nem.
655 2551 739 2647 Cap.
757 2549 886 2625 CXVI.
904 2550 1086 2625 CXXIIII.
1104 2552 1288 2626 CXXVII.
1306 2552 1507 2627 CXXVIII.

475 2662 652 2738 Iudicium
668 2661 867 2738 Clementis
885 2673 921 2737 et
938 2662 1104 2739 Anacleti
1122 2666 1191 2738 ΡΡ.
1208 2663 1251 2737 de
1269 2663 1326 2737 his
1351 2663 1481 2762 quibus
1506 2668 1602 2764 Papa
1627 2688 1697 2739 non

546 2775 704 2875 loquitur
721 2799 783 2873 pro
799 2799 921 2851 eorum
940 2776 1045 2852 malis
1061 2777 1212 2852 actibus.
1230 2778 1314 2877 Cap.
1331 2778 1425 2854 CVI.
1694 2873 1696 2876 Ι

475 2889 576 2978 Quod
598 2893 695 2963 Rom.
709 2889 873 2965 Pontifex
886 2889 1003 2965 solvat
1019 2918 1040 2965 a
1054 2891 1254 2966 iuramento
1267 2915 1326 2966 ees
1339 2891 1400 2990 qni
1415 2892 1629 2968 iuraverunt
1641 2892 1699 2968 de·

549 3003 672 3103 positis
690 3003 767 3101 (sic)
784 3003 829 3077 ab
846 3004 916 3078 illo.
934 3004 1019 3102 Cap.
1036 3005 1108 3079 cod.
1125 3006 1363 3081 CXXXVIII.

475 3122 593 3206 Quare
610 3120 707 3192 Rom.
724 3116 889 3192 Pontifex
906 3118 1095 3195 abstulerit
1111 3117 1254 3193 Italiam
1268 3120 1465 3195 Greoorum
1481 3118 1698 3217 Imperatori.

550 3231 634 3326 Cap.
652 3229 872 3304 CXXXVII.

475 3342 654 3430 Quomodo
684 3351 838 3417 rectores
862 3344 1022 3419 ecelesiae
1047 3369 1083 3420 se
1108 3354 1264 3443 ternpore
1292 3344 1551 3443 persecutionis
1575 3357 1697 3441 agant.

546 3455 630 3552 Cap.
647 3455 777 3528 CXVI.
793 3455 940 3532 CXXII.

473 3566 634 3655 Qualiter
650 3566 865 3664 suscipiendi
883 3568 965 3643 sint.
983 3571 1068 3668 Cap.
1085 3573 1184 3646 XXI.

474 3680 526 3753 De
542 3677 711 3753 hereticis
727 3687 764 3753 et
780 3680 1003 3757 scismaticis.
1027 3684 1112 3781 Cap.
1133 3686 1224 3758 LIII.
1242 3685 1405 3759 LXXIII.
1424 3682 1500 3758 XC.
1517 3685 1559 3756 In
1578 3680 1637 3756 lib.
1663 3683 1696 3756 1⁰

546 3791 686 3868 CXLV.
703 3791 880 3869 CCXIIII.
898 3793 1041 3871 CCXV.
1058 3796 1220 3872 CCXVI.
1238 3797 1417 3873 CCXVII.

473 3910 525 3983 De
544 3906 839 4006 participantibus
856 3932 940 3982 curn
957 3908 1101 3983 eisdem.
1118 3910 1160 3982 In
1178 3909 1212 3983 Ιο
1229 3908 1319 3984 libro
1335 3933 1410 4007 cap.
1429 3909 1573 3986 CCXV.

475 4022 525 4095 De
541 4019 775 4096 sacramentis
792 4032 827 4095 et
843 4020 1185 4117 congregationibus
1203 4033 1239 4098 et
1256 4022 1546 4098 ordenationibus
1563 4044 1695 4096 eorum.

546 4134 631 4232 Cap.
659 4134 748 4208 LIII.
783 4133 956 4209 CXVIII..
984 4135 1187 4210 CXXVIII.
1221 4136 1441 4210 CXXVIIII.
1471 4138 1513 4209 In
1547 4136 1580 4208 1⁰
1606 4133 1697 4208 libro

547 4248 719 4323 XXXVI.
738 4249 975 4323 LXXXVIII.
992 4248 1247 4322 LXXXVIIII.
1265 4247 1442 4322 CLVIIII.

472 4362 525 4435 De
541 4358 598 4432 his
614 4381 694 4455 quse
711 4357 873 4453 legitime
890 4382 961 4433 non
979 4361 1081 4434 fiunt.
1099 4364 1142 4434 ln
1159 4364 1186 4435 I.
1203 4360 1293 4436 libro
1306 4384 1382 4457 cap.
1396 4362 1616 4435 LXXXIIII.

473 4471 573 4559 Quod
589 4469 798 4569 symoniaca
815 4470 949 4547 heresis
965 4471 1118 4547 deterior
1134 4473 1191 4549 sit·
1201 4471 1463 4549 macedoniana.
1480 4473 1569 4575 Cap.
1595 4474 1696 4548 XIII.
