3608 5498
805 430 847 446 -
871 397 939 458 444
960 428 1002 442 -

290 516 479 617 impletum
497 522 576 593 est?
590 511 649 591 Fit
665 516 696 592 is
713 516 843 614 quippo
860 515 1063 591 volentibus
1078 516 1144 592 hoc
1163 509 1353 613 Apostolus
1369 515 1524 607 fecerat,

291 629 333 706 ut
346 632 502 730 seipsum
514 628 673 707 servaret
686 626 856 706 aecclesia
869 655 974 729 quem
990 631 1139 728 propria
1147 627 1352 728 persecutor
1361 629 1422 704 ille
1430 653 1525 728 que·

291 743 400 820 rebat
413 739 562 819 Faciant
579 768 666 840 ergo
682 740 778 818 servi
792 744 940 832 Christi,
953 744 1109 818 ministri
1126 743 1226 818 verbi
1244 751 1280 818 et
1296 742 1521 818 sacramenti

290 856 380 946 eius,
389 852 481 955 quod
494 856 683 956 praecaepit,
691 854 768 931 sive
786 854 957 954 permisit.
967 853 1127 954 Fug'iant
1143 854 1346 933 omninode
1362 855 1520 932 civitate

289 971 329 1044 in
346 971 532 1046 civitatem
550 970 690 1069 quando
706 993 829 1046 eorum
847 971 1036 1069 quisquam
1061 969 1299 1069 specialitera
1314 968 1522 1069 persecuto·

295 1083 394 1159 ribus
418 1083 605 1181 quaeritur,
622 1096 663 1159 ut
683 1084 728 1158 ab
744 1083 827 1158 aliis
843 1085 904 1182 qui
922 1085 992 1159 nou
1011 1086 1062 1159 ita
1079 1082 1313 1183 requiruntur
1330 1107 1400 1158 uon
1417 1082 1521 1159 dese·

294 1211 396 1272 ratur
409 1196 652 1286 aecclesia‚sed
665 1197 844 1298 praebeant
857 1198 990 1273 cibaria
1009 1200 1191 1274 conservis
1207 1199 1294 1286 suis,
1303 1220 1390 1296 quos
1403 1195 1516 1272 aliter

292 1311 414 1386 vivere
429 1335 497 1386 uon
513 1335 613 1408 posse
626 1312 904 1387 noverintCum
917 1325 1038 1389 autem
1052 1313 1211 1389 omnium
1224 1312 1315 1387 idest
1327 1311 1519 1410 Episcopo-

290 1449 371 1497 rum
390 1423 449 1497 vel
466 1423 688 1499 Clericorum
701 1433 738 1498 et
749 1424 935 1516 laicorum,
949 1438 1004 1502 est
1021 1451 1209 1502 commune
1222 1424 1432 1525 periculum,
1449 1425 1517 1523 qui

290 1536 372 1612 aliis
390 1537 557 1633 indigent
574 1561 644 1611 non
662 1538 873 1614 deserantur
890 1540 935 1615 ab
950 1540 1009 1614 his
1025 1540 1156 1638 quibus
1172 1539 1347 1635 indigent.
1358 1543 1432 1612 Aut
1443 1539 1518 1634 igi·

288 1660 349 1724 tur
366 1651 411 1725 ad
429 1650 503 1726 loca
523 1651 663 1724 munita
680 1675 803 1726 omncs
820 1662 1093 1743 transmutant
1110 1652 1170 1751 qui
1188 1675 1258 1725 non
1275 1651 1382 1727 habet
1400 1676 1517 1725 rema·

288 1763 397 1837 nendi
423 1763 687 1849 necessitatem,
704 1787 775 1837 non
801 1766 1052 1864 relinquantur
1075 1765 1120 1840 ab
1136 1766 1188 1840 eis
1205 1789 1267 1863 per
1284 1788 1372 1863 quos
1389 1788 1514 1839 eorum

288 1884 344 1948 est
361 1875 614 1950 aecclesiastica
632 1876 828 1974 supplenda
854 1881 1061 1968 necessitas,
1078 1889 1120 1954 ut
1135 1889 1200 1953 aut
1218 1880 1352 1976 pariter
1372 1879 1514 1967 vivant,

288 1997 352 2062 aut
368 1987 498 2077 pariter
512 1988 685 2062 sufferant
697 1989 789 2087 quod
802 2014 861 2065 eos
874 1993 1130 2091 paterfamilias
1147 1991 1245 2067 volet
1258 1991 1514 2090 perpetiQuod

288 2100 318 2174 si
337 2101 541 2197 contigerit,
560 2110 601 2174 ut
618 2103 694 2175 sive
712 2102 774 2174 alii
797 2103 924 2195 maius,
941 2105 1002 2179 alii
1021 2108 1153 2195 minus,
1169 2105 1247 2180 sive
1267 2129 1389 2182 omnes
1405 2129 1514 2202 equa·

153 2277 156 2285 .
289 2213 372 2288 liter
385 2218 580 2311 patiantur,
590 2239 668 2312 quae
681 2239 803 2290 corum
821 2217 895 2292 sint
912 2220 974 2319 qui
992 2243 1054 2315 pro
1070 2218 1153 2292 aliis
1171 2217 1313 2315 patiunt
1329 2226 1512 2318 apparent.

288 2328 345 2404 Illi
359 2329 509 2417 scilicet,
521 2330 582 2427 qui
597 2354 679 2404 cum
702 2355 740 2405 sc
757 2332 893 2429 possint
911 2333 1043 2407 talibus
1062 2333 1166 2407 malis
1179 2332 1313 2431 eripere
1327 2332 1511 2428 fugiendo,

288 2469 333 2518 ne
357 2443 507 2517 aliorum
534 2445 783 2520 necessitatem
802 2446 1005 2522 desererent
1023 2472 1167 2522 manere
1186 2446 1402 2535 maluerunt,
1423 2444 1512 2521 hinc

288 2558 443 2630 maximo
462 2556 630 2655 probatur
647 2557 708 2631 illa
727 2559 859 2634 caritas
884 2584 992 2658 qnam
1011 2560 1187 2635 Iohannes
1205 2558 1393 2659 Apostolus
1417 2582 1513 2634 com·

289 2671 434 2746 meudat
458 2671 591 2746 dicens,
610 2672 648 2746 Si
667 2672 835 2749 Christus
860 2699 921 2772 pro
946 2675 1046 2749 uobis
1070 2675 1227 2747 animam
1254 2699 1355 2747 suam
1381 2672 1512 2770 posuit,

287 2785 341 2860 sic
358 2796 393 2860 et
410 2809 474 2860 nos
491 2786 660 2862 debemus
674 2812 734 2886 pro
752 2789 923 2865 fratribus
940 2789 1095 2863 animam
1111 2790 1348 2888 ponereNam
1362 2785 1429 2861 hoc
1446 2787 1510 2885 qui

287 2900 447 2996 fugiunt,
463 2901 522 2976 vel
539 2902 615 2976 suis
632 2902 690 2978 vel
706 2903 834 2978 alienis
851 2905 982 2981 devicti
1001 2903 1289 2991 necessitatibus,
1302 2902 1417 2976 lacere
1436 2925 1509 2976 uon

287 3014 414 3110 posuit.
428 3014 465 3088 Si
484 3017 728 3114 comprehensi
746 3019 931 3114 patiantur
948 3044 1009 3119 pro
1026 3044 1063 3093 se
1080 3017 1160 3115 ipsi,
1172 3041 1241 3091 nou
1260 3040 1322 3113 pro
1339 3014 1512 3090 fratribus

286 3128 407 3203 votive
433 3129 630 3227 patiuntur.
648 3131 716 3218 Qui
743 3155 826 3207 vero
848 3142 1031 3229 propterea
1056 3130 1254 3228 patiuntur,
1272 3127 1356 3228 quia
1380 3127 1511 3202 fratres

287 3245 348 3340 qui
367 3243 418 3317 eis
432 3244 475 3316 ad
489 3244 722 3319 christianam
736 3245 890 3321 salutem
905 3242 1117 3340 indigebant
1129 3242 1288 3317 deserere
1302 3239 1509 3327 noluerunt,

287 3357 363 3432 sine
381 3357 487 3434 dubio
511 3385 596 3434 suas
623 3361 762 3434 animas
792 3384 853 3458 pro
882 3355 1053 3434 fratribus
1077 3363 1223 3454 ponunt.
1241 3358 1288 3428 Et
1312 3353 1417 3426 iufra.
1434 3351 1510 3426 Cur

287 3471 383 3546 euim
401 3473 469 3547 sibi
487 3483 616 3571 putant
637 3474 881 3550 indifferenter
897 3469 1209 3569 obtemperandum
1229 3491 1305 3543 esse
1324 3472 1509 3564 praecepto,

287 3583 349 3658 ubi
368 3570 498 3680 legunt
514 3587 556 3661 de
574 3587 722 3662 civitate
739 3588 777 3661 in
803 3587 986 3663 civitatem
1013 3607 1089 3658 csso
1115 3582 1339 3678 fugiendum,
1356 3588 1393 3653 et
1418 3600 1510 3652 mer·

287 3699 454 3772 canarius
468 3724 538 3774 uon
551 3710 696 3789 exortat,
706 3701 767 3798 qui
782 3701 880 3775 ridet
892 3700 1019 3800 lupum
1037 3697 1238 3772 venientem
1257 3705 1294 3770 et
1306 3691 1509 3790 fugitquia

287 3835 357 3885 non
375 3824 430 3886 est
447 3812 480 3888 ei
497 3839 585 3889 cura
602 3814 645 3888 de
666 3814 822 3888 ovibus?
847 3814 922 3889 Cur
947 3835 1019 3886 non
1036 3812 1125 3886 istas
1140 3811 1229 3884 duas
1246 3835 1350 3884 veras
1367 3818 1509 3884 seuten-

287 3927 368 4016 tios,
378 3952 486 4000 unam
506 3928 646 4003 scilicet
659 3927 720 4001 ubi
734 3928 859 4024 sugam
877 3925 1021 4014 sinitur,
1034 3935 1097 3999 aut
1113 3923 1269 4014 iubetur,
1282 3921 1431 3997 alteram
1446 3919 1508 3995 uhi

286 4040 457 4136 arguitur
472 4051 579 4140 atquc
597 4041 763 4141 culpatur
776 4042 828 4116 sic
846 4039 1052 4135 intelligere
1069 4038 1273 4113 studentut
1289 4037 1383 4112 iuter
1399 4059 1438 4111 se
1454 4060 1507 4111 re·

287 4157 473 4255 pariantur
490 4181 559 4231 uon
577 4181 654 4232 esse
671 4156 859 4232 contrariae
871 4155 967 4230 sicut
984 4178 1053 4229 non
1071 4157 1181 4228 suut?
1193 4156 1241 4227 Et
1253 4152 1320 4228 hoc
1337 4150 1508 4250 quomodo

288 4269 474 4367 reperitur,
499 4268 570 4344 uisi
594 4270 800 4344 attendatur
824 4268 1010 4366 quodiam
1036 4267 1203 4365 superius
1227 4263 1435 4366 disputavi?
1460 4267 1509 4338 Et

287 4380 392 4480 paulo
410 4393 496 4481 post.
513 4383 581 4458 Vel
604 4383 698 4457 sicut
715 4383 812 4478 fugit
836 4392 984 4458 sauctus
1003 4379 1224 4456 Athanasius
1242 4377 1508 4454 Alexandrinus

287 4493 495 4598 Episcopus,
503 4521 588 4571 cum
601 4519 685 4573 eum
702 4495 905 4600 specialiter
920 4495 1183 4601 apprehendere
1197 4491 1430 4572 Constantius
1446 4516 1508 4568 cu·
