3608 5498
817 378 990 440 ..58-

289 499 470 574 dixerunt.
488 498 714 574 Sanctissimi
737 497 870 573 Vicarii
890 497 1038 573 senioris
1056 501 1175 572 Romae
1195 523 1238 585 ac
1255 522 1318 573 nos
1341 499 1404 597 qni
1431 497 1513 575 reli·

289 636 442 709 quarum
460 610 599 686 sedium
616 610 744 687 vicarii
760 637 897 700 snmus,
913 611 990 688 haec
1006 613 1126 686 omnia
1150 611 1381 688 dissolvimus
1397 613 1512 700 hodie,

290 725 410 822 gratia
427 725 570 800 Domini
588 726 699 799 nostri
718 726 825 800 Ihesu
844 725 980 801 Christi
998 727 1060 825 qui
1077 726 1175 802 dedit
1190 726 1291 802 nobis
1308 728 1441 802 summi
1459 753 1513 801 sa·

290 838 438 915 cerdotii
456 848 684 936 potestastem
702 839 795 913 iuste
812 863 855 914 ac
871 862 1031 935 congrue
1049 839 1187 937 ligandi
1209 850 1316 938 atque
1341 839 1513 931 solvendi,

291 952 458 1051 quoniam
476 951 653 1027 violenter
672 961 708 1028 et
724 964 844 1027 coacte
861 951 981 1025 omnia
998 952 1093 1027 facta
1111 961 1207 1026 sunt.
1224 952 1289 1028 Ille
1311 953 1406 1029 enim
1425 954 1513 1029 Pho

293 1066 366 1141 tius
386 1089 610 1164 praenoscens
627 1067 719 1164 quod
731 1090 801 1140 non
815 1091 878 1164 per
890 1066 1045 1141 hostium
1064 1067 1262 1141 intravitin
1276 1068 1512 1155 ovileovium

293 1179 354 1254 sed
377 1178 523 1253 aliunde
547 1178 719 1266 ascendit,
737 1176 1002 1254 multitudinem
1031 1180 1295 1278 Episcoporum,
1320 1182 1364 1256 ad
1388 1207 1426 1258 se
1451 1207 1513 1280 par

292 1292 413 1368 varias
436 1292 716 1368 machinationes
732 1292 894 1380 attraxit,
911 1293 1079 1369 videlicet
1096 1293 1335 1391 cyrographis
1359 1304 1395 1369 et
1419 1294 1515 1368 iura·

293 1407 421 1483 mentis
439 1431 508 1504 que
524 1404 599 1503 ipse
616 1406 779 1482 confecit.
798 1406 973 1504 Opinatus
995 1432 1056 1505 per
1080 1406 1147 1482 hoc
1173 1407 1211 1480 in
1236 1431 1452 1483 coneursum
1473 1432 1512 1483 se

292 1519 500 1596 habiturum
525 1519 705 1616 proprium
731 1520 974 1617 praesulatum.
999 1523 1090 1596 Item
1111 1522 1148 1593 in
1165 1520 1304 1595 actione
1323 1524 1402 1595 Vll.
1419 1521 1512 1596 eius·

290 1634 368 1709 dem
383 1631 562 1707 Bachanis
576 1633 792 1729 magnificus
809 1629 982 1731 patricius
999 1635 1103 1710 dixit.
1116 1634 1274 1711 Vicariis
1287 1633 1435 1710 senioris
1448 1638 1514 1710 Ro-

293 1774 360 1822 maa
376 1758 413 1822 et
431 1747 648 1844 reliquarum
667 1747 815 1821 sedium.
833 1747 987 1821 Indutiia
1005 1746 1129 1823 Photio
1154 1747 1246 1821 datis
1270 1746 1342 1821 iarn
1360 1746 1514 1846 comple·

289 1861 347 1947 tis,
364 1860 535 1934 duximus
556 1885 639 1935 eum
662 1885 788 1934 rursus
809 1861 853 1934 ad
874 1861 968 1935 hano
989 1871 1148 1936 sanctam
1172 1860 1403 1937 sinodumsi
1426 1885 1513 1958 ergo

292 1973 422 2050 iubetis
440 1975 697 2051 introducatur.
714 1978 761 2048 Et
778 1973 1002 2048 introductus
1018 1984 1074 2049 est
1090 1974 1240 2049 innixus
1265 1973 1392 2050 baculo
1416 1983 1452 2049 et
1474 1997 1514 2050 eo

295 2086 495 2184 Gregorius
512 2086 751 2162 siracusanus
767 2087 902 2162 dudum
921 2087 1126 2185 Episcopus.
1139 2091 1241 2163 Tunc
1255 2087 1419 2162 Marinus
1431 2087 1514 2161 Dia·

293 2224 405 2274 conos
427 2203 476 2296 et}
489 2202 658 2278 Vicarius
680 2204 847 2276 Romanae
867 2201 1049 2289 Ecclesia,
1069 2201 1171 2275 dixit.
1196 2200 1324 2277 Tollite
1343 2200 1513 2279 baculum

289 2316 331 2388 de
348 2341 455 2389 manu
469 2316 557 2391 eius.
572 2315 725 2412 Signum
741 2326 796 2391 est
808 2316 903 2391 enim
917 2314 1107 2411 dignitatis
1120 2314 1318 2412 pastoralis,
1331 2339 1438 2413 quam
1453 2313 1513 2389 hic

290 2429 420 2504 habere
436 2454 507 2504 non
525 2431 638 2519 debet,
655 2431 740 2530 quia
758 2431 866 2528 lupus
882 2440 936 2504 est
953 2439 988 2504 et
1004 2453 1075 2504 non
1093 2437 1222 2526 pastor.
1247 2432 1294 2503 Et
1319 2451 1359 2504 eo
1382 2428 1512 2515 ablato,

291 2544 452 2616 Donatus
470 2544 664 2641 Episcopus
682 2544 803 2633 Ostiae,
820 2555 856 2618 et
870 2543 1074 2640 Stephanus
1087 2542 1295 2640 NapisinuS,
1309 2552 1344 2617 et
1357 2541 1514 2640 praepha·

294 2665 353 2730 tus
367 2656 546 2731 Diaconos
560 2657 723 2731 Marinus
736 2656 874 2732 Viearii
887 2657 1037 2731 Romani
1051 2656 1232 2732 dixerunt.
1245 2659 1287 2730 ln
1300 2655 1513 2753 praecedenti

289 2767 429 2844 actione
451 2771 553 2844 venit
569 2771 613 2844 ad
631 2795 694 2845 nos
712 2769 769 2844 vir
787 2771 854 2846 ista
878 2770 1035 2845 surensis
1059 2779 1095 2845 et
1119 2770 1269 2846 curialis
1294 2769 1454 2858 Plotius,
1477 2779 1515 2845 et

295 2882 500 2959 monuimus
515 2885 620 2959 illum
638 2885 829 2983 apostolica
847 2886 1060 2962 auctoritate
1078 2887 1122 2960 ad
1139 2886 1391 2962 revertendum
1409 2884 1447 2958 in
1459 2909 1516 2960 ac·

289 2997 400 3073 clesia
419 3022 487 3097 per
512 2999 625 3075 libelli
651 2998 924 3097 expositionem,
950 3008 991 3073 ut
1013 2999 1228 3097 recipiamus
1252 3023 1335 3073 eum
1360 2997 1399 3071 in
1421 3021 1515 3073 com·

293 3111 461 3188 munione
478 3113 643 3190 seculari.
660 3118 884 3210 Interrogata
901 3136 988 3210 ergo
1006 3113 1109 3186 illum
1128 3111 1159 3185 si
1177 3111 1258 3185 vult
1273 3111 1390 3186 facere
1416 3109 1514 3186 libel·

294 3226 381 3302 lum.
399 3231 445 3302 Et
462 3228 567 3302 infra.
592 3228 771 3304 Bachanis
796 3226 1177 3325 magnificentissimus
1202 3224 1388 3323 patricius,
1411 3224 1514 3299 dixit.

291 3341 520 3417 Sanctissimi
543 3344 671 3419 vicarii
690 3343 839 3419 senioris
856 3346 984 3418 Romae.
999 3339 1208 3416 Cuiusmodi
1229 3339 1390 3414 libellum
1410 3363 1516 3436 expe-

288 3454 365 3529 titis
381 3454 426 3528 ab
444 3456 627 3555 Episcopis
646 3456 773 3532 Photii.
791 3461 841 3530 At
858 3455 913 3529 illi
930 3456 1110 3530 dixerunt.
1129 3457 1242 3541 Quem
1259 3479 1281 3526 a
1298 3462 1424 3529 sancta
1448 3456 1514 3528 Ro

290 3590 395 3642 mana
413 3570 576 3644 Ecclesia
590 3570 793 3659 retulimus
806 3580 846 3644 ut
861 3567 1048 3667 reprobent
1062 3567 1241 3656 Photium
1253 3575 1290 3640 at
1301 3568 1420 3640 omnia
1432 3575 1513 3641 acta

287 3681 376 3770 eiua,
393 3691 429 3757 et
445 3683 750 3758 anathematizent
767 3683 983 3779 Gregorium
1000 3681 1270 3767 siracusanum,
1285 3689 1321 3755 et
1333 3679 1514 3777 accipiant

288 3795 473 3892 Ignatium
499 3797 746 3872 Patriarcham
773 3807 810 3873 et
834 3796 1075 3872 subiicientur
1099 3793 1166 3869 sub
1191 3793 1339 3892 pedibus
1364 3792 1453 3882 eius,
1477 3802 1514 3867 et

287 3909 379 4009 quod
395 3919 520 3986 sancta
539 3914 697 3986 Romana
714 3911 876 3986 Ecclesia
893 3909 1060 4008 exposuit
1081 3908 1278 4006 peremnia
1305 3906 1427 3981 saciat.
1452 3906 1514 3979 Vi·

286 4024 375 4099 carii
393 4024 622 4100 orientalium
640 4025 779 4101 sedium
796 4024 976 4099 dixerunt.
994 4028 1041 4098 Et
1057 4046 1121 4098 nos
1137 4022 1188 4097 ita
1207 4022 1376 4121 sapimus.
