3608 5498
823 371 974 432 ..7⁴-

291 491 391 577 Quod
409 515 480 566 non
498 491 538 564 fit
566 490 747 587 regularis
770 492 925 568 sinodus
940 492 1017 569 sine
1043 492 1153 566 huius
1177 493 1399 583 auctoritate.
1425 496 1510 596 Cap.
1624 556 1644 581 .·

358 607 512 680 XVIIII.
529 614 565 681 et
580 607 772 682 XXXVII.
787 617 824 685 et
840 608 1011 681 XXVIII.

291 723 341 795 De
356 718 478 796 eadem
497 745 546 795 ra.
564 720 648 818 Cap.
666 722 812 796 LXXII.
829 723 1028 795 LXXVIII.
1046 720 1266 797 CXXVIIII.

290 834 389 922 Quod
407 834 542 909 nonsit
559 835 776 910 consuetudo
798 838 904 934 Papae
922 858 1072 932 praeesse
1089 834 1356 911 universalibus
1377 837 1510 914 sinodis

359 947 429 1022 nisi
447 973 509 1046 per
525 948 664 1042 legatos
681 970 774 1023 suos.
792 949 877 1046 Cap.
895 948 1007 1039 XCV.

289 1062 389 1149 Quod
405 1060 518 1157 legati
535 1061 612 1136 eius
629 1061 667 1134 in
684 1061 852 1136 omnibus
877 1060 1010 1136 sinodis
1035 1061 1141 1160 primi
1165 1062 1403 1138 damnationis
1428 1092 1506 1142 sen·

360 1174 509 1249 tentiam
524 1174 684 1250 inserunt
697 1184 733 1249 et
751 1174 856 1273 primi
874 1173 1115 1249 subscribunt.
1130 1175 1213 1273 Cap.
1228 1177 1306 1250 IIII.
1319 1178 1508 1253 XXVIIII.

209 1308 219 1323 ·
362 1290 532 1363 ΧΧΧΙΙΙ.
549 1290 702 1362 XXXV.
719 1288 926 1362 XXXVIII.

291 1403 390 1491 Quod
407 1401 538 1499 legatis
555 1402 667 1501 ipsius
684 1404 725 1478 fit
741 1402 971 1500 proclamatio
988 1402 1055 1476 sub
1076 1402 1220 1479 nomine
1236 1404 1405 1491 eiusdem.
1424 1407 1508 1504 Cap.

362 1519 550 1591 XXVIIII.

291 1631 388 1718 Quod
406 1630 617 1706 necessitate
634 1632 803 1728 exigente
823 1630 1087 1706 unirersalibus
1104 1631 1236 1706 sinodis
1252 1632 1297 1706 ad
1312 1635 1508 1707 Romanam

364 1745 480 1821 sedem
498 1745 708 1844 appellatur.
727 1747 811 1844 Cap.
829 1748 946 1820 XXX.
963 1756 999 1820 et
1015 1748 1222 1820 XXXVIII.

292 1859 455 1946 Qualiter
473 1861 673 1937 Orientales
698 1860 830 1935 sinodis
851 1858 1081 1934 subscribunt
1106 1882 1194 1955 quas
1221 1859 1372 1935 mittunt
1395 1863 1509 1959 Papae.

361 1977 445 2073 Cap.
463 1979 581 2049 XXX.
599 1976 724 2050 XLIII.

293 2090 392 2176 Quod
406 2091 438 2164 ei
452 2088 559 2165 liceat
571 2090 888 2188 comprovinciales
902 2088 1035 2163 sinodis
1048 2088 1124 2186 (sic)
1134 2098 1170 2163 et
1182 2089 1301 2161 omnia
1315 2089 1512 2188 provincia-

363 2203 411 2275 lia
434 2203 579 2299 negotia
596 2204 704 2278 etiam
728 2229 791 2303 per
814 2203 967 2280 vicarios
990 2225 1072 2277 suos
1095 2212 1298 2279 retractare.
1321 2204 1404 2302 Cap.
1430 2208 1510 2278 XV.

362 2321 443 2392 XX.
460 2320 576 2392 XXII.
593 2319 719 2392 LVIII.
737 2320 846 2393 LXX.
866 2319 993 2391 LXXI.

288 2433 389 2519 Quod
405 2432 484 2507 eius
500 2432 713 2508 auctoritate
730 2432 802 2505 iam
820 2435 918 2505 VIII.
946 2430 1168 2506 universales
1193 2430 1308 2504 sinodi
1332 2430 1507 2507 celebrate

360 2556 456 2621 sunt.
473 2546 557 2644 Cap.
575 2548 763 2620 XXXIIII.
781 2548 935 2620 XXXV.
952 2547 1158 2619 XXXVIII.
1176 2546 1388 2620 CLXXXV.
1415 2557 1419 2563 ‘

289 2665 377 2749 Quae
392 2661 537 2734 sinodus
554 2658 686 2735 dicitur
703 2657 928 2734 universalis.
946 2659 1031 2757 Cap.
1048 2661 1237 2733 XXXVII.

289 2775 390 2862 Quod
407 2772 641 2871 provincialia
654 2772 806 2848 concilia
817 2771 945 2848 cedant
958 2771 1235 2846 universalibus.
1249 2771 1334 2869 Cap.
1349 2772 1507 2868 CXLVI.

291 3003 390 3092 Quod
403 3003 520 3102 priora
537 3003 757 3078 universalia
771 3003 951 3077 interdum
964 3000 1236 3075 emendantura
1254 3000 1505 3097 posterioribus

366 3117 640 3191 universalibus.
658 3116 743 3216 Cap.
761 3117 957 3192 CCXXIII.

295 3236 345 3308 De
367 3230 602 3307 celebratione
627 3229 769 3305 concilii
795 3228 833 3302 in
858 3252 959 3303 anno.
986 3231 1070 3327 Cap.
1088 3231 1130 3302 ΙΙ.
1155 3232 1318 3304 XLVIII.
1347 3232 1508 3304 LXVIII.

291 3459 391 3547 Quod
407 3469 484 3557 post
500 3457 685 3533 Christum
699 3461 827 3533 Petrus
844 3460 981 3556 primus
994 3459 1165 3534 Ecclesia
1182 3458 1340 3556 pontifex
1353 3459 1409 3534 sit.
1423 3461 1507 3558 Cap.

367 3575 547 3648 XLVIIII.
566 3575 601 3647 L.

292 3694 408 3778 Quare
424 3688 576 3764 ecclesia
593 3712 700 3786 super
719 3715 831 3763 unum
848 3689 1046 3764 edificatur.
1064 3689 1149 3786 Cap.
1167 3690 1237 3763 CC.
1256 3692 1355 3763 XVI.

291 3807 409 3890 Quare
425 3803 552 3877 beatus
568 3806 698 3877 Petrus
715 3803 916 3901 specialiter
933 3801 1054 3877 claves
1072 3813 1108 3877 et
1125 3802 1364 3901 principatum
1383 3804 1506 3878 iudicii

362 3917 510 4015 accepit.
528 3920 613 4015 Cap.
630 3918 700 3993 CC.
717 3921 834 3993 XXX.

291 4032 392 4119 Quod
407 4032 503 4106 sicut
519 4034 648 4106 Petrus
665 4041 719 4106 est
736 4032 901 4130 princeps
917 4032 1077 4107 omnium
1097 4032 1355 4130 Apostolorum,
1376 4031 1426 4106 ita
1444 4036 1510 4108 Ro·

364 4171 491 4220 manus
508 4146 673 4221 Pontifex
689 4147 849 4221 omnium
870 4146 1094 4221 Pontificum.
1112 4147 1279 4244 Capitula
1298 4149 1335 4221 L.
1347 4148 1417 4223 CC.
1435 4150 1508 4222 XL.

363 4263 404 4334 ln
423 4259 512 4334 libro
531 4262 615 4333 [ΙΙΙο
633 4261 718 4359 Cap.
736 4264 761 4334 l.

291 4374 390 4461 Quod
407 4382 615 4471 potestatem
633 4374 701 4449 sibi
718 4375 885 4451 traditam
903 4402 924 4449 a
942 4377 1090 4452 Domino
1108 4381 1237 4452 Petrus
1262 4378 1326 4452 soli
1346 4377 1507 4453 Clemen-

363 4488 390 4560 ti
408 4487 611 4563 contulerit.
628 4489 712 4588 Cap.
730 4493 874 4565 XLVII.
891 4500 927 4565 et
945 4491 983 4566 C.
1001 4493 1114 4565 XlllI.
