3608 5498
798 393 996 457 -352-

289 524 325 590 et
342 516 403 614 qui
422 516 514 592 hanc
532 516 692 614 iniquam
721 517 896 592 actionem
922 525 1127 614 operantur,
1143 513 1338 591 detrahunt
1355 514 1508 614 Spiritui

288 638 422 720 sancto,
447 629 632 728 aequaliter
658 639 858 729 peccantes,
874 627 932 703 his
961 629 1373 728 quiblasphemareruut
1390 629 1510 705 dicen·

287 752 352 831 tes
369 744 405 817 in
424 744 623 820 Beelzebub
647 745 762 821 eicere
787 743 946 820 demonia
966 741 1162 819 Christum.
1183 748 1299 839 Atque
1326 751 1367 816 ut
1384 742 1508 817 verius

287 857 461 948 dicamne,
478 859 564 934 lude
581 868 834 958 comparantur
852 856 1030 957 proditori,
1048 856 1109 954 qui
1126 855 1246 930 Iudeis
1263 855 1328 929 Dei
1346 854 1510 930 occisori·

287 971 355 1046 bus
372 970 559 1047 Christum
590 972 759 1048 vendidit.
778 973 870 1050 Cum
896 995 982 1067 ergo
1000 971 1158 1069 Spiritus
1183 978 1331 1044 sanctus
1359 969 1509 1045 consub-

288 1086 469 1161 stantialis
490 1087 538 1162 sit
555 1086 708 1176 Christo,
727 1087 885 1163 eiusdem
910 1085 979 1184 ipsi
998 1083 1168 1185 portionis
1192 1092 1309 1174 erunt,
1325 1093 1361 1158 et
1385 1082 1509 1181 procul

288 1198 396 1273 dubio
419 1222 491 1274 non
520 1209 574 1275 est
603 1199 642 1273 in
666 1200 717 1276 eis
742 1200 861 1297 gratia
880 1201 1037 1300 Spiritus
1061 1200 1188 1286 saneti,
1205 1200 1298 1275 idest
1314 1198 1509 1275 Sacerdotii

291 1310 475 1387 sanctitas.
490 1316 584 1388 Nam
610 1313 701 1411 quod
728 1338 798 1387 non
828 1325 1044 1414 aeceperunt
1068 1337 1138 1389 non
1164 1313 1305 1388 habent.
1325 1313 1387 1387 Ait
1411 1311 1507 1388 enim

291 1428 422 1501 Petrus
440 1427 586 1502 Simoni.
602 1431 683 1501 Non
707 1436 761 1503 est
789 1427 854 1503 tibi
880 1452 962 1526 pars
981 1453 1095 1527 neque
1113 1451 1189 1502 sors
1207 1426 1244 1501 in
1261 1449 1422 1502 sermone
1440 1426 1509 1500 isto

290 1538 373 1637 quia
402 1539 616 1615 existimasti
642 1540 773 1615 donum
795 1540 861 1615 Dei
888 1540 1042 1638 pecunia
1067 1539 1248 1640 possideri.
1264 1543 1358 1615 Nam
1384 1549 1421 1614 et
1436 1540 1510 1614 XX

289 1657 397 1727 VIIII
415 1679 528 1729 canon
547 1664 749 1729 sanctorum
771 1654 1032 1753 Apostolorum,
1053 1665 1090 1728 et
1115 1663 1219 1728 actus
1243 1652 1459 1742 eorumdem,
1475 1662 1512 1728 et

290 1769 342 1842 Ill
360 1778 396 1843 ot
412 1771 482 1844 IIII
501 1768 592 1844 liber
617 1793 823 1865 regnorum,
839 1769 997 1843 alienum
1022 1766 1166 1842 omnino
1182 1791 1203 1839 a
1222 1766 1417 1842 sacerdotio
1435 1791 1510 1864 pro·

289 1883 461 1956 nuntiant
474 1907 568 1973 eum,
580 1883 642 1981 qui
656 1882 846 1982 aliquando
859 1883 997 1958 dederit
1009 1882 1066 1958 vel
1080 1882 1257 1980 acceperit
1270 1881 1456 1978 pecuniam
1470 1882 1510 1954 in

290 1994 411 2093 aliquo
428 2004 596 2094 tempore,
612 1996 689 2072 sive
702 2007 785 2071 ante
803 2022 933 2071 manns
946 1994 1218 2095 impositionem,
1234 1994 1312 2070 sive
1325 1994 1363 2068 in
1381 2020 1511 2070 manus

289 2105 522 2206 impositione,
540 2108 616 2184 sive
634 2118 712 2208 post
728 2109 998 2208 impositionem.
1018 2109 1192 2209 Accipere
1216 2109 1312 2186 enim
1330 2119 1384 2185 est
1400 2133 1511 2208 quan·
1565 2109 1575 2140 ·’

290 2220 488 2320 donumque
504 2222 676 2320 accipere.

841 2348 957 2434 XIIII.

622 2527 671 2577 Ex
688 2525 802 2579 ultima
821 2525 962 2592 epistola
979 2526 1040 2577 vu
1060 2525 1174 2578 sinodi.

388 2678 513 2752 Omnis
531 2702 617 2775 ergo
634 2681 842 2777 Episcopus,
860 2679 919 2754 vel
938 2679 1143 2778 Presbyter,
1156 2687 1220 2754 aut
1237 2679 1417 2755 Diaconns
1430 2703 1514 2754 con·

292 2790 412 2866 rietus
430 2792 521 2888 quod
546 2816 608 2890 per
633 2791 820 2890 pecuniam
847 2818 979 2866 manus
1003 2791 1263 2890 impositionem
1289 2792 1426 2867 dederit
1450 2793 1510 2867 rel

289 2904 479 3002 acceperit,
496 2930 517 2978 a
534 2905 729 2981 sacerdotio
747 2916 821 2979 eta
842 2905 959 3001 gradu
977 2904 1119 2994 decidit,
1136 2904 1299 2979 fortassis
1323 2915 1443 2979 autem
1461 2905 1514 2977 di-

289 3026 378 3092 cunt
402 3017 552 3116 aliquid,
572 3019 655 3117 quia
673 3018 925 3117 paenitentiam
943 3017 1089 3113 agimus
1105 3041 1167 3115 pro
1189 3026 1343 3114 peccatu,
1360 3027 1396 3091 et
1413 3019 1512 3092 Deus

289 3130 447 3227 ignoscit
468 3130 569 3205 illud.
586 3133 641 3205 Ita
659 3141 724 3221 est,
742 3131 827 3230 quia
845 3155 968 3208 omnes
984 3141 1136 3228 agentes
1153 3132 1394 3230 paenitentiam
1414 3134 1511 3206 Deus

290 3242 452 3341 suscipit,
469 3253 506 3319 ct
522 3244 690 3342 indulget
702 3270 763 3343 per
777 3245 1012 3345 penitentiam
1029 3253 1175 3343 peecata
1192 3269 1262 3344 que
1279 3245 1351 3320 iam
1371 3255 1510 3344 patrata

289 3365 385 3431 sunt.
402 3359 448 3431 Et
465 3356 568 3430 infra.
588 3357 656 3432 Sed
680 3357 765 3456 quia
790 3359 989 3434 seeundum
1008 3357 1217 3456 Apostolum
1243 3358 1406 3434 sacerdos
1424 3357 1512 3432 irre·

288 3468 538 3567 prehensibilis
561 3469 664 3545 debet
691 3495 781 3561 esse,
797 3471 860 3569 qui
888 3495 951 3570 per
967 3471 1138 3571 pecunias
1155 3495 1369 3570 quemquam
1387 3493 1509 3546 conse-

290 3582 419 3671 cravit,
428 3581 486 3656 vel
500 3592 729 3659 consecratus
743 3584 956 3674 est,alienus
969 3594 1023 3661 est
1038 3610 1060 3659 a
1073 3584 1279 3677 sacerdotio,
1287 3586 1382 3661 siout
1394 3585 1510 3659 omnis

289 3693 450 3770 eeelesiae
465 3694 602 3771 seimus
617 3695 756 3771 alumni
775 3721 820 3773 ex
836 3698 1019 3775 canonicis
1034 3698 1235 3798 disciplinis
1253 3699 1394 3779 eruditi.

863 3864 939 3948 xv.

318 4006 367 4057 Ex
384 4007 461 4060 vm
481 4007 594 4061 elnodo
612 4010 787 4063 universali
808 4009 913 4062 0ch
932 4013 1168 4079 Episeoporum
1187 4014 1221 4064 in
1240 4012 1365 4065 actione
1385 4013 1486 4064 VIIII.

385 4141 456 4228 Qui
473 4151 596 4216 contra
614 4143 800 4240 Ignatium
819 4145 1090 4220 sanctissimum
1107 4146 1348 4244 patriarcham
1368 4146 1510 4221 menda·

291 4255 381 4328 citer
406 4254 620 4331 iuraverunt
637 4257 721 4331 olim
747 4259 815 4332 sub
833 4257 1013 4334 Michahel
1032 4259 1243 4356 imperatore
1268 4270 1304 4335 et
1320 4260 1436 4334 Barba
1454 4258 1512 4332 do·

292 4366 438 4443 mastico
462 4367 541 4442 eius
566 4370 751 4468 compulsi,
769 4370 805 4444 in
824 4369 977 4447 eeclesia
995 4373 1243 4470 Apostolorum
1262 4373 1300 4446 iu
1318 4383 1510 4474 conspectu

292 4480 436 4554 nefandi
455 4480 607 4557 Consilii
624 4482 821 4559 diffinimus
837 4493 874 4560 et
890 4482 1165 4581 promulgamus
1182 4485 1314 4583 eosqui
1328 4485 1509 4583 nonpeni-
