3608 5498
942 403 1138 471 -306-

427 519 658 597 ecclesiarum
669 545 745 618 esse
755 531 960 598 sanctorum
974 523 1143 613 locorum,
1152 547 1195 598 ac
1209 522 1388 620 religiosis
1400 521 1578 621 obsequiis
1591 524 1649 599 de·

425 635 572 725 servire,
589 635 727 711 nullius
743 637 985 736 temptationis
1007 636 1205 712 molestiam
1230 637 1419 713 sustinere.
1444 636 1648 713 Archadius

426 758 463 824 et
488 752 699 825 Honoratus.
716 751 755 824 Si
777 751 947 828 aecolesiae
973 750 1189 827 venerabilis
1214 750 1406 851 privilegia
1432 750 1646 849 cuiusquam

424 860 560 938 luerint
571 862 772 940 temeritate
786 862 995 954 violata,vel
1004 863 1287 940 dissimulatione
1296 863 1474 960 neglecta,
1483 864 1648 940 commis·

423 1000 505 1049 sum
522 978 594 1050 XII
610 975 784 1052 librarum
796 976 888 1067 auri,
901 977 995 1053 sicut
1008 977 1115 1053 etiam
1129 978 1231 1076 prius
1243 978 1479 1053 constitutum
1495 987 1549 1052 est
1564 1002 1647 1053 con·

423 1087 672 1189 dampnatione
689 1089 877 1189 plectatur,
901 1090 1048 1190 ipsaque
1073 1090 1265 1188 privilegia
1291 1090 1549 1166 nichilominus
1575 1091 1646 1189 ple·

424 1201 614 1277 nissimum
632 1227 694 1300 per
711 1203 830 1278 omnia
846 1203 1031 1302 optineant
1047 1203 1220 1301 vigorem.

955 1407 1123 1492 cxxxv.

843 1613 892 1663 Ex
911 1610 1029 1665 eodem
1046 1612 1174 1665 constit.
1195 1612 1220 1663 1.

518 1772 751 1870 Imperatores
781 1771 861 1847 val.
886 1776 1008 1849 Marco
1025 1773 1184 1847 Palladio
1205 1773 1359 1870 praetorii
1386 1774 1560 1872 praefecto.
1582 1777 1644 1848 Sa·

423 1882 513 1958 laria
536 1908 616 1982 quae
633 1884 871 1960 sacrosanctis
887 1885 1059 1961 aeclesiis
1076 1888 1121 1962 in'
1132 1887 1284 1963 diversis
1302 1888 1487 1987 speciebus
1504 1890 1546 1964 de
1558 1889 1645 1988 pub·

419 1995 513 2072 blico
529 2007 680 2073 actenus
697 1998 902 2074 ministrata
926 2009 1023 2089 sunt,
1048 1999 1213 2076 iubemus
1239 2026 1337 2076 nuuc
1363 2023 1503 2099 quoque
1525 2002 1646 2077 incon·

421 2134 539 2202 cussa,
564 2120 600 2186 et
624 2135 646 2184 a
671 2110 770 2187 nullo
794 2135 939 2211 prorsus
960 2111 1151 2187 imminuta
1171 2113 1342 2212 praestari,
1365 2113 1644 2214 liberalitatique

419 2222 506 2300 huic
522 2225 796 2324 promptissimae
813 2236 1022 2325 perpetuam
1044 2224 1240 2306 tribuimus
1261 2226 1477 2302 firmitatem.
1499 2228 1578 2301 Dat.
1599 2230 1643 2302 ll.

420 2337 470 2412 Id.
489 2338 660 2414 Novemb.

939 2486 1126 2571 cxxxvl.

513 2685 585 2756 Lao
603 2663 1011 2782 Imperatorrlugustus
1026 2643 1193 2759 Armasio
1210 2685 1364 2784 praetorii
1386 2685 1559 2782 praefecto
1584 2688 1642 2761 Iu-

415 2794 542 2871 bemus
558 2807 600 2872 ut
616 2796 740 2872 nullus
756 2795 814 2870 eui
833 2823 890 2873 res
906 2796 1159 2875 aeclesiastica
1184 2797 1419 2893 gubernanda
1438 2797 1640 2886 mandatur,

416 2909 593 2985 ullomodo
609 2934 687 2985 cam
706 2909 862 2986 alienare
878 2923 943 2987 aut
958 2911 1153 2986 transferre
1174 2910 1313 2985 audeat.
1338 2911 1439 2997 Quod
1464 2911 1526 3009 qui
1551 2938 1638 3011 prae·

416 3024 620 3121 sumpserit,
636 3023 834 3122 expolietur
850 3050 917 3099 sua
934 3025 1124 3122 dignitate,
1140 3035 1176 3099 et
1191 3022 1335 3098 tabellio
1347 3023 1409 3122 qui
1424 3024 1640 3098 instrumen-

414 3145 453 3210 ta
469 3136 721 3235 conscripserit
737 3137 775 3210 in
793 3138 943 3213 exilium
967 3139 1131 3228 ducatur,
1153 3148 1189 3213 et
1213 3137 1321 3212 iudex
1345 3137 1407 3235 qui
1433 3138 1636 3212 huiusmodi

415 3250 647 3342 consenserit,
664 3273 735 3325 non
754 3261 941 3328 revocetur
958 3251 1002 3326 ad
1019 3250 1205 3328 iudicium.
1296 3330 1298 3335 ⁴

820 3540 821 3544 p
924 3443 1129 3528 CXXXVII.

805 3647 887 3699 Item
905 3657 946 3699 ex
965 3646 1040 3711 legs
1059 3647 1244 3700 Iustiniana

509 3823 546 3897 Si
560 3823 641 3921 quis
655 3823 946 3922 emphytheoseos
958 3833 1184 3901 contractum
1201 3824 1238 3897 in
1253 3823 1534 3899 ecelesiasticam
1549 3848 1635 3914 rem,
1737 3861 1740 3866 ·

413 3937 472 4012 vel
484 3936 634 4012 alterius
648 3935 862 4013 venerabilis
875 3936 943 4012 loci
958 3936 1178 4014 contraxerit
1190 3936 1464 4034 imperpetuum,
1478 3935 1634 4034 primum

412 4049 555 4147 quidem
572 4049 609 4123 id
625 4050 718 4149 quod
734 4060 856 4126 actum
873 4059 938 4140 est,
955 4073 1018 4147 pro
1035 4050 1168 4126 inlecto
1185 4048 1382 4126 habebitur.
1399 4050 1535 4125 Deinde
1556 4059 1635 4124 tan·

411 4174 490 4238 tum
508 4189 592 4240 eum
611 4187 820 4263 unoquoque
837 4187 931 4239 anno
948 4174 1118 4263 perpetuo
1135 4173 1303 4262 praestare
1316 4162 1542 4238 sanctissimo
1558 4162 1634 4239 loco

410 4288 556 4374 oportet,
572 4286 748 4376 quantum
766 4278 1000 4376 prestitisset,
1017 4275 1079 4350 sed
1099 4275 1144 4350 ab
1168 4274 1272 4350 initio
1296 4274 1461 4371 legitima
1486 4275 1635 4374 emphy-

409 4388 548 4464 theusis
564 4415 653 4480 esse,
670 4390 783 4468 nichil
800 4401 1006 4467 remanente
1029 4389 1124 4488 apud
1148 4413 1231 4464 eum
1255 4413 1299 4464 ex
1323 4387 1379 4463 his
1403 4412 1482 4486 qum
1507 4388 1630 4464 fructu

409 4500 711 4602 emphytheuseos
726 4502 910 4580 occasione
934 4502 1092 4604 prestita
1117 4511 1213 4576 sunt
1238 4504 1308 4578 Res
1331 4501 1426 4577 enim
1444 4502 1522 4600 ipsa
1546 4526 1630 4576 cum
