3608 5498
803 430 845 448 -
869 398 935 462 aaa
959 431 1000 449 -

799 549 996 636 XXXVIII.
1126 552 1129 560 '

663 730 713 780 Ex
731 727 865 782 decreto
884 730 987 793 Papae
1006 730 1134 784 Liberil.

386 859 456 947 Qui
475 869 598 935 contra
616 886 739 961 pacem
760 863 930 940 aecclesiae
946 874 1043 953 suut,
1066 866 1095 939 si
1113 867 1341 963 dignitatern,
1357 877 1422 942 aut
1438 868 1513 944 cin·

288 972 411 1048 culum
439 973 579 1049 militiae
601 975 743 1067 habent,
760 979 942 1053 nudentur
958 979 1001 1054 de
1017 981 1079 1055 eis.
1097 980 1136 1055 Si
1153 991 1273 1058 autem
1299 980 1443 1079 privati,
1467 980 1513 1056 si·

288 1086 430 1184 quidem
455 1087 589 1163 nobiles
610 1100 706 1179 sunt,
731 1117 878 1167 suarum
904 1091 1188 1168 substantiarum
1216 1093 1510 1192 proscriptionem

289 1199 483 1297 patiantur,
500 1201 530 1276 si
549 1213 670 1279 autem
689 1205 877 1300 ignobiles
889 1230 958 1279 non
973 1206 1088 1281 solum
1105 1231 1249 1306 corpore
1266 1208 1511 1296 verberentur,

211 1391 214 1398 ‚
292 1313 353 1388 sed
370 1314 479 1390 exilio
496 1327 666 1415 perpetuo
681 1319 918 1414 castigentur.
1142 1331 1144 1334 ’
1238 1325 1240 1337 “
1338 1347 1341 1353 ·

789 1508 1020 1608 ΧΧΧῩΠῙΙ.Ι

710 1714 759 1766 Ex
778 1715 841 1766 1111
860 1726 932 1780 cap.
951 1715 1085 1781 HylarII.

383 1884 460 1957 Nec
477 1892 618 1959 tantum
638 1885 755 1984 puteis
771 1885 960 1984 petitiones
985 1885 1107 1962 valere
1132 1886 1341 1986 populorum
1360 1897 1402 1962 ut
1425 1912 1510 1962 cum

253 2014 256 2019 ⁴
288 1994 346 2071 bis
363 2021 486 2094 parere
504 1999 637 2096 cupitis
654 2000 875 2075 voluntatem
896 1999 961 2074 Dei
980 2002 1092 2075 nostri
1110 2027 1178 2100 que
1197 2024 1261 2076 nos
1274 2025 1421 2100 peccare
1435 2023 1512 2100 pro

287 2107 387 2183 hibet
402 2107 580 2186 deieratis
598 2112 712 2188 Cuius
729 2113 930 2209 indignatio
947 2137 992 2188 ex
1012 2113 1079 2189 hoc
1106 2115 1232 2210 gravis
1256 2126 1512 2203 commovetur,

290 2222 376 2321 quia
392 2222 600 2318 benignitas
617 2227 696 2302 eius
712 2229 797 2302 dum
816 2229 920 2316 fiunt,
937 2225 1064 2302 illicita
1081 2252 1143 2325 per
1156 2250 1214 2301 eos
1227 2226 1388 2325 quisunt
1403 2227 1513 2301 inter·

288 2347 404 2435 prutes
422 2338 632 2435 placationis
649 2341 850 2417 offenditur.
867 2345 948 2417 Non
975 2341 1071 2417 enirn
1098 2341 1220 2415 minus
1245 2341 1283 2415 in
1303 2352 1512 2416 sanctarum

287 2451 519 2526 traditionum
537 2454 798 2554 derelinquitur
816 2455 1020 2531 sanctiones
1037 2480 1144 2553 quam
1167 2455 1205 2528 in
1230 2453 1343 2553 ipsius
1368 2452 1511 2528 Domini

292 2565 464 2640 iniuriam
482 2569 675 2666 prosilitur.

862 2712 931 2797 ιιι.
1062 2835 1065 2841 ι

385 2911 552 2986 Gelasius
570 2916 702 2988 Fausto
720 2912 893 3008 magistro
906 2912 1075 3008 fungenti
1089 2911 1280 3008 legationis
1291 2911 1408 3010 officio
1422 2910 1513 2986 Con-

288 3022 563 3123 stantinopolim.
586 3029 684 3101 Inter
701 3035 830 3102 cetera.
855 3028 932 3121 Ego
950 3049 1089 3123 quoque
1106 3035 1224 3100 mente
1245 3024 1400 3125 percepi,
1425 3026 1514 3099 Gre-

291 3151 350 3211 cos
368 3136 403 3209 in
424 3164 489 3212 sua
506 3139 742 3217 obstinatione
765 3163 962 3214 mansuros
987 3139 1097 3214 Nobis
1121 3139 1202 3214 ausi
1227 3149 1313 3214 sunt
1333 3162 1512 3213 canonum

293 3251 510 3328 mentionem
528 3254 658 3343 facere,
677 3264 800 3330 contra
823 3278 911 3352 quos
935 3252 1190 3328 ambitionibus
1213 3277 1351 3352 semper
1371 3251 1512 3327 illicitis
1548 3277 1556 3287 ·

289 3365 434 3439 tenendi
453 3390 530 3441 esse
547 3376 800 3441 monstrantur.
819 3370 898 3454 Qua
915 3365 982 3465 ipsi
1000 3367 1147 3464 synodo,
1163 3365 1223 3441 vel
1235 3366 1433 3441 secundum
1451 3389 1513 3441 cu-

289 3477 348 3552 ius
366 3479 493 3575 synodi
517 3480 678 3568 formam,
698 3480 982 3555 Alexandrinum
1008 3479 1201 3555 Iohannem
1220 3479 1432 3556 deecclesia
1451 3479 1513 3555 cui

289 3592 474 3667 ordinatus
492 3594 610 3670 fuerat
626 3594 852 3694 expulerunt.
868 3597 916 3670 Et
933 3595 1038 3692 paulo
1052 3604 1139 3695 post.
1152 3595 1294 3682 Quodsi
1308 3594 1514 3670 dicuntim·

289 3719 428 3804 perator
445 3708 510 3785 hoc
527 3709 624 3799 fecit,
641 3709 706 3786 hoc
723 3710 841 3809 ipsum
855 3710 986 3809 quibus
999 3709 1208 3799 canonibus,
1225 3707 1355 3806 quibus
1373 3707 1513 3804 regulis

288 3830 343 3896 est
359 3829 603 3921 preceptum?
621 3824 696 3900 Cur
712 3823 801 3899 huic
817 3833 892 3898 tam
911 3846 1020 3922 pravo
1036 3823 1188 3898 facinori
1212 3822 1394 3898 consensit
1419 3827 1513 3896 Aca-

289 3934 414 4010 thius?
436 3960 520 4010 cum
546 3937 741 4012 auotoritas
766 3936 890 4011 divina
915 3936 1023 4019 dicat.
1048 3960 1118 4012 non
1144 3936 1260 4012 solum
1283 3936 1345 4034 qui
1371 3935 1514 4011 faciunt

290 4073 402 4147 prava
420 4072 498 4124 reos
514 4075 602 4140 esse,
623 4051 685 4126 sod
709 4059 747 4126 et
763 4051 824 4149 qui
842 4050 1004 4126 sentiunt
1027 4048 1270 4125 facientibus?
1293 4048 1431 4137 Quibus
1455 4071 1514 4122 ca·

291 4163 457 4251 nonibus,
474 4163 605 4262 quibus
622 4163 762 4260 regulis
779 4162 980 4239 Kalendion
997 4159 1244 4237 Antiochenus
1260 4160 1429 4237 exclusus
1445 4170 1512 4247 est,

289 4274 348 4349 vel
365 4275 472 4372 primi
490 4275 634 4349 urbium
651 4277 874 4351 diversarum
889 4276 1089 4352 sacerdotes
1101 4275 1299 4352 catholici?
1312 4279 1391 4363 Qua
1405 4275 1514 4349 tradi·

289 4386 385 4461 tione
405 4386 579 4462 maiorum
597 4389 825 4488 apostolicam
840 4389 959 4465 sedem
973 4388 1148 4465 iudicium
1161 4399 1302 4466 vocant.
1314 4394 1372 4464 An
1385 4413 1514 4464 secun·

289 4499 344 4576 dre
360 4498 454 4577 sedis
470 4501 621 4579 antistes
637 4513 673 4580 et
694 4502 809 4580 tertia
833 4503 1014 4604 ceterique
1038 4501 1128 4580 bene
1153 4501 1286 4579 conscii
1311 4501 1515 4588 sacerdotes
