3608 5498
795 411 837 430 ...
862 381 928 446 456
954 407 994 428 ..

236 509 238 514 ’
286 510 389 600 getat
412 502 487 600 ipse
512 500 668 599 Spiritus
693 499 893 577 invenerit.¹
905 503 999 574 Nam
1016 499 1165 599 spiritns
1182 506 1239 576 est
1256 498 1296 574 in
1311 506 1347 576 te
1363 499 1517 591 ohomo,

287 641 356 715 quo
373 626 447 691 stas
463 625 505 690 ut
521 615 624 690 homo
640 615 702 691 sis
722 615 905 713 Numquid
930 612 1095 689 vivificat
1118 614 1332 705 membrum,
1349 617 1441 715 quod
1460 643 1516 694 se·

288 739 453 831 paratum
466 729 688 804 iuvenitura
704 753 813 805 carne
826 731 916 803 tua?
929 727 1027 802 Idem
1045 726 1083 800 in
1097 750 1259 803 sermone
1272 730 1516 822 Pentecostcs,

286 843 393 920 cuius
405 842 549 918 initium
564 853 628 919 est.
637 843 843 917 Adventum
855 840 1013 940 Spiritus
1025 840 1216 916 sanctiNo
1229 851 1417 939 putaretur
1429 867 1513 920 con·

288 981 441 1056 sequens
465 966 530 1045 est,
546 966 589 1031 ut
613 954 777 1054 quisquis
802 954 1027 1053 Baptismum
1046 953 1235 1029 Trinitatis
1255 956 1432 1046 habuerit,
1450 958 1513 1032 ha·

286 1069 369 1148 beat
383 1071 491 1147 etiam
514 1070 689 1168 Spiritum
714 1080 879 1145 sanctum
905 1078 1089 1167 propterea
1106 1069 1145 1143 in
1163 1069 1239 1167 ipsa
1258 1070 1396 1147 unitate
1414 1072 1514 1148 sacta

289 1197 346 1262 est
369 1196 469 1262 tanta
487 1187 681 1277 distinctio,
697 1197 739 1262 ut
756 1184 985 1262 inveniamus
1001 1183 1171 1282 quosdam
1188 1183 1384 1283 baptizatos
1402 1185 1516 1285 Spiri-

289 1310 369 1376 tum
387 1310 552 1376 sanctum
571 1310 690 1398 postea
708 1299 892 1388 meruisse,
908 1322 993 1373 cum
1010 1298 1055 1373 ad
1076 1296 1157 1372 illos
1177 1298 1214 1371 in
1236 1298 1434 1373 Samariam
1453 1325 1517 1376 ve·

288 1413 428 1489 nissent
435 1411 604 1512 Apostoli,
614 1413 743 1511 quihus
751 1410 960 1488 absentibus
971 1411 1117 1487 fuerant
1128 1410 1307 1510 baptizati.
1316 1413 1416 1488 Alios
1427 1425 1516 1491 ante

287 1527 519 1627 baptismum,
535 1527 588 1604 sic
605 1527 770 1626 loquente
797 1531 903 1604 Petro
919 1525 1127 1601 Cornelium
1143 1540 1180 1602 et
1194 1550 1253 1603 eos
1270 1527 1332 1626 qui
1350 1553 1432 1604 cum
1451 1529 1516 1604 illo

271 1650 399 1716 erant.
416 1642 531 1737 Super
548 1638 637 1714 alios
651 1662 732 1714 mox
743 1637 950 1737 baptizatos,
966 1640 1062 1715 sicut
1078 1627 1186 1737 super
1198 1640 1303 1715 illum
1321 1642 1515 1739 spadonem

289 1754 350 1830 cui
368 1753 572 1853 Phylippns
588 1753 855 1850 evangelizavit
872 1752 1068 1830 Christum.
1086 1756 1201 1851 Super
1225 1754 1313 1829 alios
1340 1781 1514 1830 manuum

291 1866 515 1966 impositione
532 1867 792 1968 Apostolorum,
808 1867 904 1943 sicut
917 1865 1071 1941 maxime
1083 1890 1191 1962 super
1204 1866 1384 1965 plurimos.
1398 1871 1515 1966 Super

288 1981 376 2056 alios
401 1980 501 2054 nullo
526 2006 672 2054 manum
696 1980 929 2078 imponentes
947 1979 1098 2055 Cunctis
1119 1979 1304 2055 orantibus
1325 1981 1421 2056 sicut
1444 1980 1516 2058 hac

288 2095 357 2184 die,
373 2120 458 2171 cum
483 2104 603 2170 essent
627 2093 665 2167 in
683 2118 755 2169 uno
771 2093 935 2169 conclavi
955 2095 1060 2171 CXX
1076 2094 1207 2171 animae
1225 2120 1309 2171 cum
1329 2096 1517 2193 Apostolis

289 2213 405 2308 Super
421 2208 510 2283 alios
526 2233 593 2284 nec
611 2207 731 2306 aliquo
749 2233 897 2282 manum
914 2209 1129 2307 imponente,
1142 2235 1209 2287 nec
1226 2209 1346 2308 aliquo
1362 2221 1518 2299 orantes,
1595 2205 1597 2208 ’

288 2323 350 2399 sed
368 2321 519 2398 verbum
537 2320 602 2396 Dei
616 2320 759 2397 cunctis
775 2322 1006 2397 audientibus
1022 2310 1119 2397 sicut
1135 2347 1242 2420 super
1256 2322 1461 2399 Cornelium
1479 2333 1518 2399 et

289 2434 499 2512 domesticos
516 2433 603 2509 eius
622 2438 707 2510 Haee
725 2435 846 2533 itaque
864 2435 1048 2512 distinctio
1065 2434 1103 2509 in
1129 2435 1334 2532 acceptione
1355 2436 1515 2532 Spiritus

289 2544 407 2626 sancti
420 2549 509 2624 satis
521 2571 586 2623 nos
597 2548 820 2624 instruitNo
832 2549 961 2626 hahere
975 2550 1144 2625 continuo
1157 2551 1333 2648 Spiritum
1345 2562 1515 2627 sanctum
1600 2629 1604 2636 ,

288 2675 466 2762 putemus,
483 2686 571 2760 qnos
589 2662 720 2738 habero
736 2662 953 2760 baptismum
971 2688 1042 2739 non
1066 2688 1255 2761 negamus.
1272 2665 1369 2740 Idem
1398 2665 1434 2737 in
1458 2689 1516 2740 eo·

289 2779 378 2854 dem.
388 2781 496 2853 Recte
509 2777 740 2874 intelligitur,
749 2778 917 2877 quamvis
930 2802 989 2852 eos
1001 2779 1217 2876 baptismum
1232 2778 1368 2855 Christi
1382 2778 1513 2855 habere

289 2894 478 2983 fateamur,
503 2891 679 2967 hereticos
704 2916 773 2966 non
798 2892 960 2990 accipere
985 2892 1045 2967 vel
1069 2893 1304 2992 soysmatioos
1334 2892 1511 2990 Spiritum

140 3107 143 3113 .
288 3018 467 3095 sanctum,
494 3005 566 3079 nisi
595 3005 810 3082 adhaeserint
839 3006 969 3082 unitati
999 3033 1061 3107 per
1090 3007 1308 3083 consortium
1338 3007 1514 3083 caritatis

290 3121 462 3220 Quisquis
479 3145 564 3197 vero
576 3130 618 3196 ut
629 3120 682 3196 ait
699 3119 889 3217 Apostolus
904 3120 1073 3218 spiritum
1089 3120 1226 3197 Christi
1240 3120 1437 3210 nonhabet,
1451 3120 1514 3199 hic

289 3259 361 3311 non
377 3244 431 3310 est
446 3235 534 3311 eius.
551 3235 648 3311 Idem
666 3234 705 3310 in
717 3234 786 3310 alio
798 3233 956 3323 eiusdem
972 3236 1194 3324 festivitatis,
1218 3237 1280 3334 qui
1302 3236 1353 3311 ita
1377 3235 1517 3334 incipit

289 3351 367 3423 Hoc
383 3347 514 3423 videtis
530 3347 568 3421 in
584 3347 701 3422 altari.
713 3352 769 3423 Ita
783 3347 912 3423 iratres
929 3349 1005 3426 ideo
1021 3350 1154 3425 dantur
1171 3358 1410 3440 sacramenta,
1427 3350 1515 3448 quia

291 3462 331 3537 in
347 3462 399 3539 eis
416 3461 514 3536 aliud
532 3462 686 3551 videtur,
703 3460 802 3536 aliud
819 3461 1050 3560 intelligitur.
1068 3463 1168 3552 Quod
1191 3463 1335 3539 videtur
1359 3462 1516 3559 speciem

292 3577 401 3652 habet
413 3575 642 3676 corporalem,
651 3576 744 3674 quod
755 3575 976 3672 intelligitur
989 3578 1148 3653 fructum
1162 3574 1516 3674 habetspiritualem.

290 3693 429 3791 Corpus
446 3690 583 3768 Christi
601 3718 689 3767 suus
706 3691 912 3788 intelligere
931 3691 1137 3789 Apostolum
1160 3690 1245 3765 audi
1271 3690 1448 3766 dicentem
1475 3690 1515 3764 fi-

290 3806 438 3882 delihus.
456 3809 529 3881 Vos
545 3807 633 3882 estis
649 3807 787 3904 Corpus
804 3804 950 3882 Christi.
968 3804 1081 3879 Audis
1098 3828 1227 3904 corpus
1244 3803 1381 3880 Christi
1407 3814 1443 3878 et
1461 3828 1517 3879 re·

290 3920 439 4017 spondes
456 3924 582 3995 Amen.
601 3922 685 3994 Esto
703 3920 902 3995 membrum
921 3917 1076 4016 corporis
1095 3917 1243 4006 Christi,
1261 3926 1302 3991 ut
1319 3941 1444 3992 verum
1464 3916 1514 3992 sit

292 4037 420 4108 Amen.
437 4032 534 4108 Idem
548 4034 660 4108 frater
672 4033 709 4107 in
728 4033 922 4109 Iohannem
940 4032 1068 4109 omelia
1084 4036 1170 4108 XX‘
1191 4035 1270 4108 VI‘.
1285 4035 1379 4107 Nam
1396 4042 1432 4107 et
1448 4054 1515 4108 nos

290 4144 394 4220 hodie
410 4145 609 4244 accipimus
625 4145 803 4222 visibilem
817 4145 947 4222 cihum.
960 4147 1029 4223 Sed
1049 4147 1148 4222 aliud
1165 4157 1220 4223 est
1236 4154 1515 4238 sacramentum,

289 4257 389 4331 aliud
408 4259 526 4334 virtus
543 4261 776 4337 Sacramenti.
793 4264 840 4337 Et
856 4271 934 4359 post
951 4285 1076 4360 pauca.
1092 4264 1163 4337 Hic
1180 4271 1236 4337 est
1253 4260 1357 4358 panis
1377 4259 1420 4336 do
1436 4260 1516 4336 celo

292 4371 519 4461 descendens,
536 4385 577 4448 ut
594 4374 624 4448 si
638 4375 719 4473 quis
731 4398 776 4449 ox
788 4375 864 4473 ipso
877 4374 1150 4450 manducaverit
1162 4397 1232 4449 non
1248 4373 1429 4449 moriatur.
1442 4373 1515 4449 Sed

291 4482 384 4585 quod
402 4485 556 4586 pertinet
571 4486 616 4565 ad
633 4487 806 4564 virtutem
824 4487 1060 4581 Sacramenti,
1076 4509 1146 4564 non
1170 4487 1262 4590 quod
1288 4485 1444 4589 pertinet
1467 4486 1514 4566 ad
