3608 5498
694 407 890 468 -331-

184 541 302 604 tacere
313 553 381 604 nou
393 527 842 617 estlicitum,vobisautem
853 528 897 602 ad
912 538 1120 628 presentem
1135 529 1228 604 etad
1243 529 1402 603 futuram

183 643 335 741 gloriam
355 640 457 717 valde
483 641 737 731 necessarium,
762 640 931 717 videlicet
957 666 1111 738 regnum
1138 641 1335 740 Hyspaniae
1361 666 1405 715 ex

183 759 343 856 antiquis
356 756 949 846 constitutionibus,beatoPetroet
959 753 1406 831 SanetoeRomauoeEecle

186 874 248 947 sire
262 872 299 945 in
313 872 370 945 ius
383 881 418 946 et
436 871 685 969 proprietatem
699 869 873 945 traditum
888 895 974 945 esse.
990 868 1090 957 Quod
1102 867 1275 942 nimirum
1287 869 1406 942 hacte-

50 1006 51 1009 ’
185 1013 254 1061 nus
276 994 311 1061 et
329 984 588 1083 praeteritornm
614 993 812 1081 temporum
840 982 1072 1072 incommoda,
1089 990 1125 1058 et
1141 991 1406 1056 antecessorum

54 1115 58 1120 '
185 1108 386 1174 nostrorum
403 1097 520 1173 tacuit
532 1095 879 1192 neglegentin.Nam
894 1096 1099 1195 priusquam
1115 1118 1269 1191 regnum
1282 1093 1407 1169 illude

186 1210 395 1288 Sarracenis
404 1235 593 1310 pervasum
605 1220 712 1297 est,et
725 1209 926 1299 servitium,
936 1210 1026 1307 quod
1035 1210 1248 1285 beatoPetro
1260 1207 1344 1283 inde
1356 1229 1408 1282 so·

184 1328 280 1404 lebat
293 1326 381 1415 fieri,
394 1335 535 1423 propter
548 1323 794 1403 infidelitatem
809 1347 932 1399 eorum
945 1334 982 1398 et
994 1323 1209 1397 tirannidem
1223 1323 1407 1397 detentum

184 1442 315 1516 abusu
332 1449 534 1514 nostrorum
552 1447 604 1514 tot
621 1437 726 1511 annis
744 1437 982 1533 interceptum
1000 1444 1064 1523 cst,
1082 1434 1216 1533 pariter
1228 1432 1337 1509 etiam
1355 1457 1405 1508 re·

185 1545 1407 1654 rumetproprietatismemoriadilabicepit.Verumquiadivinacle·

184 1669 317 1743 mentia
335 1690 502 1743 concessa
518 1667 620 1742 vobis
645 1668 682 1740 in
708 1665 827 1740 hostes
844 1664 924 1738 illos
948 1686 1156 1760 semperque
1178 1659 1405 1737 concedenda

65 1796 67 1801 '
183 1781 333 1857 victoria
350 1792 446 1856 terra
464 1781 501 1854 in
520 1807 649 1855 manus
665 1791 806 1856 vestras
830 1776 922 1852 tradi
944 1776 1048 1851 debet
1068 1775 1221 1851 ulterius
1244 1798 1308 1849 vos
1324 1798 1408 1850 cau·

186 1922 261 1970 sam
280 1895 375 1971 hane
400 1896 567 1991 ignorare
591 1897 759 1970 nolumus
784 1914 900 1990 neque
926 1914 1104 1990 supernus
1124 1888 1257 1962 arbiter
1282 1887 1406 1982 legum

183 2035 226 2085 ae
243 2009 391 2084 iustitiae
409 2009 572 2101 creditor,
582 2011 623 2084 dc
640 2005 882 2107 recuperanda
895 2003 1034 2077 iustitia
1047 2001 1226 2077 ethonore
1240 1999 1332 2074 beati
1345 2003 1407 2073 Pe-

182 2122 229 2196 tri
248 2122 396 2220 eiusque
414 2132 547 2197 sanctae
564 2121 814 2220 etapostolicae
833 2118 934 2193 Sedis
954 2116 1079 2213 gloriae
1099 2125 1229 2191 vestrae
1245 2116 1289 2189 ad
1305 2114 1409 2190 bene·

183 2236 391 2311 merendum
410 2236 574 2324 contulit,
591 2247 653 2310 aut
671 2235 773 2310 nobis
790 2258 834 2308 ex
851 2230 1103 2306 taciturnitate
1117 2230 1154 2303 in
1169 2228 1409 2325 neglegentiae

182 2347 336 2446 eulpam,
353 2359 418 2423 aut
435 2349 535 2423 vobis
553 2373 599 2424 ex
617 2345 822 2445 ignorantia
844 2345 936 2443 quod
961 2343 1056 2418 absit
1083 2343 1128 2419 ad
1153 2343 1407 2418 detrimentum
1449 2343 1451 2347 ’

184 2461 370 2560 propositor
391 2472 427 2537 et
444 2462 620 2537 divinitus
636 2462 751 2538 oblate
769 2458 1015 2536 retributionis
1032 2458 1207 2533 obveniat.
1221 2461 1267 2533 Et
1280 2469 1410 2534 cetera.

184 2578 237 2648 Ex
253 2574 388 2674 syuodo
405 2574 526 2649 habita
544 2575 581 2648 in
600 2575 817 2650 Dalmatiae
837 2573 982 2671 Legatis
1006 2576 1076 2648 VII
1103 2576 1219 2673 Papae
1238 2570 1408 2669 Gregorii

183 2688 324 2764 scilicet
349 2715 369 2761 a
393 2689 570 2765 Gebizone
597 2701 685 2765 tune
715 2687 920 2764 monasterii
949 2697 1153 2761 sanctorum
1178 2685 1348 2761 Bonifatii
1372 2694 1409 2760 et

185 2801 303 2877 Alexii
318 2802 465 2892 Abbate,
481 2829 547 2880 nec
565 2826 634 2878 non
653 2813 726 2879 eta
747 2803 918 2879 Folcuino
936 2800 1209 2899 Forosimpronii
1235 2800 1405 2898 Episcopo

182 2941 262 3015 quae
279 2916 438 3013 synodus
455 2915 607 2992 habetur
624 2917 661 2989 in
679 2917 828 2993 archivo
851 2919 944 2993 sacri
964 2914 1093 2991 Palatii
1107 2914 1357 2991 Laternnensis
1370 2914 1408 2988 in

183 3055 253 3129 qua
269 3030 312 3104 dc
331 3052 442 3125 regno
459 3040 495 3105 et
513 3053 599 3126 rege
616 3030 804 3106 Dalmatia
822 3032 873 3106 ita
891 3032 988 3107 inter
1001 3041 1120 3106 cetera
1134 3029 1282 3126 legitur.
1294 3031 1336 3102 In
1350 3050 1410 3102 no·

186 3144 282 3219 mine
300 3153 433 3219 sanetae
449 3154 486 3218 et
503 3143 699 3219 individuae
716 3144 904 3219 Trinitatis
919 3165 1013 3217 anno
1031 3141 1225 3217 Dominicae
1242 3144 1410 3216 lucarna-

184 3256 291 3331 tionis
309 3260 345 3330 Μ
365 3259 528 3331 LXXVI.
545 3256 742 3332 Indictione
761 3259 867 3332 XIIII
886 3281 1007 3331 mense
1024 3254 1177 3330 Octobri.
1191 3257 1269 3349 Ego
1283 3255 1408 3328 Deme·

185 3369 278 3444 trius
292 3370 352 3467 qui
371 3379 407 3443 et
420 3369 597 3442 Suinimir
614 3394 801 3468 nuncupor
814 3369 878 3444 Dei
897 3367 1118 3466 providentia
1132 3365 1314 3443 Obroaeiae
1328 3366 1410 3440 Dal·

185 3481 374 3579 mntioeque
387 3482 459 3555 dux
472 3507 493 3554 a
506 3495 541 3555 te
554 3483 681 3557 domne
696 3482 828 3557 Gebizo
839 3508 883 3558 ex
894 3480 1106 3579 Apostolieae
1116 3479 1217 3554 Sedis
1230 3480 1410 3576 legatione

186 3595 328 3670 Domini
346 3595 468 3670 Nostri
494 3597 599 3692 Paper
616 3595 781 3691 Gregorii
801 3603 1008 3694 potestatem
1027 3593 1193 3691 optinens
1214 3592 1251 3665 in
1275 3592 1411 3668 Saloni-

184 3719 269 3783 tana
286 3708 433 3784 basilica
452 3708 568 3784 sancti
587 3708 685 3784 Petri
703 3708 854 3784 sinodali
871 3718 908 3784 et
935 3707 1100 3783 concordi
1125 3707 1237 3783 totius
1262 3707 1349 3781 cleri
1374 3715 1411 3782 et

184 3821 301 3919 populi
319 3821 502 3910 electione,
523 3822 566 3896 de
592 3820 827 3896 chroatorum
847 3821 1206 3919 Dalmatinorumque
1233 3818 1339 3916 regni
1358 3844 1411 3895 re·

182 3936 330 4034 gimine,
344 3961 405 4034 per
425 3935 608 4025 vexillum,
626 3960 759 4024 ensem,
776 3945 957 4034 sceptrum
975 3946 1012 4010 et
1029 3957 1195 4009 coronam
1213 3932 1408 4008 investitus

183 4061 289 4148 atque
308 4051 527 4125 constitutus
540 4075 613 4140 rex,
626 4050 690 4124 tibi
704 4051 869 4137 devoveo,
881 4049 1033 4148 spondeo
1048 4056 1084 4122 et
1096 4046 1263 4145 polliceor
1281 4069 1336 4120 me
1354 4045 1409 4119 in-

182 4163 446 4239 comutabiliter
471 4164 733 4264 completurum
760 4162 880 4238 omnia
905 4186 986 4260 quae
1012 4160 1100 4234 mibi
1127 4171 1190 4235 tua
1214 4157 1409 4234 reverenda

183 4275 346 4372 iniungit
362 4277 544 4352 sanctitas.
562 4277 742 4352 Videlicet
755 4286 795 4351 ut
813 4277 856 4349 in,
869 4274 1037 4351 omnibus
1054 4285 1090 4349 et
1108 4298 1170 4372 per
1186 4272 1305 4348 omnia
1330 4296 1412 4372 apo·

185 4387 318 4463 stolicae
332 4390 406 4464 sedi
422 4390 525 4465 fidem
538 4391 733 4478 observem,
744 4399 781 4465 et
793 4388 965 4487 quidquid
977 4387 1045 4461 boc
1057 4387 1094 4460 in
1110 4397 1308 4483 regnatam
1321 4392 1412 4485 Apo·

183 4500 308 4575 stolica
323 4501 540 4604 sedesqnem
555 4503 611 4581 sui
625 4503 738 4600 legati
756 4512 953 4579 sanxerunt
969 4511 1034 4578 aut
1045 4501 1242 4593 sanxerint,
1251 4500 1410 4578 inrevin·
