3608 5498
811 379 983 438 ..96-

804 627 993 713 OXXVHL

380 861 565 961 Nycolaus
582 860 778 959 Episcopus
794 859 890 935 clero
906 870 942 936 et
959 857 1051 957 plebi
1068 858 1241 934 Nocensis
1258 855 1428 930 ecclesiae.
1441 857 1509 930 Ec·

285 976 395 1052 clesia
419 977 495 1051 ideo
519 974 775 1051 catholicorum
801 971 973 1060 collectio,
997 970 1168 1068 quomodo
1192 970 1271 1045 sine
1296 967 1511 1065 Apostolicre

287 1090 389 1165 Sedis
406 1090 617 1165 instituetur
634 1099 737 1177 nutu,
755 1087 926 1186 quomodo
942 1087 1042 1159 iuxta
1060 1110 1161 1159 sacra
1179 1084 1332 1172 decreta,
1350 1107 1417 1158 nec
1433 1082 1510 1180 ipse

286 1203 414 1277 debent
437 1203 571 1300 absque
597 1203 828 1300 praeceptione
859 1205 963 1299 Papae
992 1198 1137 1275 basilice
1167 1198 1307 1273 noviter
1336 1196 1510 1286 construi,

287 1342 366 1415 quae
391 1319 468 1416 ipsa
493 1316 748 1393 catholicorum
776 1317 872 1390 intra
897 1324 1010 1390 semet
1039 1313 1205 1410 amplecti
1237 1323 1384 1387 caterva
1413 1310 1511 1384 diuo·

287 1439 447 1504 scuntur.

797 1650 1004 1734 cxxvflss.

384 1884 570 1982 Nyoolaus
589 1884 784 1981 Episcopus
803 1908 930 1958 servus
947 1905 1131 1978 servorum
1145 1884 1222 1972 Dei,
1234 1882 1394 1981 piissimo
1412 1892 1448 1957 et
1460 1881 1512 1956 di·

291 1998 485 2073 lectissimo
499 1998 571 2073 filio
584 1997 756 2073 ltlichahli
770 2022 792 2070 a
805 2000 878 2073 Deo
887 2007 1043 2093 protecto
1055 2021 1194 2095 semper
1207 2002 1384 2093 Augusto.
1404 1999 1512 2070 Nunc

290 2122 411 2185 autem
429 2110 551 2184 divina
569 2110 801 2207 inspiratione
819 2132 888 2183 non
906 2134 971 2183 nos
987 2110 1134 2207 pigebit,
1151 2135 1218 2186 nec
1235 2109 1335 2185 nobis
1352 2109 1513 2207 impossif

288 2224 359 2299 bile
385 2224 454 2299 erit
478 2225 659 2299 ostendere
685 2222 795 2312 vobis,
820 2223 851 2296 si
876 2234 996 2299 tamen
1021 2224 1144 2299 audire
1169 2224 1291 2300 velitis
1316 2247 1386 2298 non
1410 2246 1512 2321 posse

289 2363 504 2437 quemquam
524 2338 590 2412 rite
607 2337 652 2411 ab
669 2337 726 2410 his
743 2338 804 2435 qui
822 2337 1001 2412 inferioris
1017 2338 1209 2434 dignitatis
1226 2337 1285 2412 vel
1301 2337 1436 2411 ordinis
1457 2336 1512 2411 iu·

288 2452 478 2527 dicialibus
491 2452 655 2526 submitti
669 2451 950 2527 diffinitionibus.
965 2451 1147 2549 Siquidem
1158 2462 1316 2551 tempore
1324 2450 1513 2526 Diocletia-

288 2569 326 2641 ni
343 2579 379 2642 ot
404 2567 613 2642 Maximiani
640 2574 898 2664 Augustorum.
923 2565 1156 2640 Marcellinus
1182 2565 1377 2663 Episcopus
1402 2562 1512 2639 Urbis

287 2685 407 2756 Romae
424 2681 486 2779 qui
503 2692 622 2778 postea
638 2681 796 2777 insignis
813 2691 954 2779 martyr
971 2678 1119 2756 effectus
1135 2690 1189 2756 est
1204 2678 1291 2754 adeo
1306 2677 1512 2777 compulsus

287 2805 341 2869 est
358 2821 379 2868 a
398 2795 550 2892 paganis
566 2804 608 2868 ut
625 2794 800 2892 templum
818 2817 938 2868 eorum
957 2792 1145 2888 ingressus
1161 2816 1278 2889 grana
1294 2792 1388 2866 turis
1405 2815 1513 2888 super

291 2932 425 3004 prunas
443 2916 597 3004 poneret.
615 2906 729 2982 Cuius
747 2907 796 2983 rei
814 2908 935 3002 gratia
951 2906 1100 2982 collecto
1112 2931 1382 2984 numerosorum
1395 2906 1513 2982 conci-

287 3019 335 3094 lio
360 3019 602 3118 episcoporum
629 3032 665 3096 et
689 3020 920 3118 inquisitione
944 3022 1050 3111 facta,
1075 3021 1142 3097 hoc
1167 3021 1261 3096 idem
1288 3021 1453 3098 Pontifex
1473 3043 1512 3095 se
1566 3023 1569 3030 ’

287 3133 405 3230 egisse
423 3135 607 3210 confessus
625 3145 688 3210 est.
705 3133 839 3209 Nullus
855 3145 976 3209 tamen
990 3157 1111 3208 eorum
1125 3134 1280 3232 proferre
1293 3133 1509 3209 sententiam

287 3273 398 3321 ausus
415 3258 469 3322 est
487 3247 572 3322 dum
590 3248 623 3323 ei
640 3271 764 3323 omnes
781 3247 964 3345 sepissime
987 3246 1183 3346 perhibent.
1209 3250 1284 3322 Tuo
1308 3271 1367 3323 ore
1390 3244 1511 3321 iudica

287 3385 434 3435 causam
452 3371 552 3435 tuam
569 3384 639 3435 non
663 3372 782 3436 nostro
804 3360 945 3435 iudicio.
970 3365 1071 3436 Item.
1095 3362 1177 3437 Noli
1203 3362 1307 3436 aiunt
1331 3362 1369 3435 in
1391 3371 1512 3436 nostro

288 3473 431 3561 iudicio,
449 3474 510 3548 sed
527 3474 656 3570 collige
674 3474 712 3547 in
731 3473 813 3548 sinu
831 3483 894 3548 tuo
906 3498 1054 3550 causam
1073 3485 1184 3549 tuam.
1202 3479 1249 3549 Et
1266 3501 1401 3550 rursus.
1419 3474 1512 3562 Quia

288 3609 332 3659 ex
348 3598 384 3661 te
402 3586 573 3684 inquiunt
587 3586 837 3662 iustificaberis
849 3598 913 3661 aut
926 3612 970 3663 ex
981 3611 1040 3663 ore
1053 3598 1115 3662 tuo
1128 3587 1452 3686 condempnaberis.
1465 3590 1512 3661 Et

288 3696 419 3772 iterum
437 3697 572 3773 dicunt.
590 3699 711 3772 Prima
729 3699 831 3774 sedes
848 3721 918 3772 non
935 3700 1153 3776 iudicabitur
1170 3727 1191 3775 a
1208 3725 1395 3800 quoquam.
1420 3704 1512 3777 Item

288 3810 326 3883 in
343 3812 475 3887 eadem.
493 3812 563 3887 Sed
579 3823 711 3888 etcum
725 3813 869 3911 quidam
882 3823 1039 3911 tempore
1057 3814 1208 3911 quodam
1226 3825 1351 3890 contra
1363 3814 1510 3889 Xistum

289 3924 422 4020 Papam
439 3933 675 4020 temptassent
692 3925 853 4022 quaedam
872 3948 942 3999 non
959 3925 1041 4001 boni
1067 3927 1221 4001 rumoris
1245 3927 1384 4003 obicere
1409 3937 1446 4003 et
1470 3927 1509 3999 in

288 4035 438 4110 concilio
455 4037 515 4112 cui
534 4037 812 4112 Valentinianus
830 4043 1021 4134 Augustus
1035 4039 1211 4114 intererat
1235 4039 1372 4115 dictum
1398 4038 1511 4113 fuisse

289 4170 359 4221 non
368 4146 477 4223 licere
485 4150 677 4224 adversum
688 4150 897 4226 Pontificem
908 4150 1136 4227 sentientiam
1145 4152 1241 4242 dare,
1250 4152 1408 4228 surrexit
1416 4152 1510 4228 idem

290 4261 452 4356 protinus
469 4263 661 4362 imperator
677 4274 716 4339 et
733 4264 771 4338 in
789 4264 936 4339 arbitrio
954 4263 1092 4361 proefati
1111 4264 1295 4340 Pontifiois
1312 4264 1440 4340 tribuit
1459 4265 1514 4339 iu·

289 4372 408 4449 dicare
425 4374 600 4451 iudicium
619 4403 736 4451 suum.
753 4382 800 4453 Et
817 4377 940 4452 nullus
957 4377 1171 4454 Pontificum
1189 4378 1369 4454 minorum
1387 4377 1446 4455 vel
1459 4378 1514 4452 in·

291 4484 460 4561 lariorum
478 4486 622 4561 urbium
641 4489 814 4564 subactus
831 4489 976 4565 iudiciis
992 4490 1188 4566 invenitur.
1205 4494 1295 4567 Item
1320 4491 1359 4566 in
1380 4491 1513 4567 eadem.
