3608 5498
799 416 996 481 -294-

289 536 338 612 ita
351 538 606 636 disponendum
621 547 685 626 cst,
694 547 735 612 ut
743 536 797 610 illi
812 562 901 611 suus
913 535 1012 613 labor
1025 537 1073 613 sit
1086 538 1197 628 utilis,
1206 547 1241 616 et
1250 537 1509 614 detrimentum

287 653 540 730 ecclesiasticae
569 678 626 729 res
654 677 724 728 non
750 660 958 749 agnoscant.
984 651 1135 727 Proinde
1159 651 1302 726 domum
1327 676 1411 727 cum
1432 661 1511 727 orto

286 790 351 843 suo
368 768 518 866 positam
537 766 575 841 in
592 767 661 842 bac
679 766 765 842 urbe
782 770 892 841 Roma
906 766 1011 840 iuxta
1031 775 1166 840 termas
1181 764 1431 843 Diocletianas
1457 793 1511 843 re·

287 882 395 980 gione
414 888 445 956 A
463 907 547 958 cum
564 881 729 957 omnibus
744 880 790 955 ad
807 905 884 956 eam
903 879 1177 978 pertinentibus,
1194 880 1260 956 tibi
1278 880 1316 955 in
1329 884 1511 956 XXVIIII

287 1021 463 1073 annorum
476 995 596 1094 'spatia
611 995 658 1070 ad
674 1020 787 1069 unum
801 993 879 1068 auri
893 994 1046 1069 solidum
1060 994 1334 1094 persolvendum
1351 994 1510 1090 'singulis

288 1112 488 1212 quibusque
499 1109 605 1186 annis
618 1109 815 1185 rationibus
827 1105 1079 1186 ecclesiasticis
1091 1108 1270 1208 pensionis
1282 1109 1426 1185 nomine
1435 1134 1513 1208 pos·

288 1225 473 1302 sidendam
486 1224 723 1301 concedimus.
735 1226 861 1300 Necte
874 1222 1000 1300 exinde
1013 1221 1164 1312 eici3vel
1176 1231 1413 1319 augmentum
1428 1248 1512 1322 pen-

198 1322 203 1334 *
288 1339 398 1416 sionis
414 1338 493 1415 illio
508 1337 762 1416 constituimus
786 1337 1050 1437 imponendum.
1077 1341 1131 1413 Ita
1156 1362 1253 1430 sane,
1271 1348 1312 1413 ut
1337 1338 1512 1436 reparatio

289 1455 446 1532 eiusdem
464 1456 590 1529 domus
607 1453 645 1529 in
662 1452 804 1530 cunctis
826 1451 1044 1528 utilitatibus
1068 1452 1223 1543 studere,
1243 1451 1338 1527 sicut
1354 1451 1512 1549 diligens

288 1567 547 1669 paterfamilias
567 1568 704 1645 debeas.
717 1571 802 1642 Post
821 1569 895 1643 XX
910 1589 996 1642 vero
1013 1568 1118 1641 VIIlI
1135 1589 1310 1641 annorum
1328 1565 1513 1642 curricula

290 1683 411 1760 eadem
430 1683 556 1758 domus
573 1708 656 1758 cum
673 1691 749 1758 orto
765 1691 830 1756 suo
843 1680 890 1755 'ad
911 1680 969 1755 ius
993 1691 1127 1756 sanctae
1148 1684 1314 1757 Romanae
1330 1679 1512 1771 aecclesiae,

289 1796 394 1873 cuiu's
411 1805 467 1872 est
483 1796 678 1895 proprietas
696 1795 774 1871 sine
791 1794 897 1870 dnbio
917 1803 1131 1883 revertatur,
1148 1821 1215 1872 nec
1232 1794 1369 1894 aliquid
1385 1820 1429 1871 ex
1452 1795 1512 1870 bis
1585 1886 1589 1893 p

289 1922 368 2010 qum
381 1909 418 1982 in
432 1908 768 1985 eius'melioratione
784 1932 979 2008 expensum
998 1908 1119 1997 suerit,
1132 1908 1191 1984 vel
1203 1933 1225 1982 a
1239 1920 1274 1983 te
1290 1909 1349 1983 vel
1365 1908 1439 1982 tuis
1452 1908 1514 1983 be·

290 2022 432 2100 redibus
448 2023 496 2098 sit
513 2022 694 2121 repetendi
711 2021 870 2111 licentia,
887 2024 971 2122 quia
989 2023 1139 2099 rationis
1155 2024 1237 2099 ordo
1258 2047 1328 2099 non
1351 2023 1449 2114 sinit,
1469 2034 1511 2099 ut

296 2138 347 2214 rei
361 2137 803 2236 meliorationeexpensam
815 2147 951 2235 repetat
963 2163 1043 2237 quae
1055 2139 1092 2212 in
1106 2139 1226 2216 eadem
1240 2138 1409 2237 pensione
1420 2163 1513 2236 aug·

291 2261 450 2328 mentum
471 2263 541 2326 non
564 2250 707 2350 recepit.
721 2253 812 2326 Data
834 2250 956 2328 Idibus
970 2253 1174 2331 Decembris
1191 2253 1385 2330 indictione
1398 2257 1505 2329 XIIII

290 2390 385 2442 anno
398 2365 540 2441 Domini
557 2363 608 2440 ill.

739 2584 740 2587 ,
827 2500 984 2608 arun.

387 2704 570 2777 Houorurs
583 2723 687 2775 servo
699 2699 765 2775 Dei
779 2699 925 2776 notario.
938 2699 1110 2789 Quotiens
1124 2726 1145 2775 a
1158 2701 1259 2777 nobis
1272 2701 1364 2779 illud
1378 2704 1513 2802 petitur

290 2817 385 2917 quod
402 2814 529 2890 rationi
548 2814 708 2890 noscitur
725 2815 929 2906 convenire,
945 2815 1064 2892 animo
1082 2841 1146 2892 nos
1162 2819 1263 2895 decet
1283 2817 1411 2893 libenti
1432 2844 1515 2894 con-

291 2932 427 3010 cedere.
444 2930 596 3028 Ideoque
612 2928 696 3027 quia
715 2928 835 3027 petisti
852 2955 873 3002 a
891 2929 991 3006 nobis
1009 2940 1050 3005 ut
1066 2931 1184 3008 casale
1201 2934 1292 3031 quod
1310 2934 1512 3033 appellatur

291 3045 528 3122 Aurelianum
546 3044 583 3117 in
602 3043 745 3140 integro
762 3070 834 3119 una
851 3069 933 3121 cum
952 3045 1068 3121 vineis
1084 3047 1160 3122 suis
1178 3047 1332 3146 positum
1350 3049 1410 3122 via
1429 3052 1512 3124 Por·

290 3161 409 3238 tuensi
426 3161 526 3236 iuxta
542 3168 685 3235 sanctos
703 3159 826 3234 Abdon
844 3169 880 3236 et
897 3162 1051 3248 Sennen,
1070 3169 1296 3259 praestantern
1323 3162 1403 3235 auri
1430 3162 1511 3236 soli·

289 3277 351 3352 dos
367 3277 402 3350 Il
419 3273 529 3350 semis
547 3273 636 3348 iuris
650 3276 684 3347 S.
698 3277 877 3362 Romana,
889 3273 949 3350 cui
963 3276 1037 3350 Deo
1048 3283 1193 3350 anctore
1206 3274 1430 3350 deservimus
1447 3302 1513 3353 acc·

290 3389 418 3478 elesiae,
435 3387 500 3462 tibi
518 3387 568 3461 ad⁴
587 3397 727 3464 certum
745 3396 887 3486 tempus
904 3388 1074 3464 debemus
1091 3389 1294 3465 concedere.
1317 3393 1511 3490 Eaproptcr

289 3505 400 3579 buius
418 3502 584 3602 praecepti
602 3503 693 3577 serie
710 3501 851 3592 emissa,
868 3503 1151 3602 suprascriptum
1169 3504 1288 3580 casale
1301 3530 1383 3580 cum
1402 3505 1513 3581 omni-

290 3620 357 3694 bus
374 3618 419 3692 ad
436 3642 473 3692 se
490 3616 763 3717 pertinentibus,
780 3615 846 3690 tibi
863 3641 885 3689 a
903 3619 1069 3716 praesenti
1092 3621 1198 3695 XIIII
1217 3618 1421 3712 indictione,
1441 3620 1513 3696 die·

289 3732 357 3808 bus
373 3731 458 3806 vitae
474 3739 546 3805 tuae
562 3728 802 3815 concedimus,
815 3729 866 3804 ita
880 3755 965 3805 sane
978 3741 1019 3805 ut
1035 3756 1057 3803 a
1075 3740 1109 3806 te
1127 3733 1232 3806 annis
1250 3731 1407 3829 singulis
1429 3757 1512 3832 pcn-

290 3847 400 3921 sionis
417 3844 561 3920 nomine
578 3844 776 3918 rationibus
793 3843 1058 3920 aecclesiasticis
1075 3844 1144 3921 dno
1167 3847 1247 3919 auri
1265 3845 1366 3920 solidi
1389 3855 1426 3922 ot
1443 3860 1513 3922 tre·

291 3960 410 4036 missis
427 3985 522 4034 unus
538 3958 617 4034 sinc
635 3982 733 4033 mora
750 3959 870 4057 aliqua
881 3957 1144 4057 persolvantur,
1157 3960 1329 4059 quatinus
1345 3971 1381 4036 et
1395 3970 1433 4034 tu
1448 3960 1513 4034 ali·

289 4074 375 4175 quid
392 4072 518 4150 exinde
536 4071 647 4171 possis
665 4072 797 4148 habere
817 4072 1024 4162 remedium,
1036 4084 1073 4148 et
1089 4073 1259 4150 aecclesiae
1272 4085 1402 4150 nostrae
1416 4075 1512 4149 utili-

289 4203 346 4267 tas
363 4212 432 4263 non
450 4189 641 4265 decrescat.
660 4191 743 4263 Post
760 4201 863 4263 tuum
890 4211 973 4262 rero
998 4186 1145 4279 obitum,
1163 4188 1371 4285 praedictum
1394 4190 1512 4266 casale

290 4301 335 4377 ad
352 4302 409 4376 ius
426 4313 559 4379 sanctae
576 4303 745 4379 acclesiae
762 4313 892 4378 nostrae
910 4300 1015 4377 cuius
1027 4311 1081 4376 cst
1095 4301 1291 4399 proprietas
1309 4313 1513 4378 revertatur

292 4415 370 4492 sine
387 4415 502 4492 dubio.
521 4419 599 4492 Dat.
616 4419 685 4492 llll
703 4417 788 4492 ldus
806 4415 892 4492 Maii
910 4414 1032 4493 indict.
1048 4418 1155 4491 XIIII
1172 4440 1266 4492 anno
1284 4415 1426 4491 Domini
1445 4416 1494 4491 ill.
