3608 5498
801 395 998 459 -515-

401 521 482 573 Item
501 519 650 572 Iohannis
669 520 904 585 paparanum
923 521 1023 571 Leoni
1043 518 1225 571 Alexandro
1245 519 1404 583 augustis.

383 631 667 707 Unanimitatem
680 642 716 707 et
734 657 854 730 pacem
870 638 907 712 in
921 633 1072 712 ecclesia
1086 642 1205 705 vestre
1220 631 1296 704 ficri
1315 631 1511 728 cupientes,

288 767 349 840 per
365 743 597 840 apocrisarios
614 756 650 820 et
667 772 787 823 sacras
799 751 967 847 epistolas
984 757 1123 820 vestras
1140 744 1184 817 ad
1202 746 1396 817 Romanam
1415 744 1511 817 misi-

288 858 354 930 stis
371 857 569 932 aecclesiam
588 883 650 959 pro
667 872 763 937 certo
779 865 935 940 scientes
951 885 1021 935 non
1039 858 1278 954 neglegenter
1291 883 1370 932 earn
1391 881 1510 955 coope-

289 980 426 1042 rantem
446 970 484 1042 in
501 970 645 1061 bouum,
662 975 757 1049 sicut
773 989 809 1051 et
826 988 1067 1053 antecessores
1084 971 1195 1047 vestri
1222 971 1372 1072 piissimi
1400 971 1510 1069 impe·

290 1093 435 1169 ratores
464 1096 720 1179 cognoscentes
748 1090 890 1164 beatum
924 1094 1071 1164 Petrum
1101 1085 1216 1183 capud
1246 1109 1322 1159 esse
1350 1083 1512 1158 omnium

288 1195 544 1284 aecclesiarum,
553 1197 647 1272 sieut
656 1223 778 1275 omnes
791 1203 960 1301 synodice
974 1198 1245 1276 constitutiones
1258 1208 1294 1272 et
1303 1207 1509 1271 sanctorum

288 1317 428 1406 patrum
446 1309 587 1383 decreta
612 1320 799 1388 testantur.
825 1319 925 1390 Item.
953 1313 1137 1412 Scripsisti
1160 1311 1270 1400 nobis,
1288 1310 1511 1386 dilectissimi

289 1419 367 1509 filii,
384 1431 425 1494 ut
443 1423 633 1518 apostolica
651 1428 903 1523 compassionis
922 1431 1058 1502 viscera
1075 1425 1285 1522 aperientes,
1309 1423 1511 1521 omnesqui

289 1530 326 1604 in
357 1532 508 1606 eeclesia
537 1557 616 1631 qua
644 1537 738 1633 apud
768 1562 831 1613 ros
847 1550 902 1615 est
926 1538 1109 1616 canonicis
1134 1535 1414 1633 correptionibus
1432 1533 1512 1608 sub·

291 1646 410 1721 iacent
440 1647 666 1744 recipiamus,
684 1651 833 1750 pacique
863 1664 899 1729 et
921 1650 1151 1728 unanimitati
1176 1649 1370 1735 studentes,
1395 1647 1512 1746 ipsum

290 1759 471 1848 domuum,
489 1759 553 1833 Ph.
571 1762 886 1863 Archiepiscopum
903 1765 1227 1842 communicantem
1245 1761 1345 1835 nobis
1357 1759 1401 1832 ad
1419 1785 1514 1833 sum·

292 1899 386 1946 mam
405 1875 592 1949 sacerdotii
611 1875 822 1972 dignitatem
841 1893 876 1955 et
889 1882 1053 1955 honorem
1071 1876 1333 1976 patriarchatus
1351 1875 1515 1950 restitua-

291 2011 445 2076 mosne
463 1986 627 2061 diutinus
644 1989 803 2064 aecclcsia
821 1993 886 2067 Dei
903 1994 941 2067 in
955 1992 1121 2069 scismate
1139 2002 1174 2066 et
1187 1989 1353 2065 scandalo
1370 1998 1513 2064 contur-

289 2100 373 2173 bata
400 2112 615 2197 permaneat.
641 2106 714 2176 Nos
740 2129 823 2179 vero
847 2108 1051 2202 petitionem
1078 2116 1233 2179 vestram
1253 2112 1294 2176 ut
1319 2101 1451 2175 iustam
1478 2112 1514 2175 et

292 2217 364 2289 Deo
383 2213 583 2313 placentem
599 2217 763 2314 amplexi,
776 2230 812 2293 et
824 2232 1034 2317 oportunum
1050 2230 1190 2315 tempus
1203 2216 1294 2313 quod
1308 2215 1369 2287 diu
1382 2214 1514 2288 deside·

293 2353 415 2401 ramus
438 2352 501 2402 nos
526 2329 707 2404 invenisse
724 2333 855 2426 gavisi,
875 2334 1037 2407 misimus
1054 2330 1285 2428 apocrisarios
1301 2338 1439 2402 nostros
1457 2350 1515 2401 vo·

294 2441 471 2516 loutatem
486 2453 642 2516 vestram
659 2445 844 2541 complere,
862 2446 1029 2544 quamvis
1047 2446 1159 2544 pietas
1178 2453 1297 2517 vestra
1310 2453 1393 2515 ante
1407 2465 1513 2537 quam

290 2553 505 2641 invenirent,
524 2555 638 2651 ipsum
660 2557 778 2630 virum
796 2557 1087 2656 preoccuparent
1112 2556 1287 2630 violenter
1312 2553 1512 2629 restituere.

294 2668 393 2752 Quod
407 2677 525 2741 tamen
540 2679 575 2742 et
588 2693 652 2741 nos
669 2669 819 2745 libenter
839 2673 1038 2769 recipimus.
1052 2676 1098 2745 Et
1111 2669 1276 2768 quamvis
1290 2669 1365 2742 haec
1382 2668 1514 2741 facien·

201 2872 205 2881 ι
290 2780 325 2853 di
344 2790 552 2877 potestatem
571 2782 752 2874 habentes,
769 2810 838 2858 non
852 2797 972 2860 tamen
986 2811 1029 2860 ex
1042 2795 1212 2884 potestate
1227 2792 1345 2856 nostra
1363 2806 1446 2855 eum
1461 2806 1513 2855 re-

291 2894 439 2968 stituere
458 2894 635 2983 volumus,
649 2898 707 2973 sed
721 2910 757 2972 et
774 2900 975 2997 apostolicis
992 2899 1144 2975 decretis
1161 2907 1197 2972 et
1210 2895 1368 2994 paternis
1387 2895 1515 2968 consti·

291 3009 489 3083 tutiouibus
506 3012 710 3085 testimonia
728 3013 950 3111 proferimus,
968 3037 1037 3086 non
1056 3012 1156 3106 leges
1174 3009 1345 3085 eeclesia
1357 3007 1514 3105 antiqui·

293 3139 353 3198 tus
369 3125 469 3198 datas
487 3125 676 3215 solventes,
693 3128 754 3200 sed
772 3126 809 3198 in
827 3126 957 3224 quibus
971 3150 1093 3199 earum
1107 3122 1296 3220 diligentia
1311 3122 1516 3196 inoumver·

292 3235 444 3310 tibiliter
463 3237 668 3311 observatas
685 3238 845 3313 ecclesiae
862 3263 990 3336 corpus
1007 3238 1142 3327 evellit,
1158 3247 1194 3312 et
1210 3236 1369 3334 dissipat,
1385 3235 1429 3309 ad
1446 3234 1515 3308 uti·

296 3349 439 3444 litatem
452 3350 531 3425 eius
547 3352 665 3424 omnia
684 3352 850 3427 reducere
867 3353 1060 3450 cupientes.
1079 3351 1246 3448 Synodus
1264 3349 1358 3422 enim
1378 3347 1517 3421 Nioena

292 3464 446 3536 seeundo
463 3462 619 3558 capitulo
636 3463 733 3551 dicit,
747 3466 915 3562 quoniam
928 3467 1131 3563 frequenter
1145 3464 1222 3539 sive
1235 3488 1280 3537 ex
1292 3461 1515 3550 necessitate,

293 3575 369 3651 sive
383 3576 589 3673 aliquolibet
607 3578 706 3651 modo
724 3579 925 3674 transgredi
944 3578 1098 3673 contigit
1114 3576 1275 3650 homines
1292 3574 1516 3649 aecclesiasti-

294 3715 353 3764 cos
366 3713 528 3778 canones,
542 3702 578 3765 ct
591 3695 683 3789 Papa
698 3693 863 3767 Gelasius
877 3692 973 3766 dicit.
983 3690 1157 3778 Quoniam
1172 3689 1231 3763 ubi
1242 3687 1435 3766 necessitas
1445 3711 1516 3761 nou

295 3815 360 3892 cst,
378 3804 684 3879 iucumvertibilia
707 3818 877 3881 maneant
903 3816 1108 3880 sanctorum
1136 3814 1276 3901 patrum
1301 3802 1452 3876 decreta.
1470 3805 1517 3876 Et

295 3918 546 3993 sanctissimus
565 3923 659 4017 Papa
677 3924 745 3994 Leo
762 3920 798 3993 in
826 3921 944 3995 eodem
973 3919 1101 4016 spiritu
1120 3915 1281 4014 praecipit
1298 3915 1429 3989 dicens.
1446 3915 1516 3989 Ubi

295 4033 488 4107 necessitas
506 4055 575 4106 non
602 4044 667 4120 est,
693 4034 792 4108 nullo
820 4034 918 4107 modo
943 4030 1122 4105 violentur
1147 4038 1352 4104 sanctorum
1375 4038 1517 4125 patrum

295 4155 441 4219 statuta.
459 4145 527 4218 Ubi
544 4170 627 4219 vero
645 4147 839 4222 necessitas
857 4146 966 4219 luerit
983 4144 1026 4217 ad
1041 4143 1233 4218 utilitatem
1252 4141 1421 4231 ecclesis,
1439 4167 1518 4240 quae

299 4268 507 4355 potestatem
526 4258 633 4334 babet
650 4285 692 4334 ea
714 4259 901 4356 dispenset.
918 4262 972 4331 Ex
990 4256 1200 4332 necessitate
1219 4256 1416 4332 secundum
1439 4278 1520 4353 apo

296 4372 425 4447 stolum
446 4374 485 4446 fit
503 4374 653 4447 mutatio
670 4372 773 4469 legis.
798 4375 846 4447 Et
863 4370 965 4446 Felix
982 4373 1086 4468 Papa.
1105 4366 1348 4466 Contemplari
1373 4377 1530 4467 oportet,

298 4488 390 4584 quod
418 4486 477 4560 nbi
504 4487 701 4562 occurrerit
729 4484 943 4574 necessitas,
967 4509 1049 4583 sepe
1077 4482 1349 4559 constitutiones
1376 4491 1519 4580 patrum
