3608 5498
658 401 855 464 -401-

145 532 262 597 scunt.
279 522 378 611 Quod
391 522 561 623 propheta
574 521 739 598 ardenter
751 521 896 597 exibens
914 511 1074 597 Creatori
1087 521 1247 597 omnium
1262 522 1365 620 quasi

146 636 182 708 in
202 661 349 711 munere
366 636 498 712 obtulis
515 637 646 713 dicens.
663 640 790 712 Nonne
803 636 914 736 quite
927 636 1367 713 hoderuntDeusoderam

148 748 240 838 illos,
256 761 293 824 et
309 775 417 848 super
434 750 598 827 inimicos
615 761 695 826 tuos
712 750 963 827 tabescebam?
981 751 1141 827 Perfecto
1157 749 1236 826 odio
1252 759 1288 826 et
1312 775 1369 827 ce·

147 871 236 937 tera.
256 869 309 939 Ae
326 864 356 938 si
373 874 493 960 aperte
511 864 617 941 dieat.
635 868 750 939 Pensa
767 875 942 963 quantum
961 873 997 938 te
1013 862 1126 960 diligo
1142 861 1205 961 qui
1222 872 1367 938 tuorum

149 973 306 1052 bostium
324 978 481 1054 excitare
498 989 623 1054 eontra
641 1002 697 1054 me
715 978 926 1054 inimicitias
942 1001 1012 1052 non
1030 977 1251 1076 pertimesco.

658 1144 868 1230 LXXXIIll.

246 1317 444 1415 Gregorius
456 1316 495 1389 in
508 1318 675 1415 pastorali
693 1318 784 1394 libro
797 1319 875 1392 llll.
890 1316 1112 1394 Admonendi
1129 1329 1216 1392 sunt
1232 1313 1369 1415 peccati

148 1433 280 1507 nedum
297 1431 488 1530 plusquam
507 1455 651 1507 neeesse
669 1445 723 1507 est
739 1455 863 1530 pacem
876 1454 984 1528 quam
998 1429 1177 1528 possident
1188 1437 1313 1503 amant
1326 1426 1371 1502 ad

152 1558 356 1644 perpetuam
375 1545 562 1644 peruenire
579 1569 648 1620 non
669 1552 848 1645 appetant.
865 1542 1081 1640 Plerumque
1105 1542 1202 1617 enim
1219 1533 1377 1637 gravius

151 1660 387 1735 intentionem
406 1660 580 1734 mentium
598 1684 717 1735 rerum
735 1656 978 1755 tranquillitas
990 1663 1202 1753 temptat,nt
1215 1676 1284 1752 quo
1301 1675 1373 1727 non

151 1784 238 1848 sunt
254 1774 403 1850 molesta
419 1799 499 1872 quae
523 1783 658 1863 tenent,
675 1797 715 1849 eo
739 1773 859 1847 minus
883 1769 1052 1846 amabilia
1076 1796 1156 1868 quae
1180 1779 1321 1857 vocant,
1337 1776 1374 1843 et

151 1911 220 1985 quo
237 1886 417 1963 delectant
433 1888 632 1985 prasentia,
648 1911 688 1963 eo
712 1911 783 1960 non
800 1884 1029 1983 inquirantur
1055 1895 1200 1975 aetcrna,
1215 1884 1311 1958 unde
1336 1890 1373 1957 et

151 2001 458 2099 persemetipsum
476 2001 621 2076 Veritus
634 2000 791 2098 loquens.
809 2024 892 2074 cum
915 2022 1107 2095 supernam
1124 2023 1248 2096 pacem
1265 2023 1286 2070 a
1303 2006 1374 2072 ter·

151 2138 237 2188 rena
253 2114 494 2208 distingueret
509 2126 616 2212 atque
641 2113 685 2188 ad
710 2121 900 2188 venturam
930 2111 1123 2209 discipulos
1148 2137 1192 2187 ex
1217 2109 1372 2209 presenti

151 2239 362 2324 provocaret
378 2228 439 2302 ait.
457 2231 586 2303 Pacem
616 2251 730 2302 meam
750 2225 912 2323 relinquo
928 2224 1039 2314 robis,
1057 2249 1178 2323 paoem
1197 2249 1313 2300 meam
1331 2224 1374 2299 do

152 2341 262 2415 vobis.
279 2343 452 2441 Relinque
469 2343 607 2418 scilieet
623 2340 878 2429 transitoriam,
891 2340 934 2414 do
948 2365 1165 2415 mansuram.
1179 2341 1218 2413 Si
1231 2362 1318 2436 ergo
1334 2338 1373 2416 iu

151 2479 231 2529 eam
248 2477 309 2529 cor
325 2480 405 2554 qure
422 2456 547 2532 relicta
564 2464 619 2530 est
635 2454 809 2553 sequitur,
829 2477 1014 2551 nunquam
1037 2453 1177 2528 adeam
1194 2477 1274 2551 quae
1291 2453 1376 2527 dan-

152 2569 197 2642 da
220 2581 276 2645 est
299 2570 521 2669 pervenitur.
539 2573 614 2643 Pax
640 2570 756 2666 igitur
772 2590 928 2665 praesens
945 2567 996 2640 ita
1014 2567 1166 2643 tenenda
1191 2577 1256 2657 est,
1272 2575 1314 2641 ut
1330 2591 1376 2642 ex

153 2705 223 2780 quo
238 2682 344 2779 diligi
361 2682 486 2759 debeat
503 2694 539 2758 et
559 2682 749 2758 contemni.
765 2683 820 2755 Ne
833 2680 863 2755 si
881 2680 1112 2756 immoderate
1129 2677 1307 2777 diligitur,
1324 2680 1375 2753 di·

154 2795 302 2891 ligentis
314 2797 458 2871 animus
471 2799 509 2871 in
526 2795 633 2894 culpa
650 2796 817 2894 patiatur,
831 2793 924 2868 undo
938 2805 974 2869 et
990 2793 1203 2869 admonendi
1215 2805 1302 2869 sunt
1316 2818 1373 2891 pa·

152 2911 235 2998 eati,
253 2935 297 2985 ne
315 2911 400 2984 dum
420 2911 528 2984 nimis
545 2909 738 2984 humanam
757 2932 879 3006 paoem
892 2909 1105 2997 desiderant,
1119 2932 1247 3007 pravos
1259 2909 1373 2983 homi·

153 3047 238 3096 num
255 3047 370 3099 mores
382 3047 608 3121 nequaquam
625 3024 855 3120 redarguant.
868 3025 914 3096 Et
927 3022 1179 3098 consentiendo
1192 3023 1371 3120 perversis

153 3136 310 3210 auctoris
328 3135 384 3209 sui
403 3160 441 3210 se
459 3159 545 3233 pace
562 3135 785 3230 disiungant.
799 3141 853 3212 Ne
871 3136 957 3211 dum
975 3135 1134 3210 humana
1151 3131 1239 3211 foris
1252 3137 1375 3233 iurgia

155 3257 323 3323 metuunt
340 3248 473 3322 interni
492 3248 632 3322 faederis
649 3248 864 3326 dissentione
882 3250 1068 3325 feriantur.
1086 3251 1178 3337 Quid
1203 3261 1258 3325 est
1278 3251 1375 3326 enim

154 3386 223 3460 pax
238 3361 455 3452 transitoria,
472 3362 542 3436 nisi
561 3362 736 3460 quoddam
755 3362 953 3458 vestigium
979 3361 1076 3459 pacis
1093 3367 1261 3437 reternae?
1279 3362 1375 3450 Quid

154 3498 240 3571 orgo
253 3500 329 3550 esse
347 3475 548 3550 dementius
561 3484 802 3573 potest,quam
817 3475 974 3571 vestigia
988 3476 1026 3549 in
1040 3475 1188 3575 pulvere
1201 3476 1376 3574 impressa

155 3589 320 3684 diligere,
333 3613 370 3663 so
384 3588 503 3687 ipsum
517 3587 554 3660 in
568 3612 637 3686 quo
650 3588 811 3686 inpressa
828 3600 914 3665 sunt
927 3613 997 3664 non
1010 3615 1143 3680 amare,
1155 3589 1241 3665 hinc
1260 3589 1377 3665 David

155 3728 237 3778 curn
255 3712 370 3779 totum
387 3727 425 3777 so
442 3701 488 3777 ad
505 3702 635 3777 saedera
653 3703 752 3801 pacis
769 3703 910 3780 interno
931 3703 1205 3800 constringeret,
1223 3712 1378 3778 testatur

155 3817 348 3914 quodcum
365 3817 462 3891 mala
487 3817 674 3893 concordia
698 3842 768 3893 non
793 3827 932 3892 teneret
957 3816 1089 3892 dicens.
1105 3820 1232 3893 Nonne
1257 3816 1320 3915 qui
1340 3825 1376 3890 te

153 3932 300 4006 oderant
318 3934 414 4006 Deus
430 3931 572 4005 oderam
589 3929 670 4006 illos
687 3939 722 4006 et
739 3955 846 4028 super
862 3929 1027 4005 inimicos
1043 3940 1125 4004 tuos
1141 3928 1377 4004 tabescebam.

155 4044 317 4119 Perfecto
333 4041 411 4116 odio
427 4040 569 4116 oderam
587 4041 667 4117 illos
684 4053 720 4118 et
737 4043 877 4117 inimici
895 4043 981 4118 facti
1000 4041 1379 4118 suntmibi.1nimicos

154 4159 287 4233 etenim
305 4158 372 4232 Dei
390 4157 546 4254 perfeeto
558 4158 636 4233 odio
648 4158 762 4232 odisse
779 4168 844 4244 est,
857 4167 892 4231 et
906 4157 998 4254 quod
1012 4157 1099 4233 faeti
1112 4166 1198 4232 sunt
1214 4156 1379 4254 diligere,

155 4283 191 4346 et
207 4271 299 4368 quod
317 4271 458 4346 iaciunt
474 4271 671 4369 increpare,
686 4295 799 4347 mores
817 4295 1007 4368 pravorum
1026 4295 1197 4369 premere,
1210 4272 1285 4347 vite
1303 4293 1379 4369 pro·

155 4382 265 4457 desse.
284 4383 510 4457 Pensandum
535 4395 591 4458 est
615 4382 731 4479 igitur
752 4383 919 4480 quoniam
945 4382 991 4458 ab
1015 4383 1257 4481 increpatione
1282 4383 1381 4481 quie-

155 4496 281 4584 scitur,
297 4506 431 4593 quanta
455 4494 562 4593 culpa
586 4521 670 4571 cum
696 4496 860 4593 pessimis
889 4522 958 4596 pax
982 4505 1137 4587 tenetur,
1154 4497 1186 4572 si
1211 4497 1380 4598 propheta

1163 4609 1198 4666 28
