3608 5498
982 389 1183 454 -210-

471 533 530 584 sas
555 507 778 608 Redemptori
805 519 923 585 nostro
947 509 1149 607 gratiarum
1174 509 1299 587 laudes
1321 510 1520 601 referimus,
1538 534 1693 587 consona

472 645 555 696 cum
573 622 748 719 Propheta
765 631 933 698 canentes
945 647 1042 700 voce.
1054 626 1212 722 Magnus
1229 650 1267 701 es
1283 625 1432 701 Domine
1446 628 1542 701 Deus
1559 633 1692 714 noster,

473 758 676 833 magnaque
694 736 812 810 virtus
829 747 902 811 tua.
919 737 1008 825 Quis
1025 736 1120 812 enirn
1138 737 1313 836 loquaetur
1330 738 1507 835 potentias
1523 747 1604 812 tuas
1628 740 1694 809 Do·

472 846 579 936 mine,
593 858 628 921 et
644 846 785 922 auditas
803 848 911 924 faciet
927 849 1050 925 laudes
1066 850 1267 926 clementie
1279 855 1378 925 tuae?
1391 850 1556 949 quoniam
1576 857 1696 947 peten-

472 961 566 1035 tium
583 971 619 1037 te
636 971 718 1036 vota
737 963 941 1050 exaudiens,
958 964 1058 1063 pium
1084 964 1185 1040 nobis
1210 963 1392 1040 contulisti
1420 971 1607 1061 pastorem,
1631 961 1694 1059 qni

473 1083 635 1149 sanctam
652 1084 753 1149 tuam
770 1075 1014 1151 universalem
1033 1075 1243 1164 aeclesiam,
1260 1100 1302 1151 ao
1327 1084 1478 1151 cunctas
1501 1074 1697 1149 dominicas

472 1196 510 1261 et
527 1187 718 1262 rationales
735 1211 819 1263 oves
837 1188 904 1262 sibi
921 1189 1129 1264 commissas
1155 1212 1279 1284 regere
1302 1199 1409 1286 atque
1433 1188 1636 1285 gubernare
1658 1199 1693 1263 te

473 1301 623 1373 Domino
641 1301 713 1376 Deo
730 1310 766 1374 et
784 1301 969 1379 Salvatore
986 1311 1105 1377 nostro
1119 1310 1324 1399 protegente
1339 1300 1466 1376 valeat.
1480 1299 1631 1375 Proinde
1644 1298 1695 1373 di·

472 1410 660 1486 lectissimi
677 1412 807 1488 sratres
823 1423 865 1488 ut
887 1413 963 1489 haec
987 1413 1178 1511 apostolica
1204 1414 1314 1488 immo
1338 1412 1453 1488 omnis
1478 1411 1695 1486 universalis

473 1524 635 1600 aeoclesia
652 1527 690 1599 in
707 1535 780 1602 toto
796 1526 878 1603 orbe
895 1527 1024 1602 diffusa
1041 1552 1078 1603 se
1100 1525 1342 1601 universalem
1368 1536 1505 1623 patrem
1523 1533 1559 1599 et
1584 1534 1697 1622 pasto·

473 1663 548 1712 rem
567 1638 742 1736 recepisse
759 1639 902 1716 laetetur
918 1651 954 1716 et
971 1640 1119 1727 exultet,
1136 1640 1175 1713 in
1192 1638 1301 1713 celeri
1319 1638 1534 1735 promotione
1553 1636 1693 1711 Summi

472 1751 657 1826 Pontifiois
673 1751 906 1827 dilectissima
924 1754 1133 1829 fraternitas
1150 1760 1271 1827 vestra
1287 1750 1420 1848 absque
1433 1750 1600 1825 tarditate
1617 1748 1696 1822 dili-

472 1864 634 1958 gentiam
652 1864 828 1941 adhibeat.
842 1869 916 1942 Hoc
929 1876 1050 1941 antem
1068 1867 1250 1942 decretum
1263 1890 1284 1938 a
1298 1863 1399 1939 nobis
1412 1863 1560 1950 facturn,
1572 1872 1608 1937 et
1622 1886 1694 1934 ma·

472 2002 587 2050 nuum
601 1988 802 2052 nostrarum
817 1989 859 2054 nt
872 1979 1067 2077 perlectum
1081 1989 1136 2054 est
1148 1976 1470 2075 subscriptionibus
1484 1976 1697 2062 roboratum,

473 2090 513 2163 in
530 2089 691 2165 archivio
708 2101 838 2166 nostrae
855 2101 989 2167 sanctae
1006 2095 1173 2166 Romame
1191 2092 1361 2167 Ecclesia
1378 2089 1518 2165 scilicet
1535 2090 1572 2162 in
1595 2113 1696 2164 sacro

473 2206 706 2280 Lateranensi
723 2207 856 2281 scrinio
873 2229 935 2304 pro
952 2205 1067 2281 futuri
1084 2207 1253 2304 temporis
1278 2205 1419 2282 cautela
1445 2203 1587 2279 recondi
1613 2203 1697 2278 feci-

473 2342 563 2390 mus.
582 2323 715 2391 Actum
728 2322 848 2394 Romae
866 2344 959 2393 anno
972 2320 1168 2394 Dominicae
1185 2317 1445 2395 incarnationis
1462 2315 1562 2390 illius
1575 2340 1697 2390 mense

474 2429 535 2504 illo
551 2430 608 2504 die
625 2430 676 2503 ill.
693 2431 887 2508 indictione
904 2432 955 2505 ill.
972 2435 1051 2528 Ego
1067 2429 1215 2505 humilis
1232 2429 1283 2504 ill.
1301 2427 1602 2527 Archipresbyter
1619 2452 1698 2502 san·

474 2552 541 2617 ctae
554 2545 721 2617 Romane
733 2544 895 2619 ecclesia
912 2543 1010 2619 tituli
1029 2543 1173 2632 calixti,
1190 2543 1277 2618 huic
1294 2543 1434 2616 decreto
1446 2566 1467 2614 a
1479 2540 1581 2614 nobis
1593 2539 1697 2629 factu,

473 2656 511 2729 in
526 2655 654 2731 domno
668 2655 718 2730 ill.
732 2656 916 2732 Cardinali
931 2655 1224 2755 Presbytero‚vel
1234 2655 1444 2742 Diacono‚et
1456 2652 1568 2728 electo
1581 2661 1698 2727 nostro

474 2769 649 2860 consensi,
665 2779 700 2844 et
718 2769 923 2868 subscripsi.
936 2773 1014 2865 Ego
1027 2769 1078 2844 ill.
1095 2767 1288 2866 Presbyter
1301 2765 1400 2841 tituli
1414 2765 1636 2840 Pammachii
1652 2766 1699 2839 si-

474 2881 617 2956 militer.
636 2885 713 2978 Ego
731 2882 782 2956 ill.
799 2882 994 2981 Presbyter
1010 2881 1108 2956 tituli
1126 2881 1323 2957 Clementis
1343 2878 1519 2954 similiter.
1545 2882 1622 2974 Ego
1647 2879 1698 2953 ill.

475 2996 649 3092 indignus
666 2996 951 3073 Archidiaoonus
968 3001 1109 3071 Sanctae
1134 2997 1300 3068 Romanae
1325 2991 1494 3068 Ecclesiae
1520 3001 1697 3091 utsupra.

472 3110 552 3205 Ego
568 3107 619 3182 111.
636 3108 784 3183 humilis
801 3111 982 3185 Diaconus
999 3108 1157 3205 regionis
1175 3109 1223 3178 V'
1239 3115 1410 3206 utsupra.
1424 3103 1565 3202 Reliqui
1582 3104 1697 3180 diaco

474 3222 513 3295 ni
530 3221 705 3298 similiter.
722 3226 801 3320 Ego
817 3223 866 3298 ill.
885 3222 1119 3299 Primicerius
1135 3221 1353 3293 notariorum
1377 3221 1412 3292 S.
1437 3220 1605 3292 Romane
1630 3220 1697 3294 Eo-

473 3332 592 3409 clesiae
608 3341 784 3433 utsupra.
801 3333 943 3433 Reliqui
960 3333 1084 3410 clerici
1101 3332 1278 3408 similiter.

975 3523 1197 3610 LXXXXlIl.

479 3727 529 3778 Ex
546 3720 629 3780 libro
649 3727 776 3781 eodem.
796 3725 958 3782 Protesslo
976 3725 1075 3782 futuri
1093 3724 1256 3780 Pontificio
1275 3726 1454 3792 antequam
1473 3726 1689 3778 consecretur.

571 3899 613 3970 ln
623 3898 766 3973 nomine
775 3908 908 3974 sanctae
921 3907 956 3973 et
965 3895 1160 3972 individuas
1172 3895 1371 3970 Trinitatis.
1385 3900 1488 3969 Anno
1501 3894 1699 3970 Dominicoe

474 4010 735 4085 incarnationis
753 4011 806 4085 ill.
821 4010 877 4086 die
893 4011 945 4085 ill.
963 4011 1096 4086 mensis
1112 4009 1163 4082 ill.
1180 4007 1374 4084 indictione
1387 4008 1440 4084 ill.
1452 4012 1530 4104 Ego
1542 4007 1593 4081 ill.
1607 4011 1698 4082 San·

474 4133 542 4198 ctae
558 4127 726 4199 Romana
743 4124 913 4200 Ecclesiae
930 4125 1123 4223 Presbyter
1148 4131 1184 4196 et
1208 4121 1346 4197 electus
1370 4131 1412 4196 nt
1437 4122 1519 4194 fiam
1545 4146 1608 4221 per
1630 4124 1697 4198 Dei

476 4237 634 4330 gratiam
653 4235 803 4310 humilis
820 4236 929 4311 huius
946 4247 1080 4312 sancte
1092 4235 1304 4335 Apostolicae
1321 4235 1422 4311 Sedis
1434 4237 1584 4311 antistes
1596 4236 1699 4336 profi-

478 4355 555 4420 teor
571 4346 637 4421 tibi
653 4347 755 4424 beate
771 4352 877 4424 Petro
895 4350 1140 4447 Apostolorum
1160 4350 1341 4447 Princeps,
1358 4351 1419 4426 cni
1444 4349 1565 4426 claves
1590 4352 1696 4447 regni

475 4457 633 4535 celorum
646 4460 691 4534 ad
704 4459 892 4557 ligandum
906 4471 1013 4560 atque
1026 4461 1236 4537 solvendum
1249 4463 1289 4536 in
1302 4461 1433 4539 0101001
1446 4463 1483 4537 in
1493 4472 1589 4538 terra
1599 4487 1698 4538 orea-
