3608 5498
655 439 696 455 -
722 408 787 472 293
813 442 854 458 -

144 529 274 604 vestris
291 528 408 604 fultus
424 529 581 619 auxiliis,
598 529 753 607 iniuncti
770 528 838 604 sibi
856 529 993 626 negotii
1010 528 1154 604 facilius
1171 529 1280 628 possit
1296 538 1365 606 ter·

144 667 281 716 minum
301 666 469 740 tempere.

703 786 806 871 CXV.

239 983 409 1081 Pelagius
427 983 575 1059 Anilani
592 983 714 1061 comiti
738 995 816 1084 post
841 1009 965 1085 pauca.
990 989 1139 1063 Petrum
1166 986 1280 1062 filium
1305 1010 1366 1062 no

143 1110 258 1175 strum
277 1099 487 1198 Apostolicae
505 1098 606 1175 Sedis
624 1098 874 1198 presbyterum
887 1100 933 1175 ad
945 1100 1158 1197 corrigenda
1174 1126 1217 1176 ea
1233 1126 1313 1200 qum
1325 1101 1365 1176 in

143 1213 362 1313 questionem
376 1213 528 1288 veniunt
541 1213 711 1288 duximus
724 1214 963 1311 dirigendum.
976 1215 1188 1291 Faciliorem
1202 1215 1363 1290 omnium

143 1353 335 1403 causarum
355 1328 519 1402 futurum
538 1352 617 1404 esse
633 1327 834 1404 iudicantes
851 1328 999 1418 exitum,
1012 1329 1043 1403 si
1057 1328 1162 1404 illum
1174 1329 1220 1405 ab
1228 1333 1367 1428 vaposto

143 1442 213 1518 lica
230 1441 442 1538 contigisset
458 1440 611 1540 publicae
628 1442 710 1518 sede
722 1441 934 1532 transmitti,
945 1443 1037 1541 quod
1050 1452 1087 1519 et
1100 1467 1162 1543 pro
1174 1443 1225 1520 rei
1239 1443 1365 1519 merito

143 1565 179 1632 et
195 1580 258 1654 pro
274 1555 436 1631 caritatis
454 1555 600 1631 vinculo
622 1556 806 1656 potestatis
832 1555 973 1654 publice
999 1555 1188 1634 iuvaretur
1211 1556 1366 1632 auxiliis

144 1670 204 1746 Sic
220 1669 317 1746 enim
336 1680 372 1745 et
388 1693 565 1751 canonum
582 1680 619 1745 et
636 1669 760 1766 legum
780 1679 917 1745 statuta
942 1693 1007 1745 nos
1031 1680 1248 1760 ammonent
1272 1676 1314 1745 ut
1330 1686 1367 1747 et

143 1787 338 1862 doceantur
346 1783 514 1876 humiles,
523 1793 560 1860 et
568 1784 801 1884 superborum
811 1783 960 1882 spiritus
973 1783 1264 1884 comprimantur.
1272 1783 1366 1872 Quia

143 1923 410 1997 nonnumquam
428 1898 608 1974 mentibus
629 1897 836 1996 desperatis,
852 1908 890 1974 et
912 1898 1074 1975 doctrina
1091 1897 1170 1975 sine
1190 1907 1375 1997 potestate.

144 2013 384 2113 contepnitur,
400 2022 437 2089 et
453 2012 670 2089 dominantis
687 2013 762 2087 vim
780 2011 910 2087 habere
927 2011 1087 2087 creditur
1108 2020 1263 2110 potestas
1287 2011 1365 2086 siue

142 2129 277 2204 ratione
295 2127 465 2217 doctrine,
480 2127 566 2203 huie
582 2136 702 2202 autem
722 2135 764 2201 ut
781 2125 918 2223 possint
935 2150 977 2200 ea
994 2148 1074 2223 quaa
1090 2123 1189 2199 iussa
1205 2133 1292 2199 sunt
1316 2124 1367 2199 sa-

142 2242 248 2318 cilius
265 2241 414 2317 Domino
431 2241 627 2316 adiuvante
644 2238 827 2338 compleri,
845 2238 1049 2315 Proiectum
1066 2238 1246 2314 notarium
1264 2239 1366 2314 Sedis

142 2365 271 2431 nostras
286 2354 557 2449 adiungendum
582 2378 658 2429 csse
683 2352 875 2440 credimus,
905 2360 946 2426 ut
971 2350 1183 2449 participato
1207 2351 1365 2442 consilio,

143 2495 222 2568 quse
240 2468 463 2544 rationabilia
480 2478 566 2543 sunt
583 2467 710 2566 exequi
728 2490 798 2541 non
817 2476 1013 2543 morentur.
1030 2464 1239 2541 Salutantes
1250 2465 1367 2562 igitur

143 2593 299 2679 paternae
315 2580 479 2656 caritatis
496 2580 651 2680 alloquio
668 2589 710 2655 ut
726 2582 905 2679 praedictis
923 2581 962 2656 in
974 2580 1141 2656 omnibus
1153 2606 1233 2680 qum
1245 2581 1304 2657 vel
1321 2581 1366 2656 ad

143 2694 423 2772 ecclesiasticam
441 2694 617 2771 unitatem
636 2695 694 2771 vel
710 2695 754 2770 ad
773 2696 1031 2795 correptionem
1055 2720 1266 2772 excessuum
1290 2719 1367 2794 per·

145 2809 263 2885 tinent
280 2808 403 2885 ieratis
419 2808 596 2885 auxilium
615 2810 847 2908 postulamus.

692 3036 813 3121 (llllll.

243 3264 417 3361 Pelagius
434 3263 606 3362 Helpidio,
622 3263 785 3363 episcopo
801 3263 988 3339 Catinensi
1006 3262 1101 3338 inter
1118 3272 1247 3338 cetera.
1263 3261 1368 3338 Sicut

144 3403 435 3478 unumquemque
461 3377 673 3453 clericorum
697 3387 842 3453 tuorum
859 3377 1124 3454 aecclesiasticis
1148 3375 1369 3452 utilitatibus

146 3495 204 3571 vel
221 3490 510 3591 dispositionibus
526 3490 728 3568 dilectionis
744 3500 818 3567 tum
842 3497 905 3591 pro
929 3493 1051 3567 eadem
1077 3489 1230 3567 ecclesia
1254 3497 1368 3589 usqne

145 3609 190 3682 ad
208 3606 358 3685 iustitias
374 3604 570 3703 legumque
589 3605 762 3681 rationem
776 3605 1048 3704 procedentibus
1062 3603 1212 3680 fideliter
1227 3604 1368 3681 obedire

150 3718 385 3818 prospexeris,
401 3718 451 3791 ita
469 3716 670 3794 dilectionis
687 3730 758 3793 tuae
775 3719 905 3796 effectu
922 3718 1106 3795 contineas
1119 3717 1316 3795 secundnm
1329 3719 1368 3791 fi-

147 3836 227 3910 dem
245 3830 544 3930 diligentiamque
560 3857 662 3906 suam
678 3833 962 3934 uniuscuiusque
977 3835 1104 3909 merita
1116 3833 1367 3932 prosequendo.

688 4036 826 4122 oxvrl.

512 4241 564 4292 Ex
582 4240 714 4304 regesto
733 4241 865 4293 Houorii
882 4242 995 4306 Pspae.

244 4401 422 4477 Honorius
442 4401 606 4478 Gratioso
622 4402 846 4479 subdiacono.
862 4406 917 4478 Nc
934 4401 1103 4501 cuiquam
1120 4402 1219 4478 labor
1235 4426 1278 4477 ac
1290 4401 1367 4477 dili-

148 4515 274 4613 gentia
291 4540 398 4614 quam
417 4516 455 4590 in
474 4516 579 4593 rebus
596 4516 766 4594 aecclesiae
790 4516 933 4594 adhibet
957 4515 1067 4615 possit
1090 4540 1167 4594 esse
1190 4517 1370 4606 damnosa,
