3608 5498
692 407 887 472 -223-

179 528 298 605 levita
323 527 422 627 prius
440 527 477 602 in
495 526 576 625 lego
594 535 799 616 tenuerunt,
817 536 858 601 ut
874 551 957 602 curn
980 537 1114 601 terram
1139 526 1340 602 dividerent
1365 537 1401 603 et

177 642 415 741 possessiones
432 640 650 739 partirentur
663 643 716 715 XI
730 640 905 731 tribubus,
923 640 1068 716 levitica
1082 639 1209 730 tribus,
1222 666 1301 739 quae
1313 651 1401 717 tem·
1474 673 1481 686 ·

179 755 236 853 plo
252 766 290 830 et
306 754 411 828 altari
428 763 465 828 et
482 753 690 829 ministeriis
710 753 845 828 divinis
861 754 1022 843 vacabat,
1039 753 1152 830 nichil
1170 755 1212 829 dc
1229 754 1293 827 illa
1313 755 1403 830 divi·

179 867 290 941 sionis
299 866 456 965 portione
469 866 674 965 perciperet,
687 867 749 941 sed
760 866 843 941 aliis
856 876 988 943 terram
1002 866 1199 943 colentibus
1211 867 1273 940 illa
1284 871 1400 957 Deum

180 981 324 1071 coleret,
341 980 438 1056 etad
455 980 594 1055 victum
612 991 649 1055 et
664 978 875 1056 alimentum
893 1007 1011 1068 suurn,
1027 980 1072 1055 ab
1092 984 1145 1055 XI
1170 981 1336 1056 tribubus
1359 982 1403 1059 de

179 1093 357 1170 fructibus
374 1092 437 1192 qui
457 1091 696 1169 nascebantur
712 1094 868 1170 decimas
885 1095 1092 1193 perciperet,
1109 1096 1202 1193 qnod
1214 1104 1328 1170 totum
1344 1098 1401 1170 fie-

180 1207 241 1282 bat
257 1208 300 1283 de
317 1207 530 1283 auctoritate
547 1216 584 1282 et
600 1206 826 1305 dispositione
842 1208 975 1297 divina,
993 1217 1034 1282 nt
1054 1206 1117 1305 qui
1141 1208 1403 1306 operationibus

179 1321 316 1396 divinis
336 1321 552 1400 insistebant
572 1321 610 1395 in
628 1321 729 1396 nulla
748 1346 784 1396 re
802 1329 1049 1408 avocarentur,
1069 1344 1137 1395 nec
1156 1320 1325 1417 cogitare,
1341 1330 1405 1396 aut

178 1460 287 1534 agere
304 1435 492 1513 secularia
516 1444 739 1532 cogerentur.
756 1439 843 1522 Quae
856 1458 954 1510 nunc
967 1433 1057 1507 ratio
1070 1442 1107 1507 et
1123 1434 1236 1508 forma
1253 1434 1291 1507 in
1309 1434 1403 1510 clero

181 1558 334 1639 tenetur,
350 1551 468 1647 utqui
487 1549 524 1622 in
542 1548 702 1624 aeclesia
720 1547 862 1623 Domini
878 1547 922 1622 ad
946 1546 1206 1623 ordinationem
1232 1548 1403 1624 clericam

68 1669 69 1672 ’
180 1677 444 1759 promoventur,
456 1661 494 1734 in
511 1661 610 1736 nullo
623 1662 669 1736 ab
679 1661 985 1737 administratione
997 1661 1120 1735 divina
1132 1674 1339 1753 avocentur,
1354 1688 1398 1738 ne

181 1775 354 1852 molestiis
369 1786 405 1851 et
418 1775 575 1872 negotiis
588 1775 819 1851 saecularibus
831 1775 1042 1872 alligentur,
1051 1775 1111 1851 sed
1120 1775 1157 1848 in
1167 1776 1298 1852 honore
1312 1801 1406 1875 spor·

180 1889 376 1964 tulantinm
389 1891 541 1964 fratrum
559 1899 745 1988 tamquam
762 1888 919 1965 decimas
930 1912 974 1963 ex
986 1886 1164 1963 fructibus
1176 1889 1406 1987 accipientes,

180 2003 226 2077 ab
241 2002 348 2076 altari
365 2010 401 2078 et
417 2002 604 2078 sacrificiis
621 2027 691 2078 non
710 2002 887 2089 recedant,
905 2011 941 2076 et
957 1999 1013 2074 die
1025 2025 1069 2076 ac
1086 2010 1189 2077 nocte
1202 2001 1405 2078 celestibus

182 2116 288 2191 rebus
305 2125 342 2191 et
358 2114 605 2213 spiritualibus
621 2115 833 2192 deserviant.
851 2111 951 2200 Quod
975 2110 1138 2209 Episcopi
1157 2122 1400 2190 antecessores

181 2229 295 2304 nostri
307 2227 473 2325 religiose
483 2229 758 2317 considerantes,
767 2235 803 2302 et
812 2224 1003 2300 salubriter
1015 2225 1252 2322 providentes
1261 2252 1408 2303 censue·

183 2354 268 2419 runt
283 2368 329 2419 ne
344 2342 425 2442 quis
437 2343 548 2417 frater
564 2341 748 2431 excedens,
763 2339 808 2415 ad
824 2337 976 2416 tutelam
1001 2338 1061 2412 vel
1077 2361 1201 2413 curam
1226 2339 1403 2415 clericum

182 2457 393 2546 nominaret,
409 2481 452 2532 ac
468 2456 499 2530 si
512 2456 595 2554 quis
609 2456 676 2530 hoc
689 2454 842 2543 fecisset,
855 2476 925 2527 non
938 2452 1123 2527 offerretur
1136 2476 1199 2550 pro
1211 2476 1261 2543 eo,
1274 2478 1340 2530 neo
1354 2479 1408 2528 sa-

183 2570 360 2646 crificium
379 2593 440 2668 pro
456 2568 666 2652 dormitione
683 2568 762 2642 eius
786 2565 1037 2642 celebraretur.
1055 2566 1180 2662 Neque
1197 2566 1293 2641 enim
1311 2569 1406 2665 apud

182 2683 295 2758 altare
307 2681 372 2758 Dei
385 2691 543 2757 meretur
554 2680 738 2756 nominare
751 2679 788 2753 in
802 2680 1025 2756 sacerdotum
1039 2704 1154 2778 prece,
1163 2680 1225 2779 qui
1238 2682 1282 2756 ab
1295 2682 1403 2757 altari

185 2795 384 2872 sacerdotes
400 2805 437 2870 et
454 2795 636 2869 ministros
653 2792 768 2868 voluit
783 2816 942 2867 avocare.
960 2796 1007 2867 Et
1024 2792 1127 2890 paulo
1151 2804 1238 2891 post.
1255 2799 1310 2870 Ne
1327 2795 1409 2894 quis

184 2912 383 2986 sacerdotes
399 2918 436 2985 et
452 2909 635 2983 ministros
652 2908 717 2982 Dei
734 2907 840 2983 altari
854 2907 933 2981 eius
945 2916 981 2980 et
994 2904 1165 2982 ecelesia
1179 2917 1350 2983 vacantes
1361 2907 1409 2983 ad

185 3023 374 3100 saeculares
390 3022 572 3098 molestias
588 3022 744 3097 devocet.

745 3248 854 3332 01111.

283 3473 514 3571 Augustinus
526 3473 564 3547 in
577 3472 666 3549 libro
683 3476 785 3549 LXX
796 3473 948 3549 duarum
962 3475 1210 3572 questionum.
1227 3479 1320 3551 Dum
1338 3476 1410 3551 ius·

188 3587 238 3661 sis
254 3587 416 3663 caritatis
433 3611 556 3685 parere
580 3585 760 3676 volumus,
778 3586 816 3660 in
841 3586 1103 3685 vituperatione
1120 3589 1209 3665 sorte
1227 3590 1409 3678 cademus,

189 3724 260 3799 qua
284 3700 327 3775 de
352 3725 390 3776 re
414 3699 477 3799 qui
502 3698 594 3773 nulli
618 3699 809 3797 aliquando
831 3697 1019 3773 indubium
1044 3700 1186 3776 invenit
1210 3700 1411 3778 scribimus.

194 3812 287 3899 Quia
303 3837 387 3888 cum
405 3812 602 3888 amicitiam
619 3813 792 3888 offendere
811 3811 988 3903 nolumus,
1005 3814 1165 3889 studium
1181 3814 1274 3913 quod
1292 3813 1336 3888 ad
1348 3811 1412 3885 ali·

190 3949 298 4023 quam
317 3949 391 4000 rem
409 3925 588 4001 occultam
608 3925 835 4001 revelandam
853 3927 1022 4024 proficere
1038 3927 1171 4016 debuit,
1188 3926 1412 4002 intricamus.

195 4038 370 4124 Quamvis
388 4048 529 4136 propter
541 4038 690 4113 nimiam
708 4037 899 4114 stultitiam
918 4041 1103 4116 cuiusdam
1125 4040 1191 4116 hoc
1207 4065 1413 4116 asseveran-

191 4150 238 4224 tis
254 4149 348 4248 quod
365 4150 404 4223 in
421 4149 592 4226 subiectis
607 4151 814 4249 pandemus,
831 4153 927 4229 istud
944 4155 1045 4229 nobis
1065 4153 1264 4229 iniunxerit
1279 4153 1413 4230 caritas

192 4275 396 4354 memorata,
408 4290 453 4340 ne
466 4292 550 4342 oum
564 4289 668 4340 nemo
676 4265 720 4339 ad
729 4265 806 4340 hac
820 4267 1045 4366 responderet
1056 4268 1093 4341 in
1106 4267 1208 4366 peius
1216 4268 1413 4366 proficeret,

191 4389 226 4451 et
242 4378 305 4452 diu
321 4377 454 4454 invano
471 4377 660 4454 exercitari
677 4376 858 4454 emendari
872 4404 942 4456 non
956 4390 1082 4477 posset,
1094 4379 1161 4455 hoc
1174 4379 1270 4455 enim
1284 4381 1413 4457 carita·

191 4490 240 4564 tis
256 4490 416 4567 studium
433 4503 498 4584 est,
514 4517 595 4591 quae
611 4514 683 4569 non
699 4491 829 4589 querit
844 4515 924 4590 quae
936 4516 1003 4566 sua
1015 4500 1110 4565 suut.
1124 4492 1284 4578 Quodam
1297 4491 1413 4588 igitur
