3608 5498
800 375 996 437 -104-

821 626 972 709 CXLIII.

382 855 552 951 Pelagius
578 855 716 929 Viatori
742 865 777 928 et
803 855 1001 930 Pancratio.
1027 859 1125 930 Inter
1150 866 1279 930 cetera.
1306 861 1337 931 A
1363 857 1511 933 scisma·

286 971 437 1046 ticornm
457 969 654 1056 sacrifieiis,
673 968 788 1066 potius
805 983 925 1043 autem
944 968 1148 1062 sacrilegiis
1168 968 1346 1046 abstinere
1363 970 1510 1046 debetis.

287 1087 381 1160 Idem
402 1085 438 1157 in
457 1084 577 1159 eadem
595 1084 753 1180 epistola.
769 1087 848 1158 Non
867 1093 922 1157 est
947 1082 1082 1157 Christi
1108 1107 1236 1182 corpus
1254 1085 1346 1181 quod
1364 1086 1511 1162 scisma·

286 1200 382 1275 tious
407 1199 559 1274 conficit.
584 1200 660 1273 Nec
685 1198 840 1271 divisum
860 1223 937 1272 esse
963 1197 1148 1272 Christum
1167 1199 1296 1295 poterit
1318 1199 1507 1297 quisquam

288 1313 364 1386 sine
388 1312 544 1410 Apostoli
572 1311 812 1409 reprobatione
838 1311 1052 1415 confingere.
1069 1313 1186 1385 Unam
1213 1321 1254 1384 ut
1271 1337 1351 1411 sepe
1369 1313 1508 1389 dictum

286 1436 340 1500 est
352 1450 431 1524 qnae
445 1425 580 1500 Christi
599 1448 727 1522 corpus
744 1434 799 1498 est
817 1434 955 1498 constat
973 1449 1050 1499 esse
1067 1425 1361 1524 ecclesiamque
1382 1426 1419 1500 in
1438 1428 1509 1502 duo

286 1539 345 1614 vel
364 1538 467 1637 plura
491 1537 601 1611 dividi
620 1560 688 1611 non
716 1548 838 1634 potest.
857 1536 984 1611 Simul·
998 1539 1091 1612 onim
1119 1563 1202 1614 oum
1228 1540 1273 1613 ab
1290 1567 1332 1616 ea
1356 1542 1509 1640 quisque

287 1651 499 1739 discesserit,
516 1674 592 1725 esse
609 1651 750 1725 desistit
766 1650 926 1726 eeclesia.
945 1657 1065 1728 Unum
1085 1653 1309 1729 Hierusalem
1333 1654 1509 1752 templum

286 1776 349 1840 est.
367 1765 490 1839 Ydolis
506 1789 650 1840 necesse
668 1775 723 1839 est
741 1774 780 1838 ut
797 1765 967 1856 immolet,
980 1767 1040 1865 qui
1060 1768 1289 1865 semetipsum
1309 1768 1482 1843 diviserit.

814 1993 984 2078 (lllthl.

381 2222 554 2319 Pelagius
579 2221 727 2295 Iohanni
746 2221 901 2297 Patricio
926 2221 1138 2298 Caburtario
1155 2221 1249 2297 inter
1275 2233 1404 2299 cetera.
1427 2227 1511 2300 Mox

286 2336 446 2435 antiquis
471 2337 541 2410 fuit
558 2348 599 2410 ut
616 2337 699 2433 quia
717 2360 779 2433 pro
797 2335 1061 2433 longinquitate
1087 2336 1227 2411 itineris
1244 2336 1289 2411 ab
1307 2338 1510 2436 Apostolica

287 2450 368 2525 sede
393 2450 460 2525 hoc
483 2473 669 2524 onerosum
689 2450 769 2523 illos
787 2450 905 2525 fuerat
925 2449 1092 2536 ordinari,
1109 2450 1176 2547 ipsi
1196 2451 1409 2527 seinvicem
1435 2454 1511 2526 Me·

286 2563 501 2636 diolanensis
518 2573 554 2637 et
573 2563 826 2661 Aquilegensis
851 2562 1016 2661 Episcopi
1033 2563 1196 2638 ordinare
1222 2564 1437 2639 debuissent.
1454 2568 1511 2639 Ita

286 2686 407 2749 tamen
426 2684 466 2748 ut
491 2675 529 2747 in
546 2700 587 2749 ea
610 2677 757 2751 civitate
774 2677 810 2748 in
830 2700 900 2774 qua
916 2689 994 2751 erat
1010 2678 1227 2753 ordinandus
1245 2679 1442 2777 Episcopus
1459 2681 1510 2754 al·

286 2787 399 2862 terius
416 2787 557 2863 civitati
575 2788 733 2884 pontifex
749 2812 934 2864 occurrere
951 2790 1143 2866 debuisset.
1161 2795 1207 2864 Et
1225 2791 1329 2866 infra.
1346 2792 1428 2867 Noli
1443 2794 1510 2869 Ca·

286 2901 454 2976 tholicam
480 2927 619 2998 semper
641 2912 795 2977 mentem
814 2903 1271 3001 aliquemscismaticorum
1291 2907 1512 2982 communio·

286 3041 331 3090 ne
351 3015 517 3113 polluere.
542 3020 663 3092 Unum
690 3017 826 3091 Christi
844 3041 972 3115 corpus
998 3044 1107 3092 unam
1134 3029 1275 3095 constat
1298 3045 1375 3096 esse
1396 3021 1511 3098 ecole-

286 3133 388 3206 siam.
414 3131 578 3204 Divisum
604 3131 648 3205 nh
674 3133 811 3205 unitate
831 3131 955 3206 Altare
980 3133 1166 3208 veritatem
1195 3132 1329 3208 Christi
1355 3135 1512 3232 corporis

285 3272 355 3322 non
381 3260 494 3344 potest
514 3271 746 3343 congregare.
765 3246 976 3321 Tolleranda
994 3258 1079 3319 sunt
1097 3247 1134 3318 in
1152 3270 1326 3344 compage
1351 3247 1508 3344 eorporis

286 3363 479 3459 positorum
506 3362 614 3435 etiam
640 3361 703 3434 illa
727 3384 996 3458 nonnumquam
1015 3360 1105 3434 vitia
1122 3383 1201 3457 quae
1220 3385 1282 3459 pro
1298 3361 1438 3436 unitate
1455 3361 1510 3435 in-

284 3476 425 3549 terdum
451 3483 636 3572 parcentes
662 3498 820 3549 resecare
846 3500 917 3547 non
943 3497 1143 3572 possumus,
1172 3475 1265 3562 Quia
1292 3483 1329 3550 et
1352 3499 1510 3572 evange·

286 3588 444 3684 gelioum
470 3587 666 3682 agricolam
694 3587 813 3660 minus
837 3587 1042 3663 afferentem
1070 3588 1228 3663 fructum
1256 3587 1450 3686 palmitem,
1474 3589 1507 3664 si
1606 3620 1608 3624 ⁴

286 3702 460 3776 tamenin
478 3700 552 3775 vite
574 3711 727 3788 maneat,
745 3724 901 3798 purgare
919 3725 1019 3798 posse
1036 3713 1162 3777 noster·
1174 3702 1339 3777 Salvator
1356 3702 1508 3778 edocuit

287 3815 495 3890 Abscissum
513 3826 632 3890 autem
651 3841 672 3888 a
689 3815 764 3889 rite
781 3814 961 3912 palmitem
982 3816 1051 3888 nisi
1069 3816 1148 3912 igni
1165 3816 1210 3889 ad
1227 3816 1508 3891 comburendum

286 3940 409 4027 aptum
427 3952 591 4003 essenon
609 3928 894 4025 posse‚eiusdem
919 3929 1063 4004 celestis
1088 3928 1254 4024 magistri
1280 3929 1432 4003 veritate
1457 3929 1510 4003 di-

286 4044 450 4118 dicimus.
475 4043 557 4116 Noli
582 4067 669 4137 ergo
693 4065 814 4116 eorum
841 4042 902 4139 qui
927 4041 1005 4137 igni
1023 4041 1096 4138 apti
1123 4050 1208 4115 sunt
1229 4064 1300 4115 non
1324 4065 1509 4118 consecra·

286 4158 443 4232 tionibus
461 4159 521 4232 sed
537 4157 822 4232 execrationibus
839 4156 1049 4231 consentire.
1061 4159 1136 4230 Neo
1154 4155 1334 4230 existimes
1351 4155 1431 4230 illos
1448 4155 1509 4232 vel

286 4295 361 4345 esse
379 4271 438 4345 rel
455 4271 525 4346 dici
543 4271 730 4346 ecclesiam
751 4293 860 4367 posse.
879 4271 1020 4343 Etenim
1045 4270 1140 4344 sicut
1161 4268 1316 4343 diximus
1340 4294 1422 4344 cum
1442 4273 1508 4346 Ee·

287 4382 397 4457 clesia
416 4409 488 4458 una
505 4383 553 4457 sit
570 4384 630 4458 oui
652 4384 796 4470 dicitur,
814 4385 893 4456 Una
912 4394 967 4459 ost
991 4384 1154 4459 columba
1172 4409 1260 4471 mea,
1278 4384 1413 4458 nullam
1432 4410 1510 4463 esse

287 4495 395 4570 aliam
425 4505 565 4572 constat
593 4496 661 4570 nisi
688 4521 768 4595 quae
798 4497 835 4570 in
864 4497 1056 4594 apostoliea
1085 4507 1140 4573 cst
1171 4497 1289 4572 radico
1313 4497 1464 4574 fundata
1487 4525 1510 4574 a
