3608 5498
711 378 712 382 '
797 401 996 465 -soo-

286 521 477 596 dicandum
497 529 614 596 mente
626 521 818 609 descendit,
831 520 941 596 imrno
954 545 1036 601 cunr
1051 546 1197 596 causam
1212 520 1445 609 nesciatnec
1460 524 1521 597 iu·

287 632 372 706 dicii
387 632 526 707 noverit
538 633 739 721 veritatem,
752 643 835 709 ante
848 633 1057 730 praeiudicat
1069 658 1176 731 quarn
1189 632 1315 708 debeat
1327 635 1419 709 ferre
1431 660 1518 710 sen-

217 800 220 806 ·
288 746 451 834 tentiam,
468 747 698 844 fructumque
716 747 864 822 iustitiae
881 745 1130 820 dulcissimum
1148 746 1268 833 vertit,
1282 745 1318 818 in
1336 747 1518 822 amaritu-

287 861 418 936 dinem.
443 859 668 957 Quicnmqne
698 859 813 956 igitur
838 859 1161 955 consanguinitate,
1178 858 1237 933 vel
1262 858 1434 949 amicitia,
1451 861 1520 937 vel

286 974 364 1050 odio
381 973 419 1048 in
437 972 626 1049 indicando
643 973 788 1050 ducitur
805 972 979 1072 pervertit
996 972 1169 1047 iudicium
1188 971 1335 1047 Christi.

634 1162 685 1213 Ex
704 1159 838 1213 decreto
857 1158 1032 1213 Alexandri
1048 1160 1159 1225 Papae.

385 1313 585 1388 Rnuecistis
599 1313 676 1411 (sic)
692 1313 898 1388 mandatum
914 1312 989 1400 nei,
1002 1320 1044 1386 nt
1060 1312 1268 1389 traditiones
1285 1323 1423 1389 vestras
1440 1325 1520 1390 sta·

289 1426 401 1501 tuntis
414 1450 532 1523 supra.
544 1425 637 1511 Quid
650 1425 745 1503 enim
763 1424 860 1501 aliud
877 1435 932 1500 est
949 1425 1081 1501 reicere
1100 1427 1305 1502 mandatnm
1317 1429 1516 1527 Deiquam

287 1537 428 1636 privato
449 1537 590 1624 iudicio,
607 1537 753 1612 consilio
773 1538 931 1613 humano
948 1539 1051 1613 novis
1069 1538 1175 1614 rebus
1191 1541 1452 1616 constituendis
1470 1542 1513 1615 li-

286 1650 408 1726 berius
425 1649 619 1725 delectari?
633 1650 735 1726 Unde
758 1652 931 1748 scriptum
949 1650 1013 1726 est.
1026 1654 1082 1728 Ne
1098 1653 1376 1748 transgrediaris
1388 1652 1517 1727 termi-

292 1787 355 1838 nos
371 1762 536 1860 antiquos
553 1786 640 1860 quos
657 1776 852 1861 posuerunt
870 1774 988 1861 patres
1005 1766 1069 1839 tui.
1083 1769 1129 1841 Et
1142 1764 1342 1863 Apostolus.
1355 1769 1456 1841 State
1473 1778 1515 1842 et

287 1886 405 1952 tenete
423 1876 630 1951 traditiones
647 1899 736 1972 quas
753 1875 938 1968 didicistis,
951 1878 1027 1953 sive
1044 1903 1106 1976 per
1123 1903 1333 1965 sermonem,
1346 1880 1423 1954 sive
1442 1903 1509 1976 per

287 1990 898 2091 epistolamnostramlnnocentins
908 1992 1092 2067 Pernicies
1102 2002 1266 2068 revocata
1276 1992 1313 2065 in
1323 1991 1514 2083 iudicium,

286 2105 439 2200 gravius
455 2113 491 2179 et
508 2103 584 2177 sine
602 2102 799 2200 penitentia
817 2103 1106 2200 condempnetur.
1126 2105 1234 2179 Idem.
1251 2106 1350 2192 Quod
1377 2127 1439 2201 pro
1458 2129 1514 2180 re·

287 2217 401 2292 medio
426 2242 447 2289 a
472 2216 684 2290 necessitate
703 2217 869 2314 temporis
886 2224 1062 2291 statutum
1080 2226 1146 2304 est,
1163 2227 1303 2293 constat
1319 2214 1418 2314 prius
1435 2241 1510 2291 non
1572 2240 1578 2249 ·

288 2329 409 2416 fuisse,
422 2353 465 2402 ac
479 2327 613 2402 revisse
631 2327 776 2424 regulas
793 2339 944 2416 veteres,
958 2353 1047 2426 quas
1059 2328 1104 2403 ab
1116 2330 1282 2428 apostolis
1299 2342 1362 2406 aut
1374 2344 1513 2431 aposto·

287 2441 367 2517 licis
384 2441 535 2516 traditas
552 2441 715 2516 aecclesia
734 2464 879 2516 romana
898 2444 1065 2533 custodis,
1074 2439 1391 2543 custodiendasque
1410 2472 1511 2520 man-

288 2555 349 2628 dat
366 2553 423 2628 his
440 2554 500 2652 qui
520 2579 595 2628 earn
615 2554 739 2629 audire
756 2559 992 2631 consueverit.
1010 2560 1107 2654 Ergo
1124 2558 1217 2656 quod
1234 2553 1429 2634 necessitas
1446 2582 1511 2657 pro

288 2667 442 2743 remedio
468 2666 633 2764 repperit,
655 2680 817 2745 cessante
843 2670 1067 2758 necessitate,
1092 2670 1194 2746 debet
1218 2672 1343 2769 utique
1368 2696 1510 2748 cessare

286 2784 378 2881 qnod
404 2782 537 2880 pariter
564 2781 726 2878 urgebat.
744 2784 967 2860 Caelestinus
985 2783 1023 2856 si
1049 2784 1192 2859 studere
1212 2784 1424 2882 ceperimus
1448 2809 1511 2860 no·

287 2896 404 2985 vitati,
421 2897 593 2971 traditum
619 2895 720 2970 nobis
737 2921 758 2968 a
776 2896 936 2994 patribus
961 2895 1181 2971 calcabimus
1204 2897 1376 2985 ordinem,
1394 2908 1434 2972 ut
1460 2897 1510 2973 lo-

287 3035 370 3084 cum
398 3007 632 3109 supervacuis
656 3008 968 3106 superstitionibus
993 3010 1177 3084 faciamus.
1202 3014 1279 3083 Non
1310 3020 1365 3084 est
1389 2998 1509 3086 minor

288 3123 464 3199 tradentis
480 3122 594 3198 officio
612 3123 771 3197 custodia
788 3122 1009 3196 traditorum.
1028 3121 1202 3197 Gelasius.
1221 3123 1258 3195 Si
1276 3122 1442 3220 deinceps
1460 3126 1508 3197 si-

290 3236 389 3311 nitur
407 3261 574 3311 mansura
588 3235 816 3333 perversitas,
825 3260 893 3310 non
908 3244 963 3310 est
979 3234 1186 3331 benignitas
1204 3235 1427 3310 remittendis
1443 3236 1507 3312 sed

290 3351 547 3426 consentientis
564 3352 800 3425 annuntiatio.
818 3351 879 3426 Sic
896 3372 966 3423 non
984 3356 1097 3446 potest
1113 3347 1329 3447 perversitas
1347 3348 1508 3423 comuni-

288 3473 426 3539 catores
439 3473 604 3565 suscepto
617 3464 832 3563 perversitas
844 3487 914 3538 non
927 3461 1185 3561 adprobari‚sic
1197 3486 1270 3536 non
1283 3470 1397 3560 potest
1410 3462 1468 3537 ref
1491 3504 1506 3519 ·

286 3578 355 3651 tari
373 3578 601 3674 perversitas,
617 3578 789 3676 complice
802 3587 975 3653 sectatore
989 3576 1234 3674 perversitatis
1246 3575 1411 3650 admisso.
1425 3577 1504 3649 Pri·

286 3715 347 3765 sca
365 3690 481 3786 igitur
493 3714 555 3787 pro
568 3690 624 3763 sui
640 3691 840 3767 reverentia
854 3699 1022 3764 maneant
1036 3689 1241 3776 constituta,
1250 3690 1334 3785 quia
1348 3688 1409 3762 ubi
1423 3689 1505 3762 nul·

287 3801 319 3875 la
339 3802 397 3877 vel
416 3827 547 3890 rerum,
562 3815 757 3901 temporum
777 3813 973 3901 perurguet
989 3801 1171 3896 angustia,
1186 3801 1402 3897 regulariter
1419 3826 1502 3879 con-

286 3915 1504 4013 venitcustodiri.Canonumpaternorumvetustormaservetur‚nec

286 4038 411 4104 contra
424 4051 482 4104 eos
496 4028 572 4101 ulla
586 4030 721 4104 ratione
734 4028 925 4126 praevaleat
942 4029 1034 4126 quod
1051 4051 1113 4126 pro
1129 4028 1325 4104 accidentis
1341 4028 1504 4104 defectus

287 4141 441 4217 remedio
466 4141 682 4238 providetur,
699 4165 770 4215 non
794 4141 967 4217 adversus
983 4141 1074 4216 scita
1099 4141 1285 4228 maiorum,
1303 4164 1395 4215 nova
1420 4140 1505 4240 lege

286 4264 511 4352 proponatur.
526 4254 670 4350 Agatho
687 4254 731 4328 ad
745 4257 795 4328 VI
809 4255 997 4353 synodum.
1012 4255 1051 4328 Si
1067 4256 1105 4328 in
1123 4255 1190 4330 boc
1206 4254 1327 4330 seculo
1339 4254 1506 4329 condem-

288 4367 405 4462 pnatis
418 4377 586 4465 parcatur
599 4368 695 4442 sicut
708 4368 776 4465 ipsi
790 4368 920 4466 quibus
934 4369 1092 4466 parcitur
1101 4367 1241 4442 nullum
1251 4368 1288 4441 in
1296 4368 1360 4443 Dei
1369 4367 1505 4444 iudicio

286 4478 449 4554 sentiunt
464 4479 639 4582 parcendo
662 4479 886 4572 beneficium,
903 4482 954 4555 ita
979 4479 1207 4582 parcentibus
1223 4502 1293 4555 non
1311 4479 1506 4557 minimum
