3608 5498
696 427 891 493 -26'1-

183 551 240 625 nis
258 549 421 640 includit,
438 574 519 625 cum
541 549 752 626 mulieribus
770 549 920 647 degunt,
936 549 1004 626 hoc
1024 551 1168 625 omnino
1185 572 1399 651 compescas.

184 668 230 738 Et
247 664 289 738 de
307 673 434 738 cetero
451 662 527 738 illic
545 687 604 738 eos
628 662 792 739 habitare
820 663 1023 739 nullomodo
1047 663 1205 763 patiaris.
1224 668 1270 739 Et
1294 665 1399 739 infra.

185 781 362 852 Praeterea
379 801 466 852 cura
484 786 547 851 tua
565 779 613 851 sit
630 777 769 852 eosdem
783 779 913 855 fratres
925 789 1064 855 nostros
1074 780 1263 879 Episcopos
1275 779 1401 855 adhor-

183 892 319 981 tarint
335 891 512 966 subiectos
526 891 592 966 sibi
607 891 646 965 in
664 892 777 966 sacris
790 892 959 968 videlicet
975 892 1159 967 ordinibus
1175 892 1400 984 constitutos,

182 1005 274 1104 quod
291 1005 359 1103 ipsi
386 1015 532 1082 servant
560 1006 605 1080 ad
630 1005 918 1097 similitudinem,
935 1007 1047 1082 modis
1071 1007 1237 1083 omnibus
1254 1032 1400 1083 servare

183 1129 440 1208 commoneant,
456 1119 523 1196 hoc
545 1121 790 1196 tantummodo
814 1121 965 1196 adiectio
982 1130 1024 1196 ut
1040 1120 1136 1197 sicut
1152 1120 1325 1197 canonica
1341 1120 1400 1196 do-

184 1233 301 1309 cernit
317 1235 523 1325 auctoritas
540 1257 669 1311 uxores
693 1259 783 1334 quas
801 1245 897 1311 caste
915 1235 1042 1312 debent
1060 1258 1185 1332 regere
1202 1258 1274 1310 non
1292 1234 1399 1311 relin-

186 1358 308 1447 quant.

716 1492 858 1578 Lllllll.

280 1694 479 1790 Gregorius
493 1692 607 1767 Vitali
621 1693 796 1770 defensori
809 1694 992 1770 Sardinia.
1005 1694 1209 1769 Iudicatum
1222 1692 1323 1768 nobis
1334 1702 1400 1783 est,

185 1807 278 1905 quod
302 1807 447 1905 quidam
470 1807 675 1883 Caralitano
692 1807 863 1885 acclesiae
879 1807 966 1885 cleri
984 1808 1211 1907 disciplinam
1232 1807 1288 1881 sui
1307 1807 1364 1882 ref
1387 1849 1401 1862 ·

183 1920 325 2018 gientes
335 1921 482 2012 Christi,
491 1931 528 1997 et
541 1933 664 1998 contra
678 1948 761 1998 eum
776 1923 946 1998 solacium
960 1931 1033 1997 tuae
1046 1920 1262 1997 defensionis
1278 1919 1399 2019 exqui·
1434 1971 1438 1980 -

184 2045 274 2111 rant.
293 2042 410 2136 Atque
437 2062 498 2135 per
523 2037 588 2114 hoc
608 2037 664 2111 illi
682 2038 775 2136 quod
791 2036 862 2112 dici
881 2060 995 2133 grave
1012 2044 1067 2111 est
1083 2045 1313 2112 contumaces
1329 2033 1401 2108 exi-

184 2160 291 2226 stant.
309 2154 422 2238 Quam
450 2176 523 2227 rem
543 2151 573 2224 si
591 2153 642 2226 ita
659 2161 724 2240 est,
741 2151 884 2226 omnino
900 2152 989 2227 dure
1007 2150 1241 2248 suscepimus.
1258 2147 1400 2223 Dicitur

182 2264 290 2341 etiam
307 2266 398 2365 quod
415 2274 610 2341 surrectus
627 2265 831 2341 deserentes
855 2264 1038 2354 aecclesiae,
1054 2265 1093 2338 in
1117 2262 1269 2339 aliorum
1287 2286 1326 2337 se
1343 2261 1400 2337 ob

184 2379 318 2477 sequiis
334 2403 379 2454 ac
394 2378 576 2454 laboribus
593 2390 820 2478 occupantes
836 2376 897 2452 ubi
924 2401 1053 2453 nomen
1069 2376 1244 2452 dederunt
1261 2375 1400 2450 militia

184 2494 418 2570 inveniantur
442 2493 613 2569 extranei.
631 2494 863 2592 Experientia
887 2492 1009 2590 itaque
1033 2501 1097 2566 tua
1124 2489 1217 2565 nihil
1233 2489 1400 2588 deinceps

188 2608 260 2684 tale
273 2608 409 2706 aliquid
421 2609 540 2685 facere
557 2618 762 2710 praesumat.
786 2607 856 2683 Sed
873 2607 903 2682 si
922 2606 1136 2705 cuiusquam
1150 2604 1272 2681 clerici
1289 2614 1331 2679 ut
1347 2629 1403 2679 as·

183 2722 271 2797 solet
295 2721 410 2820 culpae
434 2748 540 2799 casus
564 2723 760 2813 emerserit,
778 2723 815 2796 iu
843 2746 913 2820 qua
938 2730 975 2797 te
1005 2720 1072 2796 sibi
1102 2730 1222 2822 petere
1251 2718 1401 2795 debeant

184 2836 381 2911 adiutorem
399 2837 443 2911 ad
460 2838 625 2913 eumdem
643 2837 859 2937 Episcopum
878 2845 1083 2912 reverenter
1100 2835 1240 2925 accede,
1253 2842 1288 2909 et
1305 2834 1401 2909 sicut

185 2974 292 3024 cause
322 2950 491 3024 meritum
517 2950 740 3046 cognoveris,
756 2951 851 3049 apud
876 2975 956 3025 eum
984 2974 1054 3024 non
1083 2950 1246 3024 defensor
1275 2947 1401 3047 culpae,

186 3064 248 3138 sed
265 3063 382 3162 potius
399 3065 612 3140 intercessor
628 3065 870 3156 accedentia
889 3063 957 3139 hac
974 3061 1184 3162 provisione,
1193 3070 1229 3137 et
1241 3060 1400 3160 poscenti

187 3178 283 3252 foras
307 3177 496 3268 auxilium,
513 3189 550 3254 et
574 3205 648 3252 una
666 3180 834 3279 propositi
859 3201 931 3254 non
956 3178 1157 3253 turbentur.
1175 3177 1213 3252 Si
1238 3175 1402 3274 quivero

187 3300 272 3366 sunt
289 3293 351 3390 qui
368 3292 464 3368 iusta
481 3292 715 3392 poposcerint,
731 3317 794 3391 per
819 3304 855 3368 te
873 3292 1054 3366 auxilium
1079 3291 1173 3366 sedis
1192 3289 1402 3388 Apostolicae

187 3431 257 3481 non
274 3416 329 3482 est
340 3408 629 3503 negandum,sed
642 3418 765 3483 tamen
783 3408 834 3481 ita
851 3406 1028 3481 servanda
1045 3415 1100 3480 est
1116 3403 1402 3501 uniuscuiusque

188 3521 342 3619 episcopi
369 3523 582 3612 reverentia,
607 3531 649 3596 ut
673 3522 884 3598 clericorum
902 3519 1091 3620 disciplina
1108 3544 1171 3618 per
1187 3517 1403 3594 defensionis

188 3646 260 3708 tuae
277 3634 532 3735 experientiam
551 3635 698 3711 minime
715 3635 913 3711 solvantur.

738 3859 842 3945 LXV.

285 4088 484 4185 Gregorius
505 4089 671 4163 Ianuario
691 4087 852 4189 episcopo
877 4090 1061 4165 Sardinia.
1087 4089 1256 4165 Pervenit
1280 4087 1324 4162 ad
1340 4111 1405 4163 nos

189 4204 433 4303 quodquidam
447 4205 489 4281 de
503 4205 633 4281 vestris
645 4204 787 4281 clericis
801 4205 930 4303 spiritu
946 4204 1112 4280 elationis
1123 4202 1250 4292 inflati,
1263 4212 1299 4277 et
1312 4202 1405 4301 quod

189 4318 260 4395 dici
277 4341 391 4415 grave
409 4327 463 4393 est
479 4318 716 4394 fraternitatis
732 4328 863 4393 vcstrae
879 4317 1097 4393 iussionibus
1113 4316 1252 4393 obedire
1272 4325 1407 4414 postpo-

190 4441 290 4520 nant,
308 4440 415 4529 atque
432 4433 469 4506 in
487 4432 638 4507 aliorum
656 4457 694 4508 se
713 4434 830 4530 magis
847 4432 1026 4532 obsequiis
1042 4457 1085 4508 ac
1107 4431 1288 4507 laboribus
1304 4455 1408 4507 oocu-

190 4554 329 4648 pantes,
339 4569 413 4621 suae
425 4546 590 4626 deserant
601 4546 664 4627 ubi
675 4556 762 4627 suut
773 4545 965 4628 necessarii
977 4557 1081 4626 actus
1093 4545 1323 4625 ecclesialis
1336 4569 1406 4647 qua
