3608 5498
799 393 930 456 -332
960 427 1001 443 -

291 514 444 591 cibilitor
456 514 666 603 custodiam,
679 513 853 589 iustitiam
864 513 1037 602 excolant,
1049 512 1219 589 ecclesias
1232 513 1513 614 defendantpri·

291 626 411 715 mitiae,
421 627 578 714 deoimae,
587 627 817 726 omniumque
831 628 874 701 ad
887 627 1058 703 ccclesias
1074 627 1332 725 pertinentium
1347 652 1512 725 procura-

288 751 343 815 tor
359 740 521 823 existam,
532 739 615 813 vitm
632 740 1171 838 episcoporum,presbiterorum
1184 740 1413 816 diaconorum
1432 742 1512 816 sub

287 853 586 950 diaconorumque
603 863 646 925 ut
661 862 758 928 caste
776 863 811 927 et
828 853 1043 948 regulariter
1056 852 1184 928 vivant
1198 853 1413 950 provideam,
1427 879 1512 953 pau·

288 991 399 1064 peres,
408 966 546 1053 viduas,
555 976 662 1062 atquc
679 965 832 1063 pupillos
850 965 1246 1064 protegamparentelae
1263 964 1439 1041 inlicitam
1457 991 1513 1041 co

286 1080 407 1177 pulam
420 1081 618 1168 destruens,
630 1078 843 1175 legitimam,
852 1080 945 1167 dota,
958 1078 1077 1166 anulo,
1091 1077 1353 1176 sacerdotisque
1372 1079 1514 1155 bouedi·

287 1194 440 1270 ctionem
458 1192 672 1269 constituam
687 1202 723 1266 et
737 1192 932 1267 constituta
954 1192 1133 1289 corrumpi
1147 1215 1216 1266 non
1232 1192 1447 1289 permittam,
1455 1194 1514 1268 bo·

287 1309 424 1382 minum
439 1307 678 1382 venditionem
697 1307 951 1390 contradicam,
964 1315 1072 1403 atque
1089 1306 1127 1378 in
1141 1305 1306 1380 omuibus
1319 1330 1388 1403 que
1401 1307 1445 1381 ad
1460 1332 1513 1383 re·

287 1422 500 1498 otitndinem
514 1430 630 1495 status
647 1430 864 1516 congruunt,
873 1424 945 1496 Deo
958 1430 1103 1496 auctore
1118 1446 1173 1495 me
1187 1444 1329 1518 aequum
1342 1421 1513 1497 exibeam.

287 1540 531 1611 Ducentorum
550 1558 689 1632 quoque
707 1534 943 1609 bizantiorum
966 1535 1154 1624 tributum,
1171 1558 1329 1609 meorum
1351 1537 1512 1611 omnium

286 1648 448 1723 consulto
457 1648 675 1746 primatuum
687 1657 810 1722 sancto
817 1651 920 1724 Petro
929 1674 990 1747 per
1004 1647 1167 1744 singulos
1180 1672 1291 1722 anuos
1304 1648 1341 1721 in
1356 1674 1513 1724 resurre-

287 1763 404 1837 ctione
418 1760 622 1847 Domini,de
642 1760 729 1833 mihi
744 1784 910 1836 concesso
923 1786 1035 1858 regno
1050 1762 1321 1859 persolvendum
1335 1772 1464 1853 statuo,
1476 1773 1513 1838 et

290 1885 330 1949 nt
344 1887 421 1975 post
435 1901 491 1950 me
504 1873 691 1970 regnaturi
708 1874 774 1949 hoc
793 1875 885 1950 idem
900 1887 1068 1974 perpetuo
1081 1887 1237 1966 servent,
1249 1900 1386 1965 censeo,
1399 1901 1513 1952 corro-

286 1989 379 2078 boro,
388 1998 495 2087 atquc
508 1989 633 2062 santio.
643 1990 740 2062 Dono
752 1989 898 2088 insuper
912 1991 1186 2087 conceduatque
1196 1992 1365 2066 confirmo
1378 2002 1514 2089 aposto

286 2104 366 2179 licae
384 2104 467 2178 Sedi
485 2102 598 2177 saneti
615 2102 781 2197 Gregorii
801 2103 1068 2192 monasterium,
1081 2104 1141 2177 cui
1156 2107 1277 2178 Uraua
1291 2115 1346 2179 est
1362 2106 1515 2180 vocabu·

286 2220 362 2294 lum
381 2245 463 2293 cum
481 2215 577 2291 omni
595 2240 659 2290 suo
676 2216 844 2292 thesauro
862 2217 1002 2293 scilicet
1021 2242 1104 2290 cum
1122 2241 1228 2315 capsa
1245 2226 1417 2313 argentea
1436 2218 1515 2293 roli-

287 2332 390 2430 quias
417 2328 509 2403 sacri
535 2328 690 2426 corporis
711 2329 868 2404 ciusdem
891 2330 987 2404 beati
1006 2330 1173 2425 Gregorii
1198 2331 1413 2419 continente,
1429 2356 1512 2406 cum

286 2445 424 2521 duabus
443 2443 622 2530 crucibus,
640 2468 723 2517 cum
742 2443 854 2519 calice
883 2454 919 2519 et
946 2454 1085 2541 patena,
1102 2468 1185 2519 cum
1210 2443 1349 2519 duabus
1375 2445 1514 2519 coronis

289 2560 411 2633 aureis
427 2556 583 2654 gemmis
599 2557 746 2644 ornatis
770 2583 853 2632 cum
883 2554 1155 2651 evangeliorum
1181 2565 1282 2630 textu
1299 2557 1341 2631 de
1354 2568 1516 2653 argento,

290 2695 444 2768 eumque
462 2669 625 2744 omnibus
641 2670 716 2744 suis
731 2670 920 2744 mobilibus
937 2681 973 2743 et
990 2668 1229 2743 immobilibus
1242 2669 1353 2758 bouis,
1370 2682 1412 2744 ut
1428 2673 1516 2743 San·

289 2784 339 2859 cti
358 2783 455 2858 Petri
475 2782 616 2878 legatie,
634 2807 773 2880 semper
801 2784 847 2857 sit
872 2784 915 2857 ad
941 2783 1120 2881 ospitium,
1137 2793 1173 2857 et
1196 2784 1339 2858 omnino
1364 2783 1401 2856 iu
1424 2793 1516 2881 pote·

290 2906 382 2972 state
399 2921 530 2971 eorum.
550 2899 627 2971 Hoc
644 2906 764 2970 umen
786 2897 995 2995 interposito
1012 2907 1143 2982 tenore,
1160 2906 1202 2970 ut
1219 2896 1310 2969 nulli
1327 2896 1389 2969 alii
1421 2907 1514 2994 pote-

290 3010 375 3084 stati
393 3009 508 3096 detur,
530 3009 590 3083 sed
615 3009 711 3082 omni
738 3018 891 3106 tempore
913 3010 1028 3084 sancti
1045 3010 1140 3085 Petri
1163 3009 1210 3082 sit
1231 3009 1412 3109 proprium
1437 3020 1514 3085 eta

287 3149 343 3198 me
363 3125 520 3220 meisque
538 3122 804 3198 successoribus
821 3123 1006 3198 defensum
1023 3133 1130 3221 atque
1147 3123 1191 3196 ab
1204 3123 1300 3196 omni
1315 3122 1461 3198 homine
1474 3122 1517 3196 li·

288 3237 413 3313 berum
425 3247 460 3311 et
470 3262 646 3312 securum.
657 3228 1059 3336 Cuiuscumqueautem
1069 3235 1219 3310 audacia
1228 3235 1516 3311 temerarioausu

286 3351 473 3449 praefatum
486 3349 738 3424 monasterium
754 3374 797 3424 err
811 3350 1001 3446 assignato
1016 3349 1185 3424 thesauro
1198 3349 1406 3447 privaverit,
1414 3350 1517 3425 terri·

286 3465 392 3540 bilem
414 3464 514 3537 illam
540 3464 670 3540 iudicis
696 3488 949 3563 vocemquam
976 3464 1139 3540 diabolus
1164 3489 1247 3539 cnm
1272 3463 1349 3538 suis
1374 3463 1516 3560 angelis

285 3580 476 3653 auditurus
494 3588 548 3652 est
565 3578 696 3652 audiat.
715 3581 892 3653 Praeterea
911 3603 995 3653 oum
1023 3580 1095 3653 Deo
1121 3578 1257 3653 servire
1282 3601 1433 3673 regnare
1458 3578 1517 3667 sit,

287 3692 367 3768 vice
388 3692 481 3766 beati
497 3691 592 3767 Petri
611 3701 647 3767 et
665 3692 807 3766 Domini
827 3693 940 3768 nostri
957 3697 1061 3792 Papae
1079 3692 1245 3789 Gregorii
1262 3703 1369 3789 atque
1386 3702 1464 3791 post
1479 3716 1518 3768 se

292 3828 453 3882 sessuros
471 3805 507 3878 in
527 3805 728 3903 Apostolica
742 3806 823 3880 sede
842 3831 899 3881 me
913 3807 987 3881 tuis
1001 3806 1168 3880 manibus
1179 3805 1363 3881 committo
1376 3816 1412 3880 et
1424 3829 1517 3880 com-

290 3921 475 4007 mittendo,
485 3919 578 3997 banc
588 3919 793 3994 fidelitatem
808 3931 1031 3995 sacramento
1044 3918 1193 3994 stabilio.
1205 3923 1281 4014 Ego
1293 3917 1440 4016 inquam
1451 3921 1516 3993 De·

286 4033 446 4121 mettius,
464 4032 524 4130 qui
544 4044 579 4107 et
596 4031 772 4106 Suiuimir
790 4032 853 4107 Dei
871 4033 991 4129 gratia
1009 4043 1046 4107 et
1072 4031 1284 4129 Apostolicae
1302 4030 1404 4106 Sedis
1426 4030 1517 4106 dono

290 4173 352 4222 rex
367 4147 412 4221 ab
429 4146 498 4222 bac
515 4146 601 4221 hora
619 4147 655 4220 in
680 4155 785 4221 antea
803 4151 934 4223 Sancto
951 4150 1056 4221 Petro
1079 4155 1115 4221 et
1137 4146 1286 4220 Domino
1304 4166 1381 4219 meo
1408 4147 1513 4242 Papa

289 4262 463 4357 Gregorio
477 4261 621 4358 suisque
635 4260 902 4345 suecessoribus
912 4260 1082 4338 canonice
1092 4259 1313 4334 intrantibus
1322 4281 1381 4334 ero
1391 4257 1515 4346 fidelis,

289 4383 325 4448 ct
342 4383 383 4447 ut
400 4374 475 4471 ipse
491 4373 570 4449 sive
588 4385 667 4471 post
683 4398 765 4448 eum
780 4375 894 4448 futuri
909 4375 1093 4473 pontifices
1105 4373 1182 4448 sive
1196 4372 1308 4469 legati
1323 4396 1445 4447 eorum
1462 4370 1516 4445 vi-

288 4495 364 4563 tam
375 4511 419 4566 ac
433 4486 591 4564 membra
603 4487 832 4589 perdant,aut
844 4487 1170 4590 capiantur,neque
1183 4486 1222 4561 in
1234 4485 1384 4563 consilio
1396 4509 1513 4584 nequo
