3608 5498
800 413 995 478 -256-

287 530 389 606 Sedis
406 531 556 607 Praesuli
574 555 595 604 a
612 531 779 632 presenti
797 532 853 607 die
870 531 981 608 donec
993 530 1200 630 disponente
1218 529 1367 633 Dornino
1380 527 1506 604 Catho-

286 643 366 720 licae
380 645 459 721 fidei
472 646 645 722 manserit
657 645 817 723 doctrina
831 646 1012 736 salutaris,
1021 645 1128 723 liceat
1140 644 1312 744 praedium
1328 644 1505 718 rusticum

287 769 574 860 quantecumque
584 761 693 836 fuerit
705 760 763 836 vel
777 761 1040 857 magnitudinis
1049 759 1108 836 vel
1122 759 1343 857 exiguitatis,
1352 757 1418 832 sub
1432 782 1508 855 per·

287 882 394 970 petua
410 875 623 953 alienatione
640 876 699 952 vel
719 875 995 951 commutatione
1019 874 1063 949 ad
1088 873 1281 950 cuiuslibet
1298 873 1378 945 iura
1394 879 1509 945 trans-

288 987 390 1078 ferre,
402 1013 468 1064 nec
481 991 693 1088 cuiusquam
707 1000 924 1066 excusentur
937 986 1163 1063 necessitatis
1180 986 1354 1060 obtentur.
1371 982 1509 1081 Quippe

288 1125 370 1176 curn
385 1125 454 1178 nou
468 1104 516 1178 sit
528 1103 710 1202 personale
728 1103 819 1202 quod
832 1103 1021 1202 loquimur.
1036 1089 1111 1177 Nec
1127 1101 1260 1200 aliquis
1274 1100 1507 1186 Olericorum,

289 1215 347 1290 vel
365 1215 537 1293 laicorum
557 1217 624 1292 sub
640 1243 684 1293 ac
696 1218 880 1294 occasione
893 1227 1038 1314 accepta
1051 1226 1205 1292 tueatur.
1224 1215 1293 1290 Sed
1310 1215 1347 1287 in
1367 1213 1509 1288 usufru-

289 1336 371 1403 ctus
389 1354 473 1403 rura
489 1329 670 1428 aliquibus
689 1330 766 1405 dari
788 1330 906 1419 liceat,
924 1353 991 1405 nec
1007 1329 1089 1404 data
1104 1328 1251 1404 retineri
1264 1337 1393 1425 praeter
1406 1325 1509 1400 cleri·

290 1462 350 1515 cos
366 1449 402 1516 et
419 1441 579 1540 captivos
595 1452 703 1541 atque
716 1443 933 1541 peregrinos,
950 1467 995 1518 ne
1014 1442 1106 1518 male
1119 1441 1315 1519 occasionis
1333 1439 1510 1513 ministre·

289 1561 351 1631 tur
367 1553 515 1644 occasio,
524 1580 607 1631 cum
620 1555 827 1631 liberalitati
845 1555 898 1629 illi
916 1555 988 1631 alia
1005 1555 1135 1631 itinera
1155 1564 1395 1632 reserventur.
1413 1555 1507 1626 Sanc

290 1676 432 1742 tantum
457 1669 583 1745 domus
608 1669 827 1767 quibuslibet
851 1668 1000 1743 urbibus
1024 1669 1230 1759 constitute,
1255 1692 1407 1767 quarum
1438 1673 1508 1739 sta-

289 1788 368 1854 tum
386 1805 529 1857 necesse
541 1790 597 1856 est
610 1806 763 1879 expensa
776 1805 848 1858 non
861 1783 998 1859 modica
1015 1782 1222 1868 sustentari,
1238 1779 1396 1880 acceptis
1412 1777 1443 1851 si
1459 1777 1508 1853 of-

290 1893 376 1969 ferri
390 1896 583 1992 eontigerit
595 1895 663 1971 sub
676 1896 776 1971 iuxta
789 1896 1013 1972 estimatione
1024 1896 1231 1987 redditibus,
1238 1905 1275 1972 et
1284 1894 1398 1970 divini
1410 1893 1510 1967 timo

292 2032 330 2085 re
347 2009 472 2116 iudicii
490 2011 764 2086 commodentur.

865 2133 935 2219 XL.

730 2311 885 2367 Eiusdem
904 2315 935 2364 in
954 2309 1080 2365 eodem.

387 2468 470 2541 Pari
488 2468 597 2542 etiarn
616 2466 849 2543 ecclesiarum
868 2491 930 2567 per
941 2488 1063 2542 omnes
1075 2468 1242 2540 Romanae
1254 2463 1414 2541 civitatis
1426 2462 1513 2537 titu-

291 2578 344 2653 los
357 2580 419 2678 qui
432 2587 518 2654 sunt
530 2579 742 2678 presbyteri,
756 2579 814 2655 vel
828 2580 1046 2681 quicumque
1059 2581 1174 2656 futuri
1187 2588 1273 2655 sunt
1286 2578 1442 2674 astringi
1454 2598 1513 2650 vo·

291 2692 413 2767 lumus
430 2693 511 2790 lege
528 2693 701 2783 custodes
719 2693 803 2792 quia
820 2694 921 2770 nefas
938 2693 1075 2769 dictum
1092 2703 1147 2769 est
1158 2693 1374 2790 obligatione
1392 2712 1513 2789 quase

294 2829 357 2904 per
370 2807 557 2882 caritatem
571 2805 708 2882 Christi
721 2807 901 2882 connectit
913 2832 1078 2881 summus
1091 2806 1266 2895 Pontifex,
1279 2832 1320 2882 ea
1332 2804 1512 2880 hominem

291 2920 440 2995 secundi
457 2920 494 2994 in
512 2920 674 2996 aecclesia
691 2920 824 2995 ordinis
839 2921 995 2996 retineri.
1009 2921 1234 3018 Quicumque
1247 2929 1367 2994 tamen
1380 2917 1512 2994 oblitus

292 3033 370 3123 Dei,
383 3043 420 3109 et
429 3033 562 3110 decreti
572 3033 682 3108 huius
691 3034 876 3111 immemor
889 3035 994 3109 cuius
1008 3038 1173 3109 Romanae
1186 3035 1345 3110 civitatis
1357 3031 1515 3108 sacerdo·

292 3155 347 3222 tes
364 3146 532 3222 volumus
551 3147 732 3245 religiosis
748 3147 899 3224 nexibus
915 3146 1102 3236 devinciri,
1120 3147 1157 3220 in
1176 3149 1411 3223 constitutum
1430 3171 1515 3245 pree·

292 3285 375 3336 sens
392 3261 629 3351 committens,
642 3261 835 3359 quicquam
849 3260 892 3336 de
906 3265 984 3336 iure
1002 3259 1190 3335 titulorum
1208 3262 1266 3336 rel
1284 3261 1445 3336 aecelesia
1458 3287 1516 3335 su-

293 3373 413 3469 perius
437 3373 595 3472 prefata,
621 3372 780 3471 quolibet
804 3373 906 3448 modo
933 3382 1059 3471 praeter
1084 3398 1227 3464 aurum,
1249 3385 1453 3471 argentum,
1478 3383 1515 3450 et

292 3509 467 3581 gemmas,
492 3497 611 3562 vestes
628 3510 766 3585 quoque
783 3488 814 3561 si
831 3496 928 3576 sunt,
945 3486 1004 3562 rel
1021 3486 1054 3560 si
1071 3488 1288 3563 accesserint
1305 3488 1427 3587 aliqua
1445 3510 1516 3562 mo·

295 3598 381 3673 bilia
395 3599 650 3675 adornamenta
662 3599 786 3674 divina
800 3600 949 3674 minime
962 3600 1177 3699 pertinentia
1191 3610 1358 3700 perpetuo
1367 3602 1445 3676 iure
1459 3626 1514 3675 ex·

297 3711 411 3808 ceptis
424 3710 612 3787 dumtaxat
624 3711 692 3786 sub
704 3712 851 3809 praefata
865 3710 1069 3788 condicione
1081 3710 1243 3787 domibus
1255 3713 1411 3788 alienare
1429 3723 1517 3788 tem·

294 3825 461 3923 ptaverit,
478 3825 635 3916 donator,
651 3825 836 3917 alienator,
852 3853 895 3903 ac
912 3825 1075 3902 venditor
1092 3825 1235 3901 honoris
1251 3827 1307 3901 sui
1325 3827 1516 3901 amissione

296 3938 481 4014 multetur.

856 4063 946 4154 XLI.

815 4241 851 4291 In
868 4238 994 4293 eadem.

390 4395 569 4468 Praeterea
585 4394 646 4491 qui
664 4392 817 4492 petierit,
834 4404 899 4470 eut
916 4393 1105 4491 acceperit,
1123 4393 1182 4468 vel
1207 4395 1269 4491 qui
1289 4393 1516 4492 Presbytero

296 4530 377 4578 rum
394 4515 459 4581 aut
476 4506 713 4582 Diaconorum
730 4530 795 4581 seu
812 4506 1038 4582 defensorum
1055 4506 1154 4580 danti
1168 4506 1431 4606 subscripserit,
1448 4529 1517 4605 quo
