3608 5498
817 410 858 424 -
882 376 925 438 23
951 408 992 422 ..

292 500 389 587 Quod
406 494 510 569 irrita
522 496 570 570 sit
586 495 727 571 donatio
739 479 799 569 'vel
813 471 1233 594 commutatio'npiscopi,
1245 496 1324 572 ain'c
1338 463 1514 573 consensu

365 611 672 709 Presbyterorum.
691 610 775 706 Cap.
792 612 891 684 XXI.
908 610 1097 683 XXXIIII.

291 727 391 814 Quod
408 726 579 824 Episcopo
603 723 831 822 depopulanti
858 749 915 798 res
939 722 1102 798 ecclesiae
1126 723 1246 797 clerus
1268 721 1347 798 eius
1372 723 1515 798 obviare

361 840 473 914 debet.
492 840 577 936 Cap.
594 840 729 912 XXIII.
746 846 782 911 et
799 837 930 912 XCVI.
947 841 990 910 In
1008 838 1058 910 IIo
1074 834 1136 911 lib.
1154 838 1281 911 LVIII.

290 957 341 1030 De
374 953 546 1052 Episcopo
578 953 763 1028 auferente
796 960 914 1050 partes
946 949 1170 1026 clericorum.
1205 949 1290 1048 Cep.
1323 952 1513 1026 XXXVII.

362 1071 596 1143 LXXXVIII.
615 1067 652 1141 in
671 1070 721 1141 II⁰
739 1067 800 1141 lib.
817 1067 911 1142 CXI.

289 1188 341 1260 De
358 1183 571 1259 clericorum
588 1182 862 1278 coniugatorum
880 1179 1048 1278 portione.
1061 1179 1147 1276 Cap.
1164 1180 1347 1252 LXVIIII.

289 1303 338 1376 Ut
353 1299 506 1372 infirmis
522 1297 665 1374 clericis
682 1321 804 1372 eorum
822 1301 993 1371 consueta
1009 1291 1275 1368 commodanon
1288 1291 1513 1366 auferentur.

363 1413 448 1510 Cap.
465 1414 646 1486 LXXVII.

293 1530 343 1602 Ut
359 1550 543 1601 successor
560 1526 756 1624 Episcopus
775 1525 941 1600 restituat
957 1522 1101 1599 clericis
1114 1530 1279 1621 quartam
1304 1543 1412 1619 quam
1430 1529 1513 1595 ante

362 1664 547 1715 successor
565 1663 634 1713 non
651 1640 756 1715 dedit.
774 1641 859 1737 Cap.
876 1640 1094 1714 LXXVIIII.
1121 1697 1125 1704 .

290 1758 339 1829 Ut
355 1754 520 1853 Episcopi
540 1779 612 1828 rem
628 1753 726 1828 tituli
745 1754 947 1853 presbyteri
965 1752 1022 1827 sui
1040 1777 1110 1827 non
1128 1760 1313 1849 usurpent.
1331 1751 1416 1848 Cap.
1434 1753 1517 1824 Vll.

361 1873 496 1944 XVIII.
513 1872 665 1944 XVIIII.
682 1872 865 1943 XLVIIII.

288 1986 338 2058 Ut
367 1982 567 2057 ministeria
592 1983 752 2058 ecclesiae
775 1984 819 2057 ad
849 1983 1000 2058 alteram
1030 2005 1101 2056 non
1131 1980 1405 2056 transferantur.
1430 1978 1514 2076 Cap.

360 2098 544 2172 XCVIIII.

288 2214 338 2287 Ut
354 2235 537 2284 successor
556 2211 751 2308 Episcopus
772 2210 966 2286 decessoris
992 2209 1085 2283 mala
1111 2209 1206 2284 facta
1231 2207 1403 2283 emendet.
1429 2206 1514 2302 Cap.

359 2329 495 2399 XXVI.
512 2327 622 2401 XCII.

289 2442 340 2513 De
357 2463 444 2514 cura
462 2438 585 2515 clerici
603 2449 639 2514 ct
656 2464 855 2538 pauperum
874 2438 985 2514 etiam
1002 2448 1161 2535 tempore
1177 2432 1272 2510 belli.
1290 2435 1376 2531 Cap.
1392 2435 1474 2507 XV.

288 2556 339 2628 De
356 2552 705 2629 administratoribus
723 2554 972 2650 religiosorum
991 2552 1159 2626 locorum.
1176 2551 1263 2647 Cap.
1280 2549 1404 2624 CXLI.

288 2669 388 2756 Quod
405 2695 461 2744 res
478 2668 639 2744 ecclcsiae
655 2667 829 2743 divitibus
845 2666 922 2743 dari
939 2690 1009 2741 non
1027 2666 1168 2741 debent.
1185 2665 1271 2761 Cap.
1289 2664 1387 2737 VIII.
1402 2661 1514 2737 CIIII.

360 2785 508 2859 CXXX.
526 2784 692 2859 CXXXI.
711 2784 913 2858 CXXXIII.

288 2897 389 2984 Quod
405 2895 547 2973 clericis
563 2920 632 2970 non
650 2896 754 2970 laicis
771 2895 900 2971 debent
916 2895 1091 2972 committi
1110 2893 1325 2993 patrimonia
1341 2890 1513 2968 ecclesiae.

362 3012 445 3110 Cap.
463 3013 572 3086 XLV.
589 3013 663 3085 LX.
680 3013 771 3085 LXI.
789 3010 982 3085 CXXXII.-

290 3127 389 3213 Quod
406 3125 557 3200 alterius
573 3125 733 3201 ecclesian
749 3124 892 3201 clericis
908 3147 979 3199 non
997 3124 1126 3199 debent
1142 3122 1328 3200 committi.
1340 3123 1425 3219 Cap.
1438 3122 1514 3198 XC.

361 3240 398 3313 in
416 3240 583 3314 11⁰1ibr0.

290 3354 388 3440 Quod
406 3362 560 3429 rectores
577 3353 871 3451 patrimoniorum
890 3351 1011 3426 iurare
1033 3349 1170 3425 debent.
1185 3349 1269 3449 Cap.
1282 3350 1465 3425 LXXIIII.
1477 3359 1514 3424 et

361 3468 464 3542 CLV.
480 3477 518 3542 et
535 3470 656 3543 CLVI.
674 3478 710 3543 et
727 3470 868 3544 CLVII.

289 3583 340 3656 De
356 3581 513 3679 singulis
529 3582 680 3657 ducibus
697 3592 733 3657 et
750 3581 931 3657 iudicibus
944 3579 1249 3677 patrimoniorum.
1262 3580 1304 3651 ln
1317 3580 1350 3652 1⁰
1363 3576 1424 3653 lib.
1436 3602 1511 3676 cap.

361 3695 431 3769 CC.
456 3697 564 3770 XLII.
582 3696 754 3771 CCXLV.

292 3807 485 3907 Exemplar
525 3808 711 3885 locationis
745 3834 865 3884 rerum
891 3808 1224 3885 ecclesiasticarum.
1254 3809 1339 3906 Cap.
1368 3808 1515 3884 CXVII.

360 3921 523 3995 CXVIII.
541 3922 723 3996 CXVIIII.

290 4036 339 4108 Ut
354 4034 466 4107 annui
480 4035 640 4110 redditus
654 4035 949 4134 patrimoniorum
961 4062 982 4111 a
995 4037 1143 4112 notariis
1155 4035 1413 4113 describantur.
1427 4037 1512 4135 Cap.

359 4151 506 4223 LXXV.
523 4151 633 4225 XCII.

289 4266 339 4338 Ut
355 4263 650 4361 patrimoniorum
668 4278 821 4342 rectores
838 4291 900 4365 per
925 4266 1091 4363 singulas
1115 4264 1328 4341 indictiones
1352 4266 1512 4342 desusce

359 4387 461 4474 ptum
490 4379 669 4476 accipiant
694 4390 730 4455 et
754 4379 1046 4479 patrimoniorum
1073 4383 1307 4458 conductores
1336 4380 1511 4458 similiter.

360 4491 444 4589 Cap.
463 4492 520 4567 CI.
539 4493 612 4568 CII.
631 4495 721 4569 CIII.
739 4495 885 4570 CVIIII.
902 4495 995 4570 CXI.
