3608 5498
775 412 1004 478 s-lor-

291 534 364 610 lere
384 533 543 624 voluisti,
560 558 643 610 oum
661 558 784 610 omnes
801 533 972 611 oecolesiae
989 544 1119 610 nostroe
1132 535 1228 610 intro
1240 536 1426 612 civitatem
1444 539 1519 613 sint

291 648 494 724 constitute.
504 652 665 737 Quarum
679 649 878 748 presbyteri
892 650 976 749 quio
989 650 1045 725 die
1059 650 1134 748 ipso
1144 659 1284 748 proptor
1296 649 1434 748 plebem
1447 650 1516 725 sibi

292 762 463 838 creditam
481 763 666 839 nobiscum
679 764 875 840 'convenire
892 787 963 838 non
981 773 1139 860 possunt,
1153 763 1284 838 iccirco
1298 763 1515 839 formentum

291 901 312 950 o
330 877 429 952 nobis
447 878 647 953 conlectum
667 903 730 977 per
745 877 891 954 acolitos
909 876 1104 974 occipiunt,
1122 887 1163 952 ut
1189 902 1227 952 se
1248 902 1269 950 a
1289 887 1410 953 nostra
1424 902 1520 955 com·

292 992 460 1067 munione
475 991 627 1066 maxime
641 992 703 1068 illo
720 992 859 1068 dienen
874 991 1033 1066 iudicent
1045 1001 1234 1091 separatos.
1248 993 1349 1079 Quod
1362 1016 1423 1090 per
1437 1017 1515 1091 par·

294 1106 442 1182 rechins
459 1107 535 1182 fieri
553 1106 680 1183 debore
696 1131 767 1182 non
785 1116 881 1206 puto,
898 1107 983 1206 quio
1008 1130 1078 1180 non
1105 1107 1211 1203 longe
1236 1107 1407 1205 portanda
1432 1117 1518 1182 sunt

293 1227 527 1295 sacramenta.
540 1223 615 1295 Nec
635 1243 697 1293 nos
710 1243 772 1317 per
784 1220 976 1318 cymiteria
990 1222 1130 1296 diversa
1146 1222 1352 1297 constitutis
1366 1222 1519 1320 Presby-

294 1334 381 1409 teris
398 1332 631 1423 destinamus,
654 1342 746 1408 utet
764 1332 965 1434 presbyteri
988 1359 1110 1412 eorum
1137 1335 1435 1412 conficiendorum
1459 1335 1518 1409 ius

292 1447 448 1524 habeant
463 1457 571 1546 atque
587 1446 780 1523 licentiam.

823 1614 982 1700 XXXVI.

624 1774 674 1824 Ex
694 1773 796 1837 gestis
815 1771 902 1824 xisti
920 1772 1050 1825 iunioris
1069 1774 1181 1837 Pepae.

388 1909 516 1982 Xistus
534 1908 729 2006 Episcopus
748 1907 893 2003 rogavit
910 1907 1135 2007 presbyteros
1160 1908 1260 1983 urbis
1277 1910 1407 1985 Romae
1432 1918 1468 1984 ct
1484 1931 1519 1984 o

293 2047 412 2098 mnem
426 2020 574 2112 olerum,
587 2031 622 2097 et
639 2021 760 2097 sedere
774 2021 812 2094 in
827 2043 897 2094 uno
910 2021 1078 2097 conflictu
1093 2021 1131 2095 in
1144 2021 1292 2097 basilica
1305 2022 1517 2111 Helenima,

292 2161 371 2235 quae
381 2135 513 2210 dicitur
527 2135 736 2210 Sessorium.
745 2138 791 2209 Et
801 2134 905 2208 infra.
919 2137 1033 2210 Erant
1045 2144 1165 2210 eutem
1177 2134 1226 2210 ibi
1239 2158 1361 2211 omnes
1374 2135 1518 2233 patricii

292 2257 328 2326 et
341 2249 516 2337 consules,
530 2258 565 2324 et
581 2273 703 2325 omnes
717 2249 924 2347 Presbyteri
938 2249 1038 2324 urbis
1050 2253 1170 2325 Romae
1182 2252 1248 2323 XL
1261 2258 1297 2325 et
1310 2249 1458 2326 Diaconi
1473 2254 1517 2326 V.

292 2367 381 2439 Item
400 2372 478 2461 post
495 2387 618 2461 peuce.
637 2362 717 2436 Alia
736 2371 856 2438 autem
871 2361 927 2437 die
940 2361 1026 2437 fecit
1039 2361 1163 2459 colligi
1180 2386 1302 2438 omncs
1315 2362 1517 2462 presbyteri

292 2477 390 2552 urbis
407 2480 526 2551 Romen
544 2486 580 2552 et
598 2477 688 2552 sedit
706 2475 743 2549 in
762 2477 882 2551 eodem
901 2476 986 2563 loco
1003 2484 1039 2550 et
1056 2475 1142 2551 fecit
1159 2500 1241 2551 cum
1259 2476 1424 2551 omnibus
1437 2499 1518 2552 con-

292 2590 428 2681 cilium,
445 2599 481 2666 et
498 2590 685 2666 damnavit
700 2593 851 2664 Bassum
871 2599 907 2666 ot
926 2590 1139 2666 Marianum.

797 2819 976 2904 XXXVII.

386 3052 459 3123 Lno
478 3072 661 3122 nrrsoorvs
679 3046 869 3122 Dioschoro
888 3047 1128 3124 Alexandrino
1146 3048 1318 3146 Episcopo
1334 3047 1429 3123 inter
1448 3073 1514 3124 cm

292 3173 378 3238 tera.
395 3166 475 3237 Non
492 3162 625 3260 passim
643 3161 767 3236 diebus
783 3160 948 3237 omnibus
965 3161 1194 3238 sacerdotalis
1212 3161 1269 3237 vel
1292 3161 1437 3237 levitico
1462 3184 1516 3235 or·

291 3276 426 3351 dinatio
443 3274 654 3364 celebretur,
672 3275 732 3349 sed
746 3284 824 3374 post
837 3274 929 3349 diem
948 3275 1085 3349 sabbati
1103 3275 1251 3372 eiusque
1269 3284 1420 3365 noctem,
1437 3299 1516 3373 qum

292 3390 331 3463 in
356 3389 471 3488 prima
496 3388 633 3464 sabbati
659 3388 809 3465 lucescit
834 3389 975 3463 exordia
1001 3389 1232 3465 consecrandi
1257 3388 1453 3485 eligantur,
1478 3390 1515 3464 in

292 3503 422 3602 quibus
431 3502 562 3577 ieiunis
575 3501 853 3577 aieiunantibus
865 3527 968 3577 sacra
981 3502 1177 3579 benedictio
1189 3502 1403 3579 conferatur.
1416 3504 1517 3591 Quod

292 3615 450 3691 ciusdem
461 3614 699 3689 observantior
711 3614 790 3704 crit,
801 3614 831 3689 si
846 3640 949 3690 mane
968 3615 1043 3714 ipso
1055 3616 1113 3691 die
1125 3616 1302 3692 dominico
1310 3617 1518 3693 continuato

292 3729 428 3803 sabbati
440 3728 572 3804 ieiunio
584 3728 902 3826 celebreturaquo
915 3736 1072 3829 tempore
1082 3729 1439 3827 praecedentisnoctis
1450 3729 1517 3803 ini·

292 3844 341 3918 tia
359 3868 429 3918 non
448 3843 627 3919 recedunt.
645 3844 744 3931 Quod
761 3843 805 3917 ad
823 3843 916 3917 diem
936 3842 1207 3917 resurrectionis
1231 3842 1326 3918 siout
1342 3842 1451 3918 etiam
1477 3841 1515 3916 in

291 3959 421 4058 pascha
439 3957 579 4034 Domini
597 3957 801 4034 declaratur
818 3957 996 4057 pertinere
1013 3982 1083 4034 non
1101 3955 1248 4032 dubium
1267 3965 1330 4033 est.

807 4186 1002 4271 XXXVIII.

389 4409 459 4480 Lso
474 4395 662 4481 Anastasio
678 4407 851 4506 Episcopo
864 4405 1183 4483 Thessalonicensi·
1198 4406 1235 4480 Si
1250 4415 1305 4482 est
1316 4405 1516 4482 adhibenda

294 4521 478 4611 correctio,
491 4529 533 4595 ut
545 4546 684 4621 semper
697 4521 743 4597 sit
756 4520 857 4598 solva
871 4518 1023 4598 dilectio.
1037 4521 1137 4598 licet
1147 4521 1243 4596 enim
1257 4519 1424 4596 accidant
1436 4544 1515 4618 quae
