3608 5498
804 390 1001 453 -364-

292 506 337 579 ab
355 504 443 604 ipsis
460 505 655 608 Episcopis,
666 509 711 583 ab
728 506 803 607 ipso
819 508 971 607 denique
990 507 1176 585 salvatore
1192 507 1337 584 veniam
1351 509 1423 586 nisi
1440 535 1515 588 cor·

291 616 493 714 rigentibus
506 620 617 696 fuisse
628 644 844 697 concessam.
859 621 1035 695 Auditum
1048 632 1170 697 autem
1182 621 1250 696 sub
1263 622 1331 697 isto
1344 624 1429 699 celo
1444 651 1510 702 nec

291 731 427 827 legitur
444 734 587 809 omnino
604 759 670 811 nec
683 736 815 811 dicitur
828 735 920 833 quod
932 759 1055 810 eorum
1073 756 1159 810 voce
1176 735 1406 835 depromitur.
1424 741 1515 814 Date

291 846 392 921 nobis
410 848 564 938 veniam,
582 859 714 923 uttam
732 871 796 923 nos
813 849 850 922 in
877 870 994 924 errore
1018 848 1198 923 duremus.
1224 852 1271 923 Et
1296 849 1402 947 paulo
1427 862 1514 951 post

292 963 451 1037 Mortuos
467 963 661 1039 suscitasse
679 963 836 1058 legimus
850 960 1049 1051 Christum,
1073 961 1112 1033 in
1130 984 1249 1037 errore
1276 973 1432 1039 mortuos
1456 965 1515 1041 ab·

291 1075 439 1153 solvisse
457 1100 527 1152 non
545 1078 711 1174 legimus.
728 1082 775 1153 Et
792 1076 854 1174 qui
872 1076 938 1151 hoc
964 1084 1061 1151 certo
1086 1074 1240 1150 faciendi
1264 1076 1362 1151 solus
1387 1078 1515 1155 habuit

291 1201 512 1290 potestatem,
528 1193 630 1268 beato
649 1197 753 1268 Petro
778 1189 1025 1292 principaliter
1049 1190 1197 1265 mandat
1221 1192 1396 1288 Apostolo.
1412 1196 1517 1282 Quae·

289 1331 443 1406 cumque
460 1307 633 1404 ligaveris
651 1317 920 1406 superterram,
937 1313 974 1380 et
992 1303 1139 1402 reliqna.
1165 1306 1281 1403 Super
1305 1315 1439 1382 terram
1461 1307 1517 1382 in·

291 1420 386 1517 quid.
395 1423 488 1496 Nam
499 1418 979 1517 iubaclcgationeiunctum
989 1442 1168 1516 nusquam
1177 1420 1517 1498 mandatabsolreri.

292 1535 392 1622 Quod
409 1560 496 1632 ergo
513 1559 698 1634 nunquam
717 1535 854 1611 lactum
869 1542 934 1622 est,
947 1533 1132 1631 concipere
1146 1533 1204 1609 vel
1218 1544 1337 1610 mente
1350 1536 1517 1611 lormida-

288 1674 381 1739 mus,
398 1649 553 1726 scientes
571 1649 609 1722 in
626 1648 750 1723 divino
766 1646 899 1723 iudicio
916 1670 987 1721 non
1006 1669 1107 1745 posse
1125 1647 1267 1745 penitus
1280 1651 1454 1725 excusari.
1468 1653 1515 1724 Et

291 1762 395 1838 inira.
413 1766 455 1836 In
473 1762 701 1838 illudentem
720 1762 834 1837 ridere
852 1784 909 1836 me
926 1759 1035 1835 libuit
1052 1762 1145 1860 qnod
1162 1761 1224 1850 ait,
1237 1763 1269 1837 si
1282 1788 1427 1840 necesse
1440 1765 1517 1840 fue-

293 1877 342 1951 rit
358 1877 502 1953 veniam
520 1877 707 1975 postulare.
723 1874 945 1950 Existimans
961 1874 1136 1949 nimirum
1152 1885 1241 1951 tunc
1255 1900 1293 1952 se
1306 1878 1442 1975 peccati
1455 1904 1516 1954 ve·

292 1989 392 2065 niam
411 1991 613 2068 necessario
627 1991 816 2089 postulare,
834 1990 864 2063 si
882 1987 915 2064 ei
933 1989 1169 2064 concedamus
1187 2015 1231 2065 ne
1252 2014 1402 2088 peccare
1426 1990 1517 2066 desi·

291 2115 374 2195 stat,
389 2105 499 2181 immo
520 2105 627 2181 etiam
654 2104 746 2202 quod
771 2102 876 2193 absit,
902 2129 986 2178 cum
1013 2103 1134 2178 codem
1160 2104 1427 2179 consentiamus
1452 2128 1517 2179 nos

288 2242 427 2317 qnoque
454 2243 611 2316 peccaro.
637 2219 766 2293 Nescio
792 2217 886 2292 inter
915 2242 996 2315 quae
1027 2217 1153 2291 mundi
1178 2218 1341 2314 prodigia
1360 2217 1427 2294 boc
1451 2243 1516 2293 vos

288 2335 399 2430 possit
415 2334 566 2408 admitti.
585 2333 733 2408 Remitti
750 2332 856 2431 culpa
873 2331 917 2406 de
944 2329 1121 2428 praeterito
1147 2340 1272 2428 potest,
1296 2332 1516 2409 correctione

288 2444 365 2519 sine
384 2444 490 2520 dubio
506 2454 755 2542 consequente.
769 2448 861 2518 Nam
876 2443 907 2516 si
921 2443 1091 2540 deinceps
1105 2442 1237 2517 sinitur
1251 2470 1421 2518 mansura
1438 2442 1517 2542 peri

288 2558 452 2647 versitas,
469 2582 540 2632 non
557 2568 612 2633 est
629 2557 836 2654 benignitas
854 2556 1084 2646 remittentis,
1102 2557 1164 2631 sod
1181 2559 1437 2635 consentientis
1453 2584 1516 2632 an·

292 2671 480 2745 nuntiatio.

855 2813 945 2896 XLI.

383 3013 551 3090 Gelasius
562 3015 750 3089 Anastasio
766 3013 986 3110 imperatori,
996 3011 1138 3087 Famuli
1156 3020 1286 3087 vestrm
1303 3012 1457 3110 pietatis
1466 3016 1514 3089 Et

288 3132 511 3204 caetereDuo
523 3139 609 3204 sunt
620 3132 817 3227 Imperator
827 3133 994 3221 Auguste
1007 3124 1137 3222 quibus
1151 3123 1398 3223 principaliter
1411 3151 1515 3200 mun-

286 3241 354 3316 dns
370 3241 428 3317 hic
450 3242 602 3337 regitur,
621 3241 827 3317 Auctoritas
853 3264 956 3316 sacra
974 3239 1205 3335 Pontificum,
1217 3248 1253 3314 et
1269 3238 1404 3335 regalis
1420 3248 1516 3337 pote·

288 3368 372 3432 stas.
389 3360 431 3430 In
458 3358 588 3456 quibus
605 3366 705 3433 tanto
722 3356 875 3453 gravius
892 3363 947 3430 est
967 3353 1104 3452 pondus
1128 3352 1363 3443 sacerdotum,
1380 3363 1515 3451 quanto

288 3471 398 3547 etiam
428 3492 490 3568 pro
518 3470 607 3568 ipsis
632 3469 790 3567 regibus,
807 3468 993 3543 hominnm
1019 3467 1057 3540 in
1087 3465 1209 3542 divino
1235 3466 1409 3542 reddituri
1427 3476 1516 3543 sunt

289 3582 452 3660 examine
471 3583 654 3658 rationem.
671 3582 773 3658 Nosti
791 3583 887 3658 enim
906 3581 956 3656 lili
975 3580 1262 3669 clementissime,
1279 3579 1446 3679 quoniam
1472 3580 1516 3654 li·

287 3708 346 3773 cet
362 3696 550 3796 praesideas
566 3696 723 3771 humano
739 3697 865 3792 generi
891 3694 1081 3792 dignitate,
1099 3718 1219 3769 rerum
1245 3706 1363 3770 tamen
1382 3718 1515 3796 praeau·

287 3809 382 3885 libus
399 3809 604 3883 divinarum
622 3809 772 3885 devotus
794 3809 886 3884 colla
910 3809 1105 3899 submittis,
1123 3819 1230 3908 atque
1254 3810 1299 3883 ab
1316 3809 1368 3884 eis
1384 3833 1515 3884 causas

287 3933 360 3998 tuae
377 3923 506 3999 salutis
521 3923 671 4021 expetis.
684 3927 809 4022 Neque
827 3923 959 3998 summi
974 3924 1038 3999 Dei
1057 3922 1249 3999 celestibus
1266 3922 1514 4012 sacramentis,

286 4038 409 4136 eisque
426 4048 468 4113 nt
485 4037 654 4138 competit
670 4036 908 4138 disponendis,
924 4038 1064 4113 subdite
1081 4037 1209 4112 debere
1227 4037 1414 4134 cognoscis
1432 4035 1515 4110 reli·

288 4151 409 4246 gionis
426 4150 548 4225 ordine
566 4150 683 4247 potius
701 4175 808 4248 qnam
835 4175 993 4248 praeesse.
1010 4155 1135 4249 ltaque
1160 4150 1257 4226 inter
1274 4149 1351 4224 boec
1367 4148 1514 4223 illorum

287 4274 324 4338 te
342 4264 496 4361 pendere
513 4261 658 4351 iudicio,
669 4287 738 4338 non
757 4262 837 4338 illos
854 4265 898 4338 ad
917 4275 1017 4340 tuam
1035 4263 1128 4339 velle
1146 4262 1261 4358 redigi
1278 4263 1513 4336 voluntatem.

288 4376 327 4451 Si
344 4376 441 4452 enim
459 4387 635 4475 quantum
652 4375 697 4450 ad
713 4377 871 4452 ordinem
889 4378 1042 4480 publicae
1055 4379 1210 4477 pertinet
1234 4377 1441 4477 discipline,
1457 4400 1515 4452 co·

286 4503 501 4594 gnoscentes
519 4490 710 4598 imperium
729 4491 795 4569 tibi
821 4516 975 4596 superna
992 4492 1059 4570 Dei
1084 4489 1312 4593 dispositione
1328 4490 1513 4581 collatum,
