3608 5498
259 756 456 852 Gregorius
480 759 677 831 Fortunato
701 755 863 855 episeopo
887 754 1130 853 Neapolitano.
1150 756 1257 828 Porro
1281 752 1313 828 si
1338 767 1379 829 tu

164 869 257 967 quod
273 893 343 943 uon
361 870 547 968 opinamur
564 870 757 945 iussionem
783 881 942 946 nostram
967 868 1261 945 dissimulandam
1279 878 1381 966 puta-
1403 879 1405 883 '

165 982 273 1072 veris,
291 984 420 1058 rectori
442 984 645 1082 patrimonii
662 984 823 1061 ecclesiae
840 994 970 1060 nostrae
986 984 1048 1083 qui
1064 984 1141 1062 illic
1158 994 1213 1061 cst
1228 983 1288 1061 vel
1305 983 1381 1059 fue·
1443 1038 1455 1063 0

166 1097 214 1171 rit
231 1097 449 1173 constitutus
466 1097 609 1173 noveris
625 1123 703 1174 esse
720 1097 915 1188 licentiam,
932 1110 975 1174 ut
995 1099 1089 1197 quod
1104 1109 1228 1199 sponte
1246 1107 1380 1197 postpo

164 1210 233 1302 nis,
250 1211 329 1285 eius
346 1210 464 1288 facere
482 1210 658 1287 iustitiam
676 1211 789 1288 modis
805 1212 971 1289 omnibus
988 1213 1167 1310 urgearis.
1277 1237 1280 1242 ·
1379 1218 1383 1225 '

660 1441 884 1577 ¹LXXXllll.

264 1670 461 1765 Gregorius
480 1669 673 1745 Paschasio
688 1668 850 1769 episcopo
866 1671 1109 1770 Neapolitano.
1127 1673 1296 1769 Tempore
1313 1691 1383 1768 quo

165 1782 373 1857 fraternitas
390 1793 510 1858 vestra
528 1784 573 1858 nd
589 1783 812 1883 episcopatus
835 1785 992 1860 officium
1011 1787 1084 1860 Deo
1099 1791 1243 1860 auctore
1260 1806 1383 1883 prove-

164 1907 222 1973 cta
247 1906 312 1986 est,
336 1899 564 1973 constituisse
589 1922 653 1973 nos
674 1897 810 1984 recolit,
828 1907 870 1972 ut
887 1923 931 1973 ex
955 1897 1118 1996 pecuniis
1135 1896 1307 1973 acclesiae
1324 1920 1384 1971 re·

169 2020 264 2101 strae,
280 2013 393 2109 portio
409 2012 531 2088 elerici
551 2013 608 2088 vel
626 2036 823 2110 pauperum
840 2036 948 2110 quam
968 2011 1117 2086 minime
1138 2011 1300 2086 decessor
1324 2034 1383 2085 ve·

166 2135 240 2200 ster
265 2125 474 2223 praebuerat,
491 2126 582 2200 idest
600 2126 726 2201 0000
744 2125 872 2199 solidos
897 2150 1056 2200 seorsum
1074 2123 1150 2200 fieri
1167 2124 1384 2214 debuissent,

166 2237 333 2313 volumus
350 2249 392 2314 ut
409 2239 606 2315 secundum
622 2238 905 2315 distributionem
919 2239 1154 2337 praesentibus
1171 2238 1315 2337 scriptis
1331 2238 1384 2312 in·

167 2361 311 2442 sertam,
335 2377 454 2428 coram
482 2351 647 2427 Athemio
675 2352 891 2431 subdiacono
918 2364 1037 2429 nostro
1066 2353 1143 2429 sine
1172 2352 1383 2430 difficultate

165 2464 286 2564 aliqua
302 2465 511 2541 fraternitas
536 2475 657 2540 vestra
681 2466 806 2543 debeat
830 2493 989 2565 erogare.
1007 2473 1054 2545 Et
1078 2468 1183 2543 infra.
1202 2468 1242 2542 Id
1272 2466 1384 2542 modis

167 2581 331 2656 omnibus
348 2580 527 2666 statuatis,
547 2581 720 2678 quatinus
734 2580 801 2656 hoc
823 2583 916 2680 quod
940 2582 1032 2657 alter
1056 2581 1190 2657 iniuste
1215 2580 1382 2668 detinuit,

165 2718 228 2768 vos
244 2694 369 2770 devote
386 2719 429 2770 ae
446 2693 599 2771 celerius
617 2693 850 2792 impendendo
866 2697 911 2772 ad
928 2706 1086 2772 vestram
1104 2694 1247 2796 possitis
1271 2692 1384 2793 appli-

167 2834 248 2886 care
267 2810 476 2886 mercedem.

688 2954 823 3040 LXXX.

261 3155 460 3252 Gregorius
478 3155 697 3230 Maximiano
719 3154 881 3252 episeopo
898 3153 1121 3227 Siracusauo.
1139 3151 1382 3248 Cognovimus

165 3270 207 3343 de
225 3269 421 3344 redditibus
438 3268 610 3346 acclesiae
627 3268 768 3343 noviter
791 3264 979 3364 acquisitis
1004 3264 1213 3341 canonicam
1238 3263 1393 3361 disposi-

165 3383 296 3456 tionem
314 3393 524 3481 quartarum
547 3382 695 3458 minime
720 3378 919 3479 provenire,
937 3379 998 3454 sed
1022 3376 1202 3478 episcopos
1223 3376 1382 3453 locorum

166 3494 379 3572 distribuere
392 3496 639 3573 tantummodo
655 3505 821 3593 quartam
839 3492 1069 3590 antiquorum
1088 3491 1303 3582 reddituum,
1314 3515 1383 3566 nec

167 3633 252 3684 vero
268 3611 420 3708 quasita
436 3611 513 3685 suis
531 3609 655 3685 usibus
669 3609 832 3684 retinere.
842 3604 1078 3694 Quamobrem
1097 3630 1245 3704 pravam
1262 3603 1384 3680 subin-

171 3723 442 3821 troductamque
459 3722 764 3811 consuetudinem,
778 3719 984 3795 fraternitas
996 3730 1060 3794 tua
1073 3718 1250 3795 vivaciter
1266 3743 1385 3795 emen·

165 3835 249 3910 dare
266 3835 422 3926 festinet,
436 3845 477 3910 ut
493 3835 570 3912 sive
587 3835 630 3911 de
648 3835 838 3935 praeteritis
856 3833 1062 3922 redditibus,
1075 3833 1152 3908 sivo
1170 3833 1212 3908 de
1229 3831 1287 3906 his
1303 3856 1384 3931 qum

166 3948 334 4024 obvenire
356 3948 413 4024 vel
430 3948 703 4025 obvenientibus
719 3957 858 4048 quarte,
878 3947 1075 4023 secundum
1094 3944 1382 4021 distributionem

167 4063 377 4140 canonicam
391 4063 651 4161 dispensentur.
659 4064 905 4158 Iuoougruum
923 4082 1078 4157 namque
1094 4069 1149 4135 est
1165 4084 1275 4133 unam
1291 4082 1386 4135 eam·

168 4176 319 4275 demque
345 4175 516 4252 acclesiae
544 4175 781 4251 substantiam
811 4171 968 4270 dupplici
997 4171 1149 4270 quodam
1179 4171 1279 4248 modo
1306 4170 1386 4248 iura

167 4289 315 4365 censeri.
328 4289 423 4364 Idem
442 4290 480 4364 in
498 4289 619 4366 eodem
637 4288 801 4386 registro.
815 4289 866 4362 De
884 4286 1080 4362 redditibus
1095 4295 1132 4362 et
1147 4285 1385 4363 oblationibus

168 4400 338 4476 aeclesia
351 4411 517 4499 quartam
535 4400 573 4476 in
590 4400 733 4498 integro
746 4400 941 4499 portionem
958 4399 1129 4476 aeclesia
1145 4410 1218 4477 tua
1230 4398 1384 4490 clericis,

167 4512 365 4588 secuudum
383 4512 564 4603 moritum,
580 4513 639 4589 rel
655 4512 824 4606 officium,
840 4513 1092 4590 sivetaborem
1110 4538 1230 4606 suum,
1246 4524 1288 4591 ut
1308 4513 1385 4613 ipse

1168 4629 1203 4685 ta
