3608 5498
802 418 998 482 -371-

289 539 526 636 frequentare,
543 540 779 638 nequicquam
806 540 844 615 in
862 541 998 617 Christi
1023 542 1186 619 ecclesiis
1207 540 1376 622 hereticis
1401 546 1507 624 licere

290 652 460 750 patiatur,
468 678 513 728 ne
531 655 707 729 incorum
724 663 897 751 potestate
914 656 971 730 sin
989 657 1112 731 divina
1131 660 1314 757 mysteria,
1322 662 1452 758 quibus
1469 661 1508 735 in

292 767 393 841 domo
410 767 476 842 Dei
502 790 563 865 pro
587 791 732 842 suorum
757 767 933 843 scelerum
960 770 1208 866 magnitudine
1232 798 1300 848 nec
1323 773 1508 849 habitandi

292 879 350 953 ius
368 889 526 954 remanet
538 905 606 957 nec
617 881 752 955 orandi.
761 884 959 977 Gregorius
972 883 1009 957 in
1019 887 1108 959 XXI
1118 883 1207 959 libro
1221 885 1508 960 moraliumPle·

291 1018 443 1092 rumque
459 995 556 1071 enim
574 995 686 1094 quieti
707 1004 815 1094 atque
839 995 1042 1072 inconcussi
1069 997 1296 1095 relinquitur,
1311 999 1343 1072 si
1366 997 1510 1074 obviare

292 1108 416 1205 pravis
433 1131 495 1206 pro
511 1108 649 1183 iustitia
665 1131 735 1183 non
761 1134 941 1184 curamus.
959 1108 1029 1185 Sed
1052 1110 1083 1185 si
1100 1110 1144 1184 ad
1161 1120 1303 1186 oeternae
1320 1111 1405 1186 vitae
1421 1110 1510 1186 desi·

293 1220 432 1294 derium
450 1221 593 1297 animus
616 1223 761 1312 exarsit,
779 1224 809 1297 si
834 1223 904 1298 iam
930 1248 1057 1298 verum
1074 1222 1198 1298 lumen
1215 1222 1433 1300 intrinsecus
1458 1247 1511 1298 re·

291 1333 410 1430 spicit,
427 1334 457 1407 si
475 1335 512 1408 in
530 1360 568 1411 se
584 1335 766 1410 flammam
783 1337 899 1411 sancti
917 1336 1067 1411 fervoris
1083 1336 1258 1425 accendit,
1274 1336 1313 1409 in
1334 1347 1510 1435 quantum

294 1445 397 1522 locus
413 1447 582 1538 admittit,
599 1451 635 1523 in
654 1461 830 1548 quantum
847 1474 956 1526 causa
980 1451 1106 1547 exigit,
1121 1450 1291 1526 debemus
1314 1474 1377 1550 pro
1393 1451 1512 1526 defen-

294 1560 392 1635 sione
409 1561 557 1636 iustitiae
574 1564 806 1662 nosmetipsos
822 1563 971 1652 obicere,
979 1572 1015 1638 et
1027 1562 1205 1662 perversis
1221 1565 1266 1638 ad
1283 1565 1418 1638 iniusta
1436 1586 1511 1660 pro·

293 1674 540 1770 rumpentibus
557 1676 664 1751 etiam
683 1702 765 1752 cum
791 1678 836 1752 ab
860 1677 912 1751 cis
935 1699 1006 1750 non
1031 1675 1225 1773 quaerimus
1248 1674 1401 1750 obviare.
1417 1678 1511 1749 Nam

294 1808 376 1858 cum
391 1785 529 1861 iustitie
542 1813 612 1886 qua
625 1811 689 1862 nos
701 1814 864 1863 amamus
877 1789 914 1862 in
928 1788 1010 1862 aliis
1023 1788 1168 1878 feriunt,
1180 1811 1245 1862 nos
1256 1787 1513 1863 nichilominus

294 1923 360 1971 sua
377 1902 603 1998 percussione
620 1902 838 1991 confodiunt,
850 1902 959 1978 etiam
976 1904 1005 1976 si
1025 1902 1189 1977 venerari
1206 1901 1406 1976 videantur.
1420 1902 1513 1989 Quia

295 2034 382 2107 ergo
399 2013 456 2084 vir
472 2022 619 2088 sanctus
637 2013 758 2112 pravis
775 2039 818 2088 ac
835 2013 928 2090 male
944 2013 1137 2110 agentibus
1158 2038 1195 2089 so
1213 2013 1321 2088 etiam
1340 2039 1423 2088 cum
1441 2036 1512 2088 non

294 2125 470 2221 queritur
494 2128 647 2224 opponit,
670 2137 765 2201 recte
789 2127 832 2202 de
849 2151 889 2201 eo
913 2127 975 2224 qui
993 2128 1059 2201 Dei
1084 2126 1228 2215 dicitur,
1244 2126 1283 2199 in
1299 2125 1513 2202 hoccursum
1586 2178 1590 2187 ,

294 2235 414 2332 pergit
430 2247 601 2312 armatus.
620 2239 850 2334 Augustinus
867 2263 973 2337 super
990 2239 1192 2314 Iohannem.
1206 2237 1295 2326 Quis
1311 2248 1367 2315 est
1383 2262 1516 2313 merce·

294 2350 420 2425 narius
437 2352 497 2448 qui
516 2354 614 2428 videt
638 2353 765 2452 lupum
791 2365 827 2429 et
850 2355 976 2448 fugit?
999 2355 1070 2441 Qui
1096 2378 1161 2426 sua
1185 2351 1315 2450 quaerit
1339 2374 1409 2425 non
1435 2376 1514 2450 quae

295 2462 401 2537 Ihesu
415 2463 562 2540 Christi.
575 2470 787 2542 Peccantem
801 2490 871 2541 non
884 2466 993 2542 libere
1002 2489 1156 2562 arguere
1168 2465 1286 2539 audet.
1295 2467 1388 2540 Ecce
1397 2464 1516 2539 nescio

219 2669 222 2673 q
296 2577 376 2673 quis
392 2579 558 2675 peccavit
573 2581 813 2677 increpandus
829 2591 893 2670 est,
910 2580 1272 2657 excommunicandus
1287 2589 1351 2654 est.
1372 2579 1441 2654 Sed
1457 2603 1516 2653 ex·

296 2693 582 2768 communicatus
594 2693 764 2769 inimicus
777 2695 855 2782 erit,
868 2694 1108 2783 insidiabitur,
1121 2693 1262 2769 nocebit
1274 2717 1358 2768 oum
1372 2693 1515 2790 potitur.

296 2802 371 2874 Iam
386 2801 446 2877 ille
459 2803 520 2900 qui
534 2829 613 2902 quae
626 2830 692 2878 sua
704 2807 843 2904 quaerit,
856 2829 925 2881 non
938 2832 1018 2906 quae
1035 2806 1141 2883 Ihesu
1159 2804 1305 2893 Christi,
1330 2830 1376 2881 ne
1392 2804 1517 2904 perdat

295 2915 387 3012 quod
413 2926 570 2991 sectatur
595 2918 761 2993 humanae
786 2921 955 2995 amicitie
983 2920 1226 3004 commodum,
1251 2928 1288 2994 et
1310 2918 1516 2993 inimicitia-

297 3053 379 3100 rum
393 3028 633 3104 humanarum
651 3031 813 3107 incurrat
832 3031 1042 3122 molestiam,
1053 3042 1151 3108 tacet
1166 3055 1237 3106 non
1252 3032 1408 3130 corripit.
1421 3034 1516 3106 Ecce

296 3140 404 3239 lupus
420 3144 497 3218 ovis
514 3155 645 3240 guttur
665 3145 906 3245 apprehendit,
922 3145 1083 3220 diabolus
1108 3144 1189 3219 fidei
1207 3143 1424 3220 adulterium
1441 3167 1517 3241 per·

297 3255 422 3344 suasit,
439 3266 480 3330 tu
497 3267 594 3333 taces
611 3281 681 3331 non
699 3258 891 3355 increpas?
904 3261 933 3333 Ο
946 3257 1156 3345 mercenari,
1172 3256 1297 3353 lupum
1311 3256 1515 3330 venientem

298 3367 421 3440 vidisti
439 3379 474 3443 et
491 3369 631 3465 fugisti.
649 3370 848 3467 Respondet
864 3369 953 3444 forte
970 3379 1007 3442 et
1022 3366 1120 3442 dicit.
1138 3369 1230 3441 Ecce
1251 3363 1312 3439 hio
1336 3390 1429 3451 sum,
1444 3387 1516 3458 non

298 3478 388 3573 fugi.
403 3481 558 3576 Fugisti,
571 3483 655 3579 quia
667 3481 823 3557 tacuisti.
836 3485 940 3577 Fuga
953 3478 1077 3569 animi,
1088 3479 1195 3553 timor
1207 3487 1271 3553 est.
1285 3478 1436 3576 Corpore
1449 3485 1518 3550 ste-

298 3591 386 3679 tisti,
403 3592 532 3689 spiritu
550 3593 688 3690 fugisti.
705 3597 796 3668 Item
814 3593 1012 3689 Gregorius
1033 3591 1071 3665 in
1096 3589 1225 3667 omelia
1240 3592 1314 3665 XL.
1331 3587 1519 3686 Tranquil-

299 3706 413 3782 litatis
430 3719 586 3807 tempore
610 3707 822 3805 plerumque
846 3706 890 3780 ad
915 3705 1042 3801 gregis
1066 3702 1264 3779 custodiam
1289 3703 1385 3778 sicut
1408 3724 1518 3775 verus

299 3831 417 3918 pastor
434 3820 487 3896 sic
504 3821 612 3895 etiam
631 3819 874 3895 mercenarius
899 3829 980 3894 stat.
997 3817 1066 3894 Sed
1091 3817 1198 3917 lupus
1215 3816 1364 3892 veniens
1378 3813 1517 3889 indicat

300 3957 369 4031 quo
381 3935 532 4032 quisque
545 3934 665 4007 animo
677 3957 784 4033 super
796 3930 922 4027 gregis
939 3930 1136 4008 custodiam
1150 3929 1276 4004 stabat.
1285 3930 1407 4026 Lupus
1419 3926 1516 4000 enim

300 4071 407 4143 super
423 4070 507 4121 oves
523 4044 635 4132 venit,
648 4068 732 4118 cum
749 4042 900 4141 quilibet
913 4044 1070 4117 iniustus
1083 4052 1119 4117 et
1132 4051 1261 4140 raptor,
1278 4039 1400 4114 fideles
1417 4060 1520 4135 quos-

300 4184 369 4257 que
387 4169 493 4256 atque
511 4156 666 4231 humiles
686 4155 862 4255 opprimit.
879 4155 948 4230 Sed
974 4155 1005 4229 is
1022 4154 1084 4252 qui
1102 4164 1221 4254 pastor
1236 4176 1315 4227 esse
1332 4149 1520 4226 ridebatur

300 4282 336 4346 et
353 4295 423 4344 non
448 4280 536 4357 erat,
554 4269 731 4367 relinquid
748 4291 832 4343 oves
848 4275 885 4341 et
901 4267 1010 4362 fugit,
1027 4267 1111 4364 qnia
1128 4265 1213 4339 dum
1227 4263 1295 4339 sibi
1312 4263 1356 4339 ab
1373 4287 1414 4338 eo
1430 4263 1521 4361 peri·

301 4383 425 4458 culum
451 4383 590 4470 metuit,
608 4382 772 4456 resistcre
797 4380 875 4454 eius
896 4377 1083 4451 iniustitiae
1099 4401 1171 4451 non
1195 4377 1389 4475 prresumit.
1407 4375 1521 4469 Fugit

301 4505 421 4569 autem
435 4517 505 4569 non
517 4495 601 4592 quia
615 4492 785 4568 mutando
797 4488 996 4578 locum,sed
1005 4488 1245 4565 subtrahendo
1256 4488 1442 4564 solacium.
1451 4490 1520 4561 Fu-
