3608 5498
812 412 857 440 ‡-
883 370 947 454 aaa

861 545 971 630 nav.

688 715 771 776 Item
786 724 820 776 tn
838 720 955 776 eodem
973 733 1053 788 cap.
1066 725 1134 777 xv.

297 901 301 903 -
400 857 439 931 Si
452 857 533 959 quis
545 857 702 957 quolibet
719 867 886 957 tempore,
903 857 1097 934 cuiuslibet
1114 859 1297 957 potestatis
1309 869 1374 934 aut
1389 860 1524 935 ordinis

302 972 613 1070 personaaliquid
631 972 947 1047 deconsuetudine
964 971 1021 1048 vel
1040 973 1212 1048 facultate
1225 973 1523 1049 xenodochiorum

302 1084 613 1160 vel‘ecclesiarum
629 1085 827 1175 abstulerit,
845 1085 936 1185 quod
951 1087 1046 1160 Deus
1058 1095 1211 1176 avertat,
1226 1097 1266 1160 ut
1279 1097 1424 1163 necator
1438 1111 1522 1184 pau-

302 1220 427 1294 perum
444 1197 726 1275 irrevocabiliter
742 1196 970 1275 anathemato
987 1198 1149 1274 feriatur.
1252 1237 1253 1240 ¹

844 1370 971 1476 xxvi.

487 1658 489 1666 γ
541 1635 545 1642 ,
638 1597 688 1647 Ex
707 1595 842 1649 concilio
863 1595 1015 1650 Toletano
1035 1606 1107 1661 cap.
1127 1598 1182 1648 xl.

296 1800 314 1808 «»
336 1785 338 1787 ’
396 1756 436 1828 Si
453 1756 535 1855 quis
551 1756 594 1832 de
611 1756 814 1855 potentibus
835 1755 1105 1846 clericum-out
1121 1757 1315 1856 quemlibet
1340 1759 1521 1856 pauperio-

300 1861 465 1962 rem‚‘aut
478 1871 685 1968 religiosum
700 1871 942 1969 expoliaverit,
957 1880 993 1946 et
1005 1871 1232 1946 mandaverit
1243 1896 1324 1946 eum
1341 1872 1391 1947 ad>
1408 1897 1445 1947 se
1461 1897 1522 1946 ve·

298 1985 376 2061 nire
389 1985 585 2086 Episcopus
598 1997 640 2061 ut
650 1986 830 2079 audiatur,
843 1995 878 2061 ct
891 1986 1153 2083 contempserit,
1168 1985 1323 2060 invicem
1339 2009 1418 2061 mox
1434 1986 1519 2061 scri·

297 2110 357 2197 pta
374 2112 586 2198 percurrant
599 2125 660 2201 per
673 2124 795 2176 omnes
809 2099 1002 2199 provinciae
1015 2098 1214 2198 Episcopus,
1227 2109 1519 2198 etquoscumque

296 2214 394 2290 adire
410 2215 602 2312 potuerint,
618 2227 660 2290 ut
675 2215 1010 2291 excommunicatus
1026 2211 1199 2287 habeatur
1212 2213 1323 2289 donec
1339 2213 1518 2301 audiatur,

293 2335 332 2402 et
349 2329 472 2406 reddat
488 2330 616 2406 aliena.

838 2454 984 2539 xxvss.
1003 2501 1005 2506 ·

580 2605 582 2608 ,
692 2634 729 2685 In
746 2603 905 2686 Affrteeno
926 2644 997 2697 cap.
1017 2631 1116 2711 xxx.

389 2793 532 2871 Placuit
547 2804 589 2869 ut
606 2793 728 2870 clerici
746 2795 808 2892 qui
825 2793 871 2869 ab
883 2795 1099 2893 Imperatore
1112 2791 1353 2887 cognitionem
1368 2792 1515 2868 iudicio

294 2932 373 2981 rum
384 2908 607 3005 publicorum
622 2908 800 3009 petierint,
812 2901 948 2982 honore·
957 2907 1154 3005 priventur.
1170 2907 1208 2980 Si
1223 2931 1307 2982 vero
1319 2907 1516 3006 episcopale

293 3021 466 3096 iudicium
484 3021 664 3096 abeodem
683 3020 861 3120 petierint,
879 3017 970 3094 nihil
988 3019 1040 3094 eis
1056 3019 1158 3094 obsit.
1171 3022 1260 3094 Item
1279 3019 1449 3095 incudem
1468 3044 1516 3095 ox

291 3160 367 3233 cap.
384 3139 465 3210 XV.
483 3136 696 3212 Cresconius
713 3135 802 3210 villa
820 3134 992 3211 Recensis
1010 3133 1205 3232 Episcopus
1222 3134 1322 3232 plebe
1336 3161 1401 3209 sua
1418 3135 1517 3210 dere·

291 3245 388 3334 lic'ta,
406 3248 670 3323 Tubuniensem
688 3247 823 3321 invasit
840 3247 1039 3322 ecclesiam.
1055 3251 1101 3322 Et
1113 3271 1229 3345 usque
1246 3247 1348 3322 hodie
1365 3271 1515 3323 commo

288 3359 399 3447 nitus,
416 3362 563 3436 eandem
582 3360 783 3459 relinquere
799 3360 1024 3456 contempsit.
1040 3365 1086 3435 Et
1098 3361 1202 3435 infra.
1219 3361 1442 3461 Necessitate
1459 3386 1514 3436 co-

220 3480 223 3487 '
289 3482 409 3567 gente,
423 3472 576 3548 liborum
590 3473 695 3575 nobis
709 3473 757 3546 sit
769 3483 942 3548 rectorem
958 3474 1151 3571 provincis
1164 3476 1360 3550 secundum
1378 3484 1514 3549 statuta
1582 3512 1585 3516 ·

290 3586 492 3687 principum
510 3587 682 3662 adversus
698 3585 803 3661 illurn
821 3586 930 3674 adire,
948 3586 1068 3684 utqui
1086 3587 1176 3662 mio
1191 3587 1430 3663 admonitione
1454 3610 1515 3661 uo·

289 3696 359 3772 luit
375 3698 563 3773 emendare
579 3696 761 3787 illicitum,
777 3697 992 3776 auctoritate
1009 3698 1197 3774 iudiciaria
1215 3698 1377 3796 protinus
1393 3698 1514 3774 exolu-

289 3809 403 3885 datur.
425 3811 479 3886 Ab
505 3810 685 3887 universis
703 3811 888 3908 Episcopis
902 3809 1048 3885 dictum
1062 3821 1125 3885 est.
1142 3814 1282 3886 lustum
1296 3822 1359 3885 est.
1380 3811 1512 3885 Placet.

288 3925 378 3997 Item
396 3924 433 3997 in
451 3924 571 4019 eodem
589 3949 633 4022 ox
650 3949 724 4034 cap.
742 3927 824 4001 XX.
843 3927 936 3998 Sunt
959 3924 1056 3999 enim
1082 3923 1242 4023 plerique
1267 3925 1513 4025 conspirantes

286 4061 370 4112 cum
388 4038 549 4138 plebibus
566 4038 726 4138 propriis,
744 4061 833 4135 quas
850 4037 1045 4134 decipiunt,
1061 4037 1181 4112 blandi
1199 4038 1244 4113 ad
1269 4037 1511 4113 seducendum

286 4149 424 4225 vitiosae
439 4151 525 4225 vitae
542 4150 713 4240 homines,
730 4149 789 4225 vel
808 4159 904 4226 certe
917 4148 1043 4239 inflati,
1057 4160 1093 4224 et
1106 4175 1127 4222 a
1141 4160 1261 4224 nostro
1274 4148 1448 4225 consortio
1461 4172 1515 4222 se-

287 4262 413 4358 parati,
430 4265 491 4359 qui
508 4271 638 4359 putant
654 4262 804 4362 propriso
816 4261 909 4362 plebi
924 4259 1179 4336 incubandum.
1192 4264 1240 4336 Et
1251 4283 1511 4358 nonnunquam

287 4375 467 4462 conventi,
479 4374 528 4449 'ed
545 4374 738 4450 concilium
756 4374 881 4449 venire
899 4374 1112 4463 detractant,
1125 4398 1191 4448 sua
1203 4374 1292 4449 forte
1305 4398 1351 4448 ne
1363 4373 1513 4471 prodan-

286 4497 346 4559 tur
358 4486 498 4581 flagitia
516 4497 724 4563 metuentes.
739 4489 825 4563 Dico
839 4489 868 4561 si
885 4488 1001 4586 placet
1014 4487 1112 4561 circa
1125 4485 1189 4560 hos
1201 4509 1272 4562 non
1285 4495 1425 4561 tantum
1439 4483 1513 4558 dio·
