3608 5498
683 441 723 475 -’-
749 425 814 488 315
840 459 880 472 -

170 546 304 619 Antius
320 553 357 620 et
374 545 534 621 Formias
550 545 652 620 beato
669 549 775 621 Petro
791 544 996 643 acquisivit.
1010 549 1101 620 Item
1117 545 1298 620 Adrianus
1311 570 1393 621 con·

168 655 289 731 stituit
305 657 426 733 domos
443 657 561 733 cultas
578 659 647 733 IIII
665 683 775 733 unam
793 660 937 759 quidem
955 684 1034 758 quae
1051 658 1184 734 dicitur
1201 660 1320 760 Caput
1336 683 1392 735 co·

169 796 260 860 rum,
272 772 450 847 territorio
460 773 677 869 vigenam,
691 774 791 849 milia
804 776 849 851 ab
861 774 957 852 Urbe
970 778 1080 850 Roma
1093 774 1175 874 plus
1188 774 1309 850 minus
1319 777 1389 849 XV

168 883 206 958 in
224 911 330 960 usum
345 885 374 961 G
389 910 584 984 pauperum
603 888 854 964 Lateranensis
871 889 1008 990 palatii,
1025 902 1062 965 et
1079 886 1260 965 Galeriam
1278 888 1316 962 in
1329 889 1391 965 via

168 996 318 1089 aurelia,
336 997 422 1072 mill.
439 999 521 1099 plus
538 1000 658 1075 miuus
675 1003 711 1075 X
734 1001 779 1077 ab
799 998 898 1092 urbe,
922 1002 967 1077 ad
983 1011 1145 1077 sanctam
1163 1002 1330 1076 Rufinam
1349 1010 1386 1076 et

170 1109 417 1187 Caluisianum
435 1113 473 1186 in
486 1112 546 1187 via
558 1114 753 1206 ardeatina,
769 1115 858 1190 mill.
875 1116 919 1191 ab
935 1113 1023 1191 urbe
1040 1113 1121 1214 plus
1134 1113 1255 1189 minus
1267 1118 1338 1192 XV
1352 1125 1389 1191 et

168 1225 275 1300 aliam
285 1225 464 1311 Galeriam
474 1253 558 1302 cum
571 1229 735 1304 omuibus
747 1229 799 1304 eis
809 1228 1070 1328 pertinentibus
1082 1228 1120 1302 in
1135 1254 1241 1303 usum
1255 1236 1389 1303 sancta

169 1342 336 1414 Romanae
352 1339 532 1415 acclesiae.
549 1341 646 1415 Idam
664 1343 860 1441 acquisivit
875 1341 977 1418 beato
993 1346 1098 1418 Petro
1119 1367 1274 1417 massam
1301 1347 1390 1417 Ara·

170 1451 318 1542 tianam,
336 1453 441 1527 sitam
454 1454 500 1529 ab
513 1454 599 1531 urbe
618 1455 705 1530 mill.
719 1459 808 1530 XVI
822 1457 882 1530 via
894 1456 1089 1546 ardeatina,
1102 1456 1141 1529 in
1154 1479 1224 1555 qua
1237 1453 1389 1532 ecclesia

169 1566 264 1643 beati
281 1568 395 1642 Edisti
408 1593 484 1645 esse
498 1568 706 1662 dinoscitur,
721 1570 876 1670 qualiter
893 1570 1001 1645 etiam
1019 1579 1056 1645 et
1072 1595 1226 1644 massam
1243 1569 1391 1644 Acutia·

170 1707 253 1756 nam
271 1707 350 1781 quae
367 1682 467 1757 iuxta
484 1683 607 1759 eadem
625 1708 701 1759 esse
720 1684 872 1760 videtur.
889 1688 1038 1760 Necnon
1055 1683 1164 1759 otiam
1178 1708 1332 1758 massam
1350 1683 1390 1757 in

170 1821 240 1895 qua
253 1806 309 1871 est
321 1796 482 1873 aeclesia
495 1797 611 1873 sancti
620 1798 755 1888 Leucii,
767 1799 881 1896 posita
891 1799 950 1873 via
959 1798 1138 1888 flaminea,
1151 1798 1237 1873 mill.
1246 1797 1291 1872 ab
1304 1797 1391 1874 urbe

174 1911 284 1983 Roma
302 1907 383 2006 plus
407 1909 528 1983 minus
553 1913 598 1984 V.
623 1913 669 1984 llt
693 1911 861 2009 quamvis
885 1937 993 2011 supra
1018 1920 1256 1986 monstratum
1274 1911 1331 1999 sit,
1354 1920 1390 1985 et

169 2022 287 2098 adhuc
304 2022 341 2095 in
359 2023 591 2120 sequentibus
607 2023 869 2100 demonstretur
886 2025 1056 2124 quosdam
1074 2023 1228 2099 ducatus
1245 2033 1281 2098 et
1299 2048 1390 2096 mar·

169 2136 268 2212 chias
285 2162 329 2213 ex
344 2138 488 2234 integro
504 2138 716 2236 patrimonia
732 2137 826 2215 beati
846 2138 942 2212 Petri
967 2162 1045 2212 esse
1071 2137 1188 2238 placet
1212 2144 1332 2211 umen
1357 2159 1392 2211 o

170 2251 333 2326 stendere
354 2252 514 2351 quaedam
532 2251 609 2328 loca
626 2251 722 2326 intra
740 2252 905 2354 praefatos
921 2251 1075 2326 ducatus
1091 2259 1128 2326 et
1152 2248 1332 2324 marchias
1356 2259 1393 2324 et

170 2363 391 2465 principatus
405 2366 514 2439 immo
527 2366 635 2441 etiam
647 2366 684 2438 in
694 2365 847 2440 diversis
860 2364 985 2462 regnis
993 2363 1062 2438 sita
1071 2363 1173 2439 velut
1184 2362 1280 2439 beati
1293 2363 1391 2438 Petri

172 2478 384 2579 patrimonia
398 2478 551 2553 diuersis
564 2479 781 2577 temporibus
794 2505 815 2553 a
828 2480 980 2555 diversis
989 2478 1215 2578 pontificibus
1224 2477 1393 2555 Romanis

172 2592 296 2667 locata.
313 2593 432 2689 Igitur
450 2593 645 2668 Casinense
666 2592 924 2668 monasterium
945 2592 1038 2668 beati
1064 2592 1184 2667 Patris
1207 2590 1392 2668 Benedicti

173 2704 298 2780 nullus
311 2705 442 2781 dicioni
456 2705 515 2781 vel
529 2706 599 2781 iuri
614 2705 809 2798 subditum,
821 2707 928 2783 babet
942 2707 1127 2783 tuitionem
1138 2705 1396 2804 abApostolica

171 2819 252 2895 sede
269 2846 291 2894 a
308 2820 413 2896 cuius
426 2821 598 2897 Pontifice
611 2821 784 2897 Zacharia
796 2846 858 2920 per
871 2825 1103 2897 Petronacem
1118 2820 1240 2894 uirum
1259 2828 1395 2894 restau-

173 2943 289 3007 ratum
307 2943 372 3023 est,
389 2934 585 3009 eversionis
602 2961 676 3009 suae
691 2936 736 3011 0⁰
750 2937 838 3009 ΧΧο
851 2958 953 3009 anno.
966 2932 1161 3008 Dominioae
1178 2932 1394 3007 Incarnatio

171 3046 227 3121 nis
237 3048 520 3130 DCCXXhabct
533 3050 724 3148 privilegia
738 3075 811 3124 suae
823 3048 987 3123 tuitionis
1000 3047 1198 3121 aRomanis
1214 3046 1394 3120 Pontifici-

170 3159 238 3234 bus
251 3161 531 3237 aucharianum
542 3162 797 3239 monasterium
812 3162 969 3237 eiusdem
985 3158 1206 3249 sublacense,
1218 3168 1255 3234 et
1268 3159 1392 3233 Salva·

170 3275 258 3350 toris
270 3275 364 3374 apud
375 3279 494 3365 Reate,
506 3287 542 3352 et
555 3277 737 3366 Farlense,
754 3276 946 3353 iurisbcati
957 3276 1054 3351 Petri
1067 3284 1163 3363 sunt,
1173 3274 1337 3373 quoniam
1353 3273 1391 3348 iu

170 3388 247 3464 cius
259 3389 482 3488 patrimonio,
491 3398 526 3466 et
535 3389 716 3465 territorio
729 3401 770 3465 ut
779 3392 817 3466 in
826 3391 1057 3490 sequentibus
1070 3389 1284 3486 legitursita
1297 3396 1393 3462 sunt.

170 3506 256 3578 Haeo
269 3503 391 3602 itaque
407 3529 486 3602 quae
503 3513 677 3580 secuntur
694 3514 836 3605 sumpta
857 3514 944 3579 sunt
960 3530 1003 3580 ox
1020 3502 1126 3579 tomis
1143 3500 1394 3578 Lateranensis

169 3619 609 3718 Bybliothecae.1taquein
623 3642 663 3696 eo
679 3629 774 3694 tomo
789 3621 828 3694 in
842 3642 910 3718 quo
923 3618 1153 3720 praescriptus
1165 3627 1220 3692 est
1232 3620 1327 3718 Papa
1342 3618 1394 3690 Io·

169 3731 315 3810 hannes.
328 3736 453 3833 Itaque
470 3734 507 3807 in
520 3733 590 3808 alio
602 3733 877 3810 cartioiothomo
890 3732 1013 3808 inveni
1026 3733 1127 3806 iuxta
1140 3729 1341 3805 Palladium
1353 3728 1393 3804 in

168 3871 238 3945 quo
255 3847 484 3947 praescriptus
496 3857 551 3923 est
567 3850 660 3948 Papa
674 3847 883 3945 Gregorius,
900 3845 1073 3945 leguntur
1089 3868 1166 3921 esse
1180 3840 1393 3942 patrimonia

167 3961 261 4038 beati
278 3961 374 4037 Petri
394 3960 551 4060 Apostoli
568 3960 612 4036 ab
629 3961 761 4037 eisdem
775 3961 900 4037 locata.
913 3962 1009 4036 Idest
1026 3957 1281 4033 monasterium
1295 3954 1391 4030 beati

168 4075 313 4151 Petriin
323 4074 465 4172 integro
477 4100 560 4150 oum
575 4085 729 4151 mercato
739 4098 813 4165 suo,
825 4075 934 4150 situm
949 4073 1044 4148 intra
1057 4072 1241 4148 civitatem
1257 4072 1395 4145 Lucen-

168 4215 254 4278 sem,
266 4214 348 4264 oum
363 4200 465 4266 curte
477 4213 556 4288 quae
569 4189 702 4265 dieitur
715 4189 909 4264 Valentino
922 4187 980 4263 vel
990 4186 1169 4276 Blentina,
1181 4208 1245 4260 seu
1255 4182 1394 4260 caeteris

168 4304 340 4392 curtibus,
357 4330 440 4379 oum
462 4306 568 4394 casis,
585 4304 776 4393 casalibus,
791 4304 921 4390 vineis,
934 4301 1053 4390 terris,
1070 4299 1194 4399 pratis,
1208 4298 1322 4387 silvis,
1333 4320 1393 4395 pa·

169 4419 277 4508 souis,
290 4417 428 4492 cultum
442 4429 479 4494 et
487 4418 678 4509 incultum,
693 4417 820 4492 mobile
833 4416 892 4492 vel
907 4415 1086 4504 inmobile,
1094 4437 1241 4513 seseque
1251 4436 1394 4488 moven-

167 4531 266 4614 tibus
275 4556 396 4614 servos
407 4543 444 4615 et
456 4532 619 4631 ancillas,
630 4531 744 4620 aldios
755 4530 925 4622 aldiones,
933 4529 1138 4645 augurales,
1151 4524 1394 4620 mandariciis,
