3608 5498
796 383 997 447 -342-

287 506 437 607 praedari
457 530 684 607 praesumam,
700 504 834 602 absque
850 511 914 579 tua
930 510 1144 601 tuorumque
1169 524 1428 589 successorum,
1444 499 1507 600 qui

287 624 332 698 ad
347 623 515 697 honorem
533 620 650 695 sancti
669 620 765 696 Petri
784 615 1013 706 intraverint,
1030 625 1128 692 certa
1145 615 1304 703 licentia,
1322 625 1451 712 praeter
1467 615 1509 689 il·

287 736 358 808 lom
377 758 484 832 quam
497 743 540 807 tu
559 731 648 805 mibi
667 731 843 819 concedis,
857 731 917 806 vel
930 730 984 805 tui
1003 730 1117 806 idonei
1132 752 1354 806 successores
1370 752 1511 804 conces·

288 848 363 922 suri
389 854 485 920 sunt.
503 844 679 920 Pensione
704 844 746 919 de
763 853 858 918 terra
885 843 1002 918 sancti
1019 844 1118 920 Petri
1135 868 1243 942 quam
1263 852 1370 924 teneo
1384 843 1442 918 vel
1459 853 1510 918 tc·

286 959 386 1049 nebo,
399 957 493 1032 sicut
506 966 682 1031 statutum
697 965 752 1029 est
769 966 865 1031 recta
888 958 956 1033 fide
970 957 1127 1048 studebo,
1144 966 1186 1032 ut
1203 955 1302 1030 illam
1320 956 1512 1030 annuntia·

290 1072 374 1146 liter
388 1073 520 1144 Sancta
529 1067 828 1161 Romanababeat
841 1071 1014 1147 Ecclesia.
1028 1075 1160 1148 Omnes
1176 1095 1315 1170 quoque
1332 1069 1513 1147 aecclesias

287 1212 366 1286 quse
380 1185 417 1259 in
432 1209 509 1260 mea
523 1182 720 1283 persistunt
732 1183 981 1274 dominatione,
999 1210 1081 1261 cum
1094 1209 1221 1260 earum
1235 1183 1514 1282 possessionibus

293 1299 471 1374 dimittam
489 1297 527 1370 in
545 1307 609 1372 tua
626 1306 848 1394 potestatem,
864 1306 900 1373 et
924 1299 1086 1375 defensor
1104 1299 1249 1374 illarum
1267 1322 1326 1375 ero
1342 1298 1388 1372 ad
1405 1296 1514 1373 fideli·
1584 1303 1591 1313 '

295 1424 406 1489 tatem
424 1416 566 1488 &notae
582 1415 750 1486 Romanae
770 1411 952 1501 Ecclesiae,
975 1422 1011 1489 et
1027 1412 1120 1487 nulli
1145 1412 1269 1487 iurabo
1294 1411 1513 1501 fidelitatem,

293 1527 365 1603 nisi
391 1525 492 1600 salva
517 1524 687 1600 fidelitate
709 1528 1035 1623 SanctaebRomanao
1051 1525 1231 1602 Ecclesia.
1248 1529 1295 1600 Et
1319 1524 1350 1600 si
1375 1525 1434 1601 vel
1460 1525 1514 1599 tui

295 1662 519 1716 successores
531 1646 686 1713 anteme
698 1662 743 1712 ex
758 1638 828 1714 hac
847 1639 924 1713 vita
942 1638 1193 1736 migraverint,
1206 1639 1404 1717 secundom
1423 1638 1516 1738 quod

292 1752 449 1829 monitus
465 1752 567 1835 fuero
583 1750 826 1828 amelioribus
843 1753 1107 1842 cardinalibus
1120 1750 1272 1828 Clericis
1288 1751 1468 1842 Romanis,
1479 1760 1517 1827 et

297 1867 405 1944 laicis
422 1864 598 1941 adiuvabo
623 1875 663 1940 ut
681 1868 778 1967 Papa
801 1868 961 1965 eligatur
985 1875 1023 1941 et
1045 1865 1253 1940 hordinetur
1278 1864 1322 1939 ad
1346 1864 1515 1939 honorem

297 1981 412 2058 sancti
430 1979 538 2056 Petri.
555 1982 643 2056 Haec
666 1980 786 2055 omnia
810 1981 1054 2080 suprascripto
1078 1980 1270 2056 observabo
1294 1989 1428 2055 sanctae
1453 1981 1518 2054 Ro

296 2123 411 2172 manae
428 2095 601 2172 Ecclesiae
625 2105 661 2171 et
684 2095 751 2170 tibi
772 2122 854 2172 cum
874 2112 970 2174 recta
988 2097 1055 2172 lide
1072 2105 1110 2172 et
1125 2095 1219 2172 hanc
1236 2096 1442 2172 fidelitatem
1460 2095 1517 2170 ob

295 2210 445 2288 servabo
461 2209 517 2285 tui
534 2209 803 2286 successoribus
828 2211 873 2286 ad
897 2212 1064 2286 honorem
1089 2209 1205 2293 sancti
1223 2209 1321 2285 Petri
1346 2208 1517 2285 ordinatis

297 2326 359 2424 qui
378 2323 467 2398 mibi
485 2323 710 2400 firmaverint
727 2324 979 2401 investituram
996 2334 1066 2402 ate
1079 2324 1169 2399 mibi
1183 2348 1398 2403 concessam.
1408 2324 1445 2398 Si
1461 2348 1517 2398 me

296 2442 394 2516 Deus
414 2439 562 2514 adiuvet
579 2450 615 2514 et
631 2438 708 2515 haec
726 2450 851 2525 sancta
868 2439 1079 2535 Evangelia.
1097 2445 1230 2514 Actum
1255 2438 1292 2511 in
1318 2437 1401 2511 aula
1419 2440 1519 2512 Late·

298 2550 464 2628 nonensis
482 2552 583 2628 Sacri
603 2553 732 2627 Palatii
751 2556 805 2627 Vl
821 2556 911 2628 Non.
929 2551 1069 2627 Octobr.
1087 2550 1149 2626 ser.
1166 2554 1219 2626 III
1236 2550 1358 2627 indict.
1376 2554 1458 2625 XV.

394 2669 473 2763 Ego
490 2667 650 2740 Iordanis
668 2667 732 2741 Dei
759 2668 878 2762 gratia
895 2676 931 2741 et
955 2665 1072 2741 sancti
1089 2665 1188 2740 Petri
1207 2665 1400 2763 Capuanus
1417 2663 1519 2737 Prin·

296 2807 380 2881 ceps
396 2781 442 2855 ab
458 2779 527 2855 hac
543 2779 630 2854 hora
647 2791 683 2855 ct
700 2780 865 2881 deinceps
882 2779 997 2855 fidelis
1017 2803 1077 2854 ero
1094 2782 1235 2854 Sanctae
1251 2782 1419 2854 Romana
1437 2781 1519 2854 AEc·

297 2894 416 2972 clesiac
432 2903 469 2969 et
482 2893 693 2994 Apostolicae
711 2892 793 2969 Sedi
810 2904 846 2969 et
862 2894 928 2969 tibi
945 2893 1096 2968 Domino
1114 2917 1191 2968 meo
1209 2892 1366 2991 Septimo
1384 2894 1518 2987 Grego-

298 3009 350 3085 rio
366 3011 481 3107 Papae.
498 3009 625 3084 Cetera
646 3007 763 3084 omnia
790 3018 831 3084 ut
855 3032 973 3107 snpra.
991 3011 1124 3083 Actum
1143 3006 1311 3105 Ciperani
1330 3005 1455 3082 Indict.
1473 3009 1518 3095 ll,

299 3125 369 3199 1111
388 3122 474 3198 Idus
490 3119 597 3197 Iunii.
