3608 5498
807 400 937 464 -469
962 434 1003 451 -

203 553 206 558 ·
292 544 336 595 ex
349 517 669 607 Africaadvectus,
681 517 805 594 urbem
818 519 914 594 omni
932 519 1094 619 praesidio
1110 544 1262 596 vacuam
1279 522 1444 612 obtinuit,
1456 547 1512 600 oo

292 638 459 706 currente
480 628 547 703 sibi
565 628 685 704 eodem
711 639 834 705 sancto
850 633 964 707 Leone
980 633 1141 732 episcopo
1156 645 1260 710 extra
1277 644 1423 736 portam.
1441 637 1512 712 Cu·

291 744 348 817 ius
366 741 577 843 supplicatio
593 743 644 816 ita
661 767 743 817 eum
762 743 911 819 Domino
928 745 1075 821 iuvante
1092 745 1216 825 linivit
1232 757 1274 821 ut
1290 772 1372 822 cum
1390 748 1510 823 omnia

292 856 330 929 in
348 857 425 931 eius
443 864 613 953 potestate
631 866 750 931 essent
774 857 918 946 tradita,
934 858 979 932 ab
999 859 1078 954 igni
1104 868 1223 934 tamen
1239 867 1276 935 at
1292 860 1386 936 oaede
1402 870 1510 958 atquo

291 969 478 1068 suppliciis
494 968 742 1045 abstineretur.
760 971 894 1057 Quinta
911 970 1049 1046 decima
1070 971 1214 1046 interim
1239 971 1306 1059 die,
1323 985 1450 1047 secura
1474 984 1511 1048 et

292 1082 403 1157 libera
420 1083 648 1172 scrutatione,
665 1084 710 1158 ab
730 1083 895 1158 omnibus
911 1082 1035 1181 opibus
1059 1083 1135 1157 suis
1151 1086 1263 1157 Roma
1286 1093 1441 1160 vacuata
1456 1095 1511 1160 est
1542 1172 1544 1177 ¹

294 1195 400 1270 annis
416 1219 438 1268 a
454 1220 520 1270 sua
536 1194 742 1271 condicione
759 1195 857 1270 mille
875 1195 935 1270 OC
952 1204 989 1269 et
1005 1198 1093 1270 VIII
1109 1195 1272 1271 evolutis.

841 1394 956 1478 oxol.

475 1596 524 1647 Ex
542 1596 587 1647 IV
604 1595 686 1649 libro
704 1595 837 1661 ystorias
856 1595 1087 1649 ecclesiastieae
1106 1609 1178 1664 esp.
1198 1598 1329 1650 xxvn.

387 1755 565 1831 Gordiano
581 1778 666 1830 cum
677 1778 745 1856 per
762 1759 813 1829 VI
830 1778 943 1830 annos
959 1757 1158 1831 Romanum
1182 1756 1420 1853 gubernasset
1444 1757 1510 1830 im-

295 1868 445 1966 perium,
459 1867 646 1966 Philippus
659 1893 731 1942 una
744 1892 827 1943 cum
845 1868 917 1943 filio
929 1892 994 1944 suo
1006 1869 1170 1968 Philippo
1181 1870 1365 1945 successit.
1378 1871 1429 1945 De
1442 1869 1510 1944 hoc
1588 1929 1591 1933 .

291 1981 463 2056 traditum
481 1980 582 2055 nobis
600 1981 763 2078 estquod
781 1980 1011 2056 Christianus
1027 1981 1148 2069 suerit,
1165 1991 1201 2057 et
1226 1981 1263 2054 in
1288 1981 1345 2056 die
1362 1981 1510 2072 Pascha,

291 2094 382 2169 idest
398 2094 437 2167 in
453 2093 540 2191 ipsis
554 2093 694 2189 vigiliis
706 2117 790 2170 cum
803 2095 975 2169 interesse
993 2093 1174 2182 voluisset,
1190 2103 1228 2168 et
1244 2093 1509 2168 communicare
1561 2083 1582 2129 ’·

290 2206 473 2295 misteriis,
490 2206 534 2281 ab
550 2207 722 2305 Episcopo
735 2206 804 2282 loci
818 2230 887 2280 nou
900 2206 1001 2303 prius
1017 2230 1093 2281 esse
1106 2205 1333 2305 permissum,
1345 2205 1415 2278 nisi
1429 2227 1511 2280 con·

289 2322 451 2396 litaretur
467 2331 613 2418 peccata
630 2345 706 2407 sua,
723 2330 759 2394 et
775 2320 870 2394 inter
887 2319 1086 2417 penitentes
1103 2327 1225 2404 staret,
1242 2342 1308 2393 nec
1323 2316 1509 2392 ullomodo

289 2434 357 2509 sibi
375 2434 510 2531 copiam
530 2432 770 2507 misteriorum
788 2432 961 2519 futuram,
977 2430 1048 2504 nisi
1074 2431 1173 2528 prius
1195 2445 1257 2528 per
1273 2430 1508 2527 penitentiam

289 2546 414 2644 culpas
430 2570 509 2643 quae
527 2545 568 2620 de
585 2568 625 2620 eo
641 2544 847 2619 ferebantur
864 2544 1027 2642 plurimae
1044 2544 1223 2620 deluisset.
1240 2548 1371 2620 Fertur
1392 2544 1509 2640 igitur

287 2684 369 2734 eum
387 2659 538 2733 libenter
551 2656 641 2754 quod
654 2681 676 2730 a
688 2649 866 2732 sacerdote
879 2657 1093 2754 imperatum
1107 2660 1224 2734 fuerat
1236 2658 1446 2755 suscepisse,
1458 2657 1509 2733 di·

290 2772 417 2846 vinum
435 2771 503 2846 sibi
521 2771 636 2846 inesse
655 2780 802 2860 metum,
818 2779 854 2846 et
870 2772 973 2847 fidem
993 2772 1178 2868 religionis
1196 2768 1438 2870 plenissimam
1456 2796 1509 2846 re·

289 2886 356 2961 bus
373 2897 409 2961 et
425 2884 589 2983 operibus
606 2884 845 2982 comprobans.
863 2890 968 2959 Anno
984 2884 1124 2982 imperii
1149 2886 1205 2959 sui
1231 2887 1302 2959 VII
1326 2909 1409 2961 oum
1435 2883 1508 2959 filio

289 2997 454 3097 Philippo
469 3022 491 3071 a
507 2997 616 3072 Decio
631 2996 815 3072 occiditur.

833 3194 966 3279 oxhss.

613 3399 663 3451 Ex
679 3398 726 3450 11
743 3397 828 3451 libro
849 3396 996 3450 eiusdem
1012 3397 1178 3463 hystorias.

385 3560 477 3635 Cum
491 3559 585 3659 apud
598 3557 886 3635 Thessalonicam
901 3556 1073 3634 seditione
1086 3565 1218 3647 exorta,
1230 3556 1374 3656 quidam
1386 3581 1432 3632 ex
1444 3557 1508 3631 mi·

288 3672 455 3747 litaribus
472 3672 529 3746 vir
545 3673 681 3770 impetu
698 3671 826 3746 fuisset
843 3669 962 3771 populi
980 3671 1134 3745 furentis
1151 3669 1342 3760 extinctus,
1355 3669 1509 3745 Theodo-

288 3788 365 3862 sius
381 3787 572 3884 imperator
589 3784 766 3881 repentini
784 3784 904 3859 nuntii
921 3784 1110 3860 atrocitate
1127 3779 1333 3874 succensus,
1349 3784 1395 3858 ad
1406 3784 1508 3860 ludos

289 3902 481 3977 Cirnenses
497 3896 644 3970 invitari
661 3894 842 3995 populum,
865 3897 968 3997 eique
985 3921 1030 3973 ex
1050 3898 1242 3996 improviso
1266 3895 1508 3972 circumfundi

290 4012 422 4087 milites
438 4020 546 4106 atque
563 4009 777 4084 obtruncare
790 4009 922 4106 passim
935 4032 1093 4109 quosque
1106 4010 1304 4086 occurrisse
1317 4006 1438 4104 gladio
1455 4009 1509 4083 iu·

288 4125 357 4212 bet,
374 4135 411 4199 et
427 4121 625 4197 vindictam
643 4122 727 4197 dare
746 4145 816 4196 non
834 4122 978 4198 crimini
996 4123 1057 4197 sed
1074 4123 1196 4197 furori.
1214 4121 1267 4197 Ob
1290 4121 1357 4196 hoo
1382 4144 1465 4196 oum
1485 4146 1508 4194 a

289 4235 531 4312 sacerdotibus
548 4235 661 4309 ltaliae
678 4243 903 4330 argueretur,
920 4234 1071 4330 agnovit
1091 4235 1274 4323 delictum,
1291 4234 1507 4332 culpamque

289 4374 373 4423 cum
390 4346 551 4423 lacrimis
577 4349 766 4446 professus,
790 4345 971 4445 publicam
997 4347 1229 4446 penitentiam
1254 4347 1292 4420 in
1317 4356 1509 4444 conspectu
1636 4348 1642 4363 '

169 4480 176 4491 ·
290 4461 400 4536 totius
416 4458 587 4536 aecclesia
604 4460 736 4557 exegit,
748 4467 784 4535 et
796 4458 834 4533 in
850 4459 917 4535 hoc
932 4458 1001 4535 sibi
1013 4468 1153 4560 tempus
1169 4459 1364 4560 ascriptum
1377 4458 1509 4557 absque
