3608 5498
940 436 988 448 ..
1013 410 1102 465 x„

407 543 568 656 »VIL
602 574 656 640 ac
697 545 893 642 loannis
935 547 1053 643 VIII
1082 549 1185 670 jam
1230 548 1475 672 impressa,
1507 545 1630 642 idem

406 741 430 795 »
461 710 723 805 Cardinalis
746 713 974 811 nonnulla
990 710 1257 834 fragmenta
1273 711 1448 835 profert
1465 742 1524 806 ex
1541 711 1637 834 epi·

406 902 429 956 ›>
458 871 588 965 stolis
624 870 798 966 Gelasii
821 872 859 977 L
882 872 1063 993 Pelagii
1098 873 1135 985 Ι,
1160 872 1355 967 Honorii
1384 872 1407 967 I
1439 876 1484 966 et
1519 872 1636 966 Gre-

406 1033 578 1153 »gorii
612 1034 674 1152 ss,
707 1064 765 1130 ex
807 1035 979 1158 quibus
1011 1065 1105 1132 non
1138 1065 1291 1160 pauca
1322 1066 1381 1133 ex
1415 1039 1504 1130 hac
1537 1037 1636 1130 sola

405 1229 430 1284 ›>
458 1197 726 1293 collectione
743 1202 1011 1321 supersunt.
1025 1197 1181 1292 Lucas
1200 1196 1473 1292 Holstenius
1491 1225 1647 1320 quac--

404 1360 568 1454 »dam
601 1389 660 1455 ex
693 1361 766 1457 his
800 1362 924 1485 typis
957 1362 1211 1484 impressit,
1240 1390 1360 1485 quae
1392 1363 1554 1483 postea
1585 1361 1633 1452 in

407 1555 431 1610 »
461 1522 683 1617 editiones
709 1503 1023 1618 Conciliorum
1050 1524 1269 1618 traducta
1300 1520 1503 1617 luerunt.
1527 1521 1636 1615 Alia

405 1718 430 1774 »
458 1714 584 1801 vcro,
608 1714 728 1807 quae
761 1685 1035 1781 Holstenius
1069 1687 1240 1801 omisit,
1273 1716 1331 1781 ex
1365 1686 1526 1781 eodem
1560 1715 1649 1780 co-·

411 1881 436 1939 ›>
464 1849 564 1944 dice
587 1848 689 1942 licio
710 1846 1008 1974 proferimus:
1027 1849 1075 1942 ln
1099 1849 1270 1972 quilius
1294 1849 1379 1943 etsi
1403 1850 1634 1971 quaedam

405 2014 584 2137 »apud
621 2013 904 2108 Gratianum
937 2016 1124 2135 recepta
1155 2015 1395 2133 leguntur,
1423 2042 1532 2108 cum
1565 2016 1636 2108 ta-

403 2208 428 2268 »
456 2205 565 2272 men
583 2176 631 2271 in
649 2175 928 2271 editionibus
943 2175 1258 2270 Conciliorum
1278 2205 1374 2271 una
1396 2204 1505 2271 cum
1529 2175 1632 2270 aliis

403 2373 428 2429 ›>
456 2339 734 2461 fragmentis
757 2369 816 2433 cx
830 2339 1056 2433 Gratiano
1079 2339 1311 2461 excerptis
1329 2340 1524 2459 vulgata
1540 2368 1634 2433 non

405 2536 428 2590 ›>
456 2501 645 2619 fuerim,
667 2502 770 2595 heic
792 2501 1043 2596 indIcanda
1069 2500 1171 2594 visa
1202 2505 1329 2617 sunt,
1351 2505 1405 2597 ut
1436 2503 1484 2596 in
1508 2532 1631 2598 nova

404 2695 429 2751 ›>
459 2662 775 2758 Conciliorum
793 2663 991 2757 editione
1014 2690 1107 2756 non
1130 2660 1420 2757 omittantur.
1440 2662 1527 2758 Illa
1549 2692 1632 2759 au-

405 2859 429 2914 »
458 2829 553 2920 tom
575 2828 762 2920 tantum
785 2823 1036 2920 iudicaturi
1069 2852 1252 2939 sumus
1276 2855 1395 2948 quae
1428 2826 1476 2920 in
1500 2828 1635 2922 colle-

405 3023 430 3079 »
459 2988 880 3085 olloneDeusdodil
897 2987 1178 3110 reperImus3
1197 2992 1352 3082 cetera
1369 2989 1493 3083 enim
1513 3019 1633 3113 quae
1676 3118 1678 3123 Ι

406 3186 431 3242 »
461 3155 586 3278 apud
622 3151 904 3249 Gratianum
947 3156 1111 3247 extant
1148 3152 1415 3271 fragmenta
1446 3152 1634 3248 aliunde

405 3347 430 3405 »
458 3315 761 3439 transcripta,
777 3319 822 3410 et
844 3315 892 3408 in
912 3314 1129 3409 Conciliis
1153 3315 1363 3410 nondum
1386 3316 1632 3439 impressa,

405 3510 430 3565 »
458 3478 515 3573 iis
539 3477 805 3573 accuratius
827 3476 1107 3599 inquirenda
1128 3481 1174 3573 et
1202 3478 1463 3597 colligenda
1494 3479 1634 3574 relin-

405 3640 665 3761 »quimus
698 3639 777 3761 qui
821 3667 991 3734 novam
1027 3638 1339 3734 Conciliorum
1385 3639 1632 3735 editionem

406 3835 430 3891 »
459 3805 707 3897 curabunt.
732 3835 756 3890 »
