3608 5498
802 429 1001 494 -447-

288 553 503 645 testimonia,
520 552 651 652 quibus
667 552 803 651 possint
820 551 866 626 ab
883 551 946 626 illa
962 550 1159 627 intentione
1178 551 1348 641 revocari,
1364 559 1401 627 et
1418 550 1455 624 in
1473 573 1515 625 ea

287 693 366 767 quae
383 694 428 743 ex
444 667 605 766 utrisque
622 675 818 764 temperata
837 675 891 740 est
910 666 1062 740 veritate
1079 689 1121 738 ac
1140 664 1377 739 moderatione
1401 664 1516 740 consi·

135 775 139 788 ’
178 850 183 857 ,
288 791 391 857 stere.
413 781 565 869 Quidam
582 779 679 855 enim
697 779 880 855 intuentes
896 776 1059 876 exempla
1076 777 1241 852 veritatis
1255 778 1386 875 quibus
1398 777 1516 852 admo·

290 920 419 971 nemur
436 892 611 992 corripere
628 892 817 992 inquietos,
829 916 900 967 non
917 894 1001 969 dare
1018 903 1184 969 sanctum
1202 892 1362 982 canibus,
1377 902 1418 967 ut
1431 890 1516 967 retb-

288 1009 411 1084 nicum
437 1008 568 1084 habere
593 1007 777 1097 aecclesiae,
800 1016 1077 1106 contemptorem
1107 1032 1130 1080 a
1159 1030 1331 1105 compage
1360 1005 1517 1104 eorporis

288 1121 487 1198 membrum
505 1123 597 1220 quod
614 1120 834 1197 scandalizat
850 1120 1016 1208 evellere,
1033 1129 1268 1217 corrumpunt
1285 1118 1444 1196 ecclesie
1458 1143 1517 1216 pa·

287 1262 377 1327 cern,
395 1247 436 1312 ut
452 1247 627 1313 conentur
644 1247 727 1312 aute
744 1245 887 1333 tempus
905 1257 1069 1332 separare
1087 1232 1237 1321 zizania,
1253 1243 1361 1331 atque
1379 1232 1445 1308 boc
1462 1257 1517 1308 er·

288 1375 366 1427 rore
382 1351 518 1440 cecati,
535 1350 603 1449 ipsi
621 1351 776 1449 potiusa
801 1347 938 1426 Christi
965 1348 1102 1422 unitate
1121 1357 1343 1444 separantur.
1361 1347 1514 1435 Quidam

287 1487 372 1540 vero
388 1489 409 1540 e
425 1464 603 1540 contrario
616 1463 868 1563 periclitantur
881 1487 964 1538 cum
978 1459 1149 1535 bonorum
1164 1460 1409 1558 malorumque
1424 1484 1519 1536 corn·

289 1577 494 1654 mixtionem
513 1577 551 1652 in
569 1577 730 1654 ecclesia
749 1577 1028 1653 demonstratam
1045 1572 1103 1649 vel
1122 1574 1328 1672 praedictam
1346 1597 1423 1649 esse
1442 1597 1518 1674 pro·

288 1692 479 1789 spexerint,
492 1701 529 1767 et
544 1702 721 1793 precepta
737 1691 920 1790 patientiae
932 1687 1134 1772 didicerint,
1148 1712 1228 1786 quae
1242 1687 1279 1760 vi
1293 1686 1517 1762 firmissimos

289 1827 353 1878 nos
372 1804 535 1888 reddunt,
553 1814 594 1881 ut
611 1804 719 1880 etiarn
737 1804 768 1878 si
786 1803 944 1880 viderint
957 1803 993 1876 in
1012 1799 1173 1877 eccclesia
1190 1825 1267 1876 esse
1283 1801 1433 1889 zizania,
1446 1823 1517 1876 non

293 1925 413 1992 tamen
423 1917 640 2016 impediatur
653 1918 740 1993 fides
752 1927 873 1992 nostra
887 1924 952 1991 aut
964 1915 1107 2002 caritas,
1115 1924 1157 1989 ut
1165 1914 1332 2012 quoniam
1343 1939 1419 1990 esse
1429 1914 1520 1987 ziza-

293 2030 355 2103 nia
366 2030 403 2103 in
418 2032 579 2107 aecclesia
591 2031 775 2107 cernimus
787 2031 854 2129 ipsi
868 2031 910 2106 de
923 2028 1085 2104 ecclesia
1098 2027 1317 2117 recedamus,
1325 2028 1520 2104 destituen-

288 2142 370 2216 dam
387 2152 515 2240 putant
531 2142 810 2219 ecclesiasticam
828 2143 1067 2243 disciplinam,
1083 2142 1275 2240 quamdam
1290 2140 1517 2238 perversissi-

290 2281 384 2329 mam
397 2257 626 2331 securitatem
640 2255 836 2354 praepositis
849 2256 1058 2343 tribuentes
1072 2266 1114 2331 ut
1126 2255 1171 2329 ad
1183 2279 1241 2330 eos
1255 2278 1326 2329 non
1339 2255 1517 2355 pertineat

289 2368 359 2442 nisi
378 2369 496 2445 dicere
514 2369 606 2468 quod
631 2370 842 2457 cavendum,
859 2370 998 2468 quodve
1019 2368 1221 2444 faciendum
1249 2371 1307 2458 sit,
1332 2368 1516 2467 quodlibet

289 2491 410 2557 autem
427 2481 562 2557 saciant
578 2506 648 2557 nou
666 2507 803 2558 curare.
819 2484 893 2558 Nos
910 2505 995 2558 vero
1010 2483 1055 2557 ad
1072 2508 1196 2556 sanam
1213 2482 1411 2558 doctrinam
1438 2507 1517 2581 per·

288 2595 405 2671 tiuere
420 2595 639 2671 arbitramur
655 2622 700 2673 ex
715 2596 878 2695 utrisque
904 2595 1129 2684 testimoniis,
1145 2595 1259 2671 vitam
1285 2596 1518 2671 sententiam·

290 2733 359 2807 qne
384 2709 568 2799 moderari,
594 2720 635 2785 ut
660 2735 768 2786 canes
792 2711 830 2784 in
855 2708 1016 2786 aecclesia
1042 2720 1182 2808 propter
1208 2734 1332 2806 pacem
1357 2709 1519 2786 ecclesiae

291 2823 494 2911 toleremus,
507 2833 543 2898 et
559 2823 709 2899 canibus
726 2834 893 2900 sanctum
911 2823 971 2897 ubi
992 2847 1061 2920 pax
1075 2822 1246 2898 aecclesiae
1262 2833 1342 2899 tuta
1368 2834 1422 2899 est
1446 2846 1517 2898 nou

291 2935 425 3009 demus.
444 2936 537 3011 Cum
554 2960 641 3033 crgo
658 2937 734 3012 sive
760 2961 822 3035 per
846 2937 1115 3032 neglegentiam
1143 2937 1422 3035 praepositorum,
1441 2938 1519 3013 sive

292 3071 354 3144 per
371 3046 528 3145 aliquam
547 3049 788 3125 excusabilem
801 3050 1064 3138 necessitatem,
1077 3051 1154 3126 sive
1168 3075 1230 3147 per
1242 3051 1402 3127 occultas
1419 3052 1519 3127 obre·

291 3160 429 3259 ptiones
446 3161 653 3237 invenimus
670 3161 709 3236 in
727 3162 878 3238 ecclesia
896 3162 1008 3237 malos
1032 3186 1120 3260 quos
1145 3163 1390 3241 ecclesiastica
1415 3164 1521 3240 disci·

291 3272 390 3371 plina
407 3274 588 3372 corrigere
605 3284 669 3349 aut
685 3298 849 3351 coercere
867 3299 937 3349 non
956 3297 1157 3373 possumus,
1173 3287 1263 3353 tunc
1280 3302 1326 3352 ne
1350 3277 1520 3352 ascendat

293 3386 332 3459 in
350 3407 410 3459 cor
427 3398 589 3460 nostrum
603 3385 701 3484 inpia
714 3398 751 3461 ct
763 3386 962 3485 perniciosa
975 3387 1216 3486 presumptio,
1228 3413 1299 3486 qua
1311 3388 1521 3465 estimemus

291 3521 356 3573 nos
371 3497 416 3573 ab
432 3497 506 3572 illis
522 3523 599 3574 esse
616 3499 839 3599 separandos,
864 3509 906 3573 ut
930 3500 1087 3599 peccatis
1111 3523 1235 3575 eorum
1260 3525 1331 3577 non
1356 3502 1519 3601 inquine-

293 3638 386 3702 mur,
402 3623 509 3710 atque
526 3621 604 3710 post
620 3636 683 3687 uos
700 3613 840 3689 trahere
854 3637 1036 3704 conemur,
1053 3614 1167 3688 veluti
1187 3616 1337 3691 mundos
1362 3627 1521 3693 sanctos-

292 3749 361 3824 que
378 3725 571 3823 discipulos
586 3726 631 3801 ab
648 3727 800 3801 unitatis
812 3750 985 3824 compage
997 3728 1135 3825 quasia
1152 3730 1328 3804 maiorum
1341 3731 1519 3806 consortio
1631 3723 1635 3730 ’

292 3851 513 3936 segregatos.
527 3840 686 3916 Veniant
699 3840 737 3914 in
752 3851 870 3916 mente
883 3839 945 3916 ille
956 3841 1000 3916 de
1013 3841 1202 3940 scripturis
1214 3843 1472 3919 similitudines
1484 3852 1522 3919 et

293 3950 415 4024 diviua
432 3950 577 4026 oracula
594 3951 654 4026 vel
670 3950 873 4030 certissima
890 3955 1064 4055 exempla,
1085 3957 1216 4055 quibus
1237 3956 1520 4034 demonstratum

293 4074 348 4139 est
366 4063 478 4139 malos
490 4064 529 4138 in
543 4065 703 4140 aecclcsia
721 4066 914 4166 permixtos
931 4092 1044 4166 usque
1061 4069 1099 4142 in
1117 4071 1224 4145 linem
1238 4070 1351 4146 seculi
1366 4080 1523 4170 tempus·

293 4200 362 4274 que
383 4176 506 4251 iudicii
529 4178 681 4269 futuros,
697 4190 734 4254 et
751 4177 864 4254 nichil
881 4178 983 4255 bouis
1000 4181 1037 4255 in
1055 4183 1195 4261 unitate
1213 4184 1293 4259 fidei
1310 4209 1354 4259 ac
1379 4185 1523 4283 partici-

294 4287 433 4386 patione
451 4301 768 4379 sacramentorum,
784 4292 847 4389 qui
865 4314 987 4367 eorum
1004 4293 1112 4369 factis
1129 4318 1198 4368 non
1212 4297 1460 4374 consenserint
1473 4297 1522 4374 ol·

293 4402 444 4478 futuros.
468 4404 561 4479 Cum
587 4427 673 4481 vcro
696 4404 749 4481 eis
767 4429 829 4503 per
846 4428 934 4503 quos
955 4407 1118 4482 ecclesia
1143 4408 1283 4504 regitur
1308 4410 1411 4486 adest
1435 4435 1522 4507 pace

295 4513 395 4587 salva
413 4526 566 4613 potestas
582 4516 781 4615 disciplinae
796 4517 970 4593 adversus
986 4517 1163 4618 improbos
1183 4530 1249 4596 aut
1265 4521 1420 4597 nefarios
1444 4547 1523 4600 exe·
