3608 5498
810 423 849 436 -
878 343 1006 449 179⁴-

874 607 935 690 XI.

595 814 632 866 In
650 825 719 864 ean.
739 812 968 877 Apostolorum
987 823 1059 877 esp.
1078 810 1211 863 mn.

391 960 429 1051 Si
439 976 521 1074 quis
532 975 989 1075 Presbytercoutempuens
998 972 1516 1072 Episcopumpropriumextra

294 1089 475 1186 colligerit
491 1099 527 1165 et
544 1089 656 1164 altare
673 1088 772 1163 aliud
789 1089 952 1178 erexerit,
968 1089 1059 1164 nihil
1075 1088 1210 1164 babens
1234 1111 1304 1186 quo
1330 1088 1517 1187 repreben-

295 1203 354 1277 dat
379 1204 592 1302 Episcopum
619 1202 800 1301 proprium
817 1201 854 1274 in
881 1227 989 1277 causa
1015 1201 1168 1300 pietatis,
1193 1202 1401 1302 deponatur,
1430 1202 1515 1301 quia

295 1317 517 1415 principatus
534 1326 675 1413 amator,
687 1316 852 1391 existens.
871 1320 934 1391 Est
950 1318 1046 1391 enim
1070 1317 1236 1391 tirannus
1261 1326 1297 1392 ct
1313 1317 1423 1392 ceteri
1448 1317 1518 1392 ele·

296 1432 373 1520 rici,
390 1432 595 1530 quicunque
612 1431 678 1505 tali
690 1431 935 1520 consentiunt,
951 1431 1035 1506 Iaici
1055 1453 1140 1506 vero
1157 1441 1410 1527 segregentur.
1430 1434 1517 1507 Haeo

294 1555 414 1620 autem
433 1547 509 1622 fieri
528 1555 605 1644 post
622 1570 729 1618 unam
748 1554 784 1620 et
800 1544 993 1621 secuudum
1012 1553 1048 1620 et
1068 1544 1211 1621 tertiam
1236 1543 1514 1621 obsecrationem

295 1660 456 1758 Episcopi
475 1659 704 1736 conveniunt.

866 1766 943 1852 IIII.

722 1965 897 2017 Innocentii
914 1977 986 2035 esp.
1006 1964 1093 2016 xm.

390 2120 581 2198 Presbiteri
595 2121 655 2218 qui
666 2119 926 2217 corregionales
939 2142 1008 2194 nou
1022 2128 1118 2209 sunt,
1132 2119 1170 2192 in
1183 2117 1333 2195 ecclesia
1345 2127 1517 2216 presente

293 2234 455 2333 episcopo
472 2234 528 2310 vel
546 2233 750 2332 presbiteris
768 2233 928 2308 civitatis
945 2233 1068 2307 offerre
1086 2256 1155 2306 uon
1174 2241 1350 2331 poterunt,
1367 2256 1432 2307 neo
1458 2257 1518 2330 pa-

295 2373 375 2423 nem
396 2349 659 2425 sanctificatum
677 2348 772 2438 dare,
784 2347 1007 2444 calicemque
1020 2345 1210 2445 porrigere.
1224 2346 1290 2421 His
1303 2370 1518 2422 veroasseu·

294 2461 401 2550 tibus,
419 2461 448 2535 si
467 2470 640 2537 vocentur
656 2459 739 2535 dare
757 2459 895 2535 debent.

855 2656 952 2741 XIII.

633 2861 668 2910 1n
687 2862 820 2914 coneilio
841 2860 995 2914 Laodoeii
1015 2874 1088 2927 cap.
1107 2864 1166 2914 XX
1213 2884 1217 2889 ·

389 3024 486 3111 Quod
506 3047 575 3096 uon
602 3031 759 3121 oporteat
784 3025 980 3098 Diaconum
1008 3048 1125 3098 coram
1152 3024 1359 3124 presbytero
1384 3024 1516 3113 sedere,

295 3138 355 3211 sed
375 3139 531 3211 iussione
552 3137 759 3235 Presbyteri
777 3137 907 3212 sedeat.
925 3138 1099 3213 Similiter
1116 3147 1237 3214 autem
1255 3138 1393 3214 diaconi
1410 3136 1516 3212 bono

292 3276 365 3326 rem
384 3251 579 3327 habeanta
605 3251 849 3348 sequentibus,
875 3251 966 3326 idest
990 3275 1011 3322 a
1036 3251 1265 3328 subdiaconis
1289 3261 1325 3327 et
1344 3250 1515 3327 'omuibus

291 3355 442 3432 clericis.
524 3420 526 3425 ,

843 3462 959 3546 IIIIII.

304 3662 340 3712 1n
354 3662 489 3715 coneilio
503 3660 731 3725 cartaginensi
743 3662 795 3714 eut
806 3657 940 3726 praefuit
952 3661 1015 3713 PP.
1030 3662 1173 3713 zosimus
1187 3662 1395 3727 persicarios
1414 3673 1500 3715 snos.

385 3815 532 3890 Diaconi
543 3841 580 3891 se
591 3815 773 3913 Presyteri
786 3824 825 3889 ut
835 3813 998 3912 Episcopi
1008 3815 1190 3890 ministros
1199 3839 1275 3890 esse
1286 3823 1514 3910 cognoscant.

290 3930 380 4004 Item
403 3928 542 4003 ibidem.
560 3931 610 4003 Ut
626 3928 797 4004 diaconus
814 3937 986 4028 praesente
1010 3927 1222 4026 Presbytero
1245 3925 1513 4002 Eucharistiam

292 4044 457 4141 Corporis
471 4042 607 4119 Christi
625 4041 752 4140 populo
768 4042 798 4116 si
816 4041 1010 4118 necessitas
1023 4042 1132 4137 cogit,
1144 4041 1265 4115 iussus
1277 4048 1409 4136 eroget
1422 4041 1513 4115 Item

291 4156 327 4230 in
342 4157 461 4232 eodem
476 4180 551 4254 cap.
565 4157 745 4230 XLVIIII.
762 4159 812 4230 Ut
824 4155 994 4231 diaconus
1007 4156 1151 4231 iubente
1165 4154 1371 4253 presbytero
1383 4153 1513 4246 sedeat,

289 4270 445 4368 quolibet
461 4270 546 4344 Ioco.
564 4271 652 4343 Item
673 4268 711 4341 iu
728 4268 847 4344 eodem
866 4292 941 4367 cap.
959 4272 996 4343 L.
1013 4274 1063 4346 Ut
1083 4269 1254 4345 diaconus
1279 4269 1316 4341 in
1333 4277 1512 4344 conventu

288 4382 576 4480 presbyterorum
595 4380 839 4476 interrogatus
855 4381 1031 4480 quuatur.
1049 4387 1139 4459 Item
1154 4383 1191 4456 iu
1217 4383 1338 4459 eodem
1356 4407 1433 4482 cap.
1457 4386 1512 4458 LI.

288 4501 337 4574 Ut
355 4497 492 4572 diaconi
506 4506 662 4592 tempore
676 4503 819 4569 tantum
832 4495 1020 4571 oblationis
1032 4505 1070 4570 et
1082 4494 1245 4596 leoti0uis
1256 4494 1337 4570 alba
1351 4505 1510 4570 utantur.
