3608 5498
659 389 856 455 -aol-

154 536 210 588 ros
235 513 395 590 civitatis
413 511 648 588 Salernitana
666 512 761 586 intra
781 510 1034 588 monasterium
1053 535 1157 584 suum
1176 509 1370 584 oratorium

154 653 191 702 sc
211 652 277 728 pro
289 654 354 701 sua
367 628 551 703 devotione
570 627 748 714 fundasse,
766 627 857 723 quod
875 625 911 699 in
931 625 1061 700 honore
1079 624 1262 699 beatorum
1279 648 1372 697 mar·

156 751 281 840 tyrum
309 741 514 818 Chrisancti
537 750 572 816 et
597 741 714 815 Dariae
737 739 914 817 desiderat
938 738 1149 815 consecrari.
1167 742 1213 813 Et
1237 737 1315 812 ideo
1339 735 1370 810 si

155 855 294 929 nullum
321 880 449 953 corpus
474 855 605 930 ibidem
629 863 769 930 constat
790 854 992 944 humatum,
1016 853 1225 952 praedictum
1253 874 1372 926 mona·

153 969 302 1044 sterium
320 969 454 1067 absque
480 968 598 1043 missis
626 967 778 1067 publicis
804 970 1046 1068 sollempniter
1070 967 1295 1046 consecrabis
1318 967 1370 1040 ita

151 1092 270 1160 tamen
287 1092 329 1159 ut
345 1084 375 1159 si
400 1109 484 1158 cnm
508 1083 608 1158 dator
634 1083 825 1181 praedictus
851 1083 978 1158 missas
1007 1083 1139 1158 ibidem
1169 1081 1245 1156 fiori
1276 1080 1366 1155 sorte

152 1196 329 1286 maluerit,
345 1221 367 1269 a
392 1195 660 1271 dilectionetua
678 1196 929 1294 presbyterum
947 1195 1087 1271 noverit
1105 1192 1368 1292 postulandum.

152 1311 327 1387 Similiter
344 1311 517 1408 Gregorio
534 1314 715 1386 Benenato
731 1312 989 1389 Tindaritbano
1005 1313 1168 1411 episcopo
1192 1320 1229 1387 et
1247 1313 1369 1385 Fortu·

156 1435 240 1499 nato
255 1425 498 1525 Neapolitano,

691 1569 834 1654 ovssll.

252 1769 424 1866 Pelagius
433 1769 572 1844 Iuliano
584 1769 746 1869 episcopo
755 1767 970 1864 Cingulano.
980 1768 1130 1843 Constat
1146 1766 1370 1843 dilectionem

154 1892 253 1957 tuam
272 1885 438 1959 intulisse
456 1882 651 1957 rationibus
668 1882 837 1958 acclesiae
854 1907 898 1957 ex
922 1882 1147 1980 praestatione
1172 1907 1371 1955 massarum

153 1997 229 2072 sive
247 1997 440 2072 fundarum
466 2021 528 2096 per
545 1999 734 2094 Pycenum
761 1996 857 2072 ultra
874 1999 927 2071 XI
945 1997 1139 2094 positorum
1165 1996 1257 2095 quod
1275 2021 1372 2071 curae

154 2121 225 2186 tnae
241 2112 468 2186 commissum
488 2119 553 2199 est,
570 2110 697 2186 deinde
715 2114 784 2184 VII
802 2110 875 2184 filio
900 2120 1020 2185 nostro
1037 2111 1228 2184 Anastasio
1244 2133 1374 2207 argen-

153 2227 245 2300 tario
262 2234 298 2300 et
315 2225 465 2300 Arcario
482 2222 653 2301 ecclesie
670 2233 800 2298 nostrae
816 2224 896 2297 anri
915 2223 1043 2298 solidos
1059 2258 1078 2294 a
1097 2224 1228 2299 Notavi
1246 2223 1302 2298 die
1319 2226 1371 2296 IlI

156 2339 226 2414 kal.
244 2339 330 2415 Maii
351 2349 427 2437 post
445 2337 671 2413 consulatum
688 2337 817 2412 Basilii
834 2338 903 2412 viri
921 2337 1125 2414 clarissimi.

727 2505 796 2590 el.

253 2680 425 2777 Pelagius
441 2678 600 2754 Dulcitio
616 2678 803 2768 defensori,
816 2690 894 2778 post
906 2680 1069 2779 quedam.
1083 2669 1251 2756 Pretcrea
1270 2679 1373 2753 ratio

157 2821 221 2870 nes
238 2795 339 2870 nobis
356 2794 476 2869 nescio
493 2818 582 2892 quas
597 2816 797 2889 graeeorum
817 2818 912 2870 moro
931 2796 1071 2872 fucatas
1087 2795 1130 2870 de
1143 2797 1195 2868 Vl
1213 2793 1372 2870 indictio·

153 2937 209 3000 ne,
226 2910 455 3009 pensionibus
479 2909 652 2984 direxisti.
670 2910 881 3004 Suggerens
906 2918 943 2982 te
972 2930 1033 3006 pro
1050 2910 1078 2981 L
1094 2906 1216 2981 solidis
1245 2916 1281 2981 et
1310 2928 1372 3004 pro

154 3025 236 3100 aliis
253 3028 350 3099 LXa
369 3024 515 3100 diacono
532 3022 680 3112 lerina,
696 3032 733 3098 et
749 3020 871 3096 nescio
887 3043 956 3118 quo
972 3020 1043 3094 alio
1059 3045 1161 3096 casas
1179 3018 1374 3116 recolligis-

154 3166 202 3214 se.
220 3143 366 3214 Etcum
384 3136 449 3211 tibi
467 3136 598 3211 cotidie
614 3135 700 3210 hinc
717 3146 752 3211 et
769 3135 852 3210 inde
868 3143 1078 3210 accrescant
1095 3134 1237 3233 praedia,
1254 3144 1294 3210 tu
1312 3158 1371 3208 no

154 3253 209 3327 bis
225 3252 269 3327 de
294 3249 522 3351 pensionibus
545 3248 735 3345 angustias
759 3274 923 3346 generas.
940 3252 1021 3324 Non
1048 3248 1111 3324 tibi
1128 3248 1263 3325 sufficit
1279 3248 1371 3347 quod

154 3376 189 3440 te
202 3391 224 3440 a
235 3363 384 3439 notariis
397 3373 433 3438 et
445 3362 526 3436 aliis
538 3361 692 3437 diversis
704 3362 831 3438 officiis
843 3387 888 3438 ne
901 3361 1085 3438 commoda
1097 3360 1371 3457 exigeris‚iuxte

156 3478 307 3553 liberare
325 3478 517 3576 potuimus,
533 3487 574 3551 ut
592 3475 636 3551 ad
653 3502 831 3551 summam
844 3501 888 3551 ac
905 3475 1001 3550 viam
1016 3475 1108 3573 qnod
1126 3497 1195 3549 non
1213 3474 1372 3548 vidimus

153 3617 269 3691 neque
285 3592 484 3695 accipimus
500 3601 536 3668 te
552 3591 718 3694 implesse
735 3589 888 3667 steteris

716 3758 803 3843 cxl.

249 3932 422 4030 Pelagius
439 3933 525 4008 Vite
549 3931 724 4008 defensori
750 3931 845 4006 inter
870 3941 998 4006 cetera.
1015 3931 1165 4028 Ideoque
1189 3929 1253 4004 tibi
1284 3955 1371 4028 pree·

154 4049 247 4125 senti
262 4048 419 4133 iussione
434 4047 646 4121 mandamus
660 4055 702 4121 ut
715 4069 839 4122 euram
855 4044 968 4142 ipsius
981 4042 1183 4143 patrimonii
1198 4067 1369 4142 peragere

155 4187 224 4237 non
250 4163 404 4238 omittas.
422 4162 548 4239 Sciens
569 4162 661 4260 quod
680 4183 781 4235 nosa
798 4159 922 4234 teiam
940 4168 977 4233 et
994 4157 1194 4255 relinquam
1213 4160 1265 4231 VI
1283 4157 1372 4231 indi·

154 4276 308 4351 ctionem
325 4290 362 4350 et
378 4299 500 4351 omnes
517 4273 746 4372 singularum
762 4273 928 4373 deinceps
940 4271 1175 4347 indictionum
1190 4272 1373 4347 aVIIexi·

154 4413 284 4485 gemus
308 4390 503 4489 pensiones.
520 4392 571 4465 Ut
595 4389 793 4465 secundum
819 4412 952 4464 morem
970 4398 1006 4463 et
1023 4386 1167 4463 emittas
1184 4387 1221 4459 in
1239 4385 1372 4462 scrinio

53 4516 54 4519 ’
154 4503 368 4594 cautionem,
384 4513 420 4579 et
437 4503 580 4580 brevem
597 4502 755 4579 eiusdem
773 4501 978 4602 patrimonii
997 4501 1109 4603 possis
1126 4501 1299 4601 accipere.
