3608 5498
801 402 1000 466 -394-

291 521 374 594 dam
392 543 477 597 vero
492 519 553 597 hic
565 520 654 597 bene
666 528 721 597 est
733 531 770 597 et
782 521 870 599 illuc
883 522 977 599 male
990 524 1082 621 quod
1098 522 1202 599 diviti
1220 522 1274 598 illi
1291 522 1433 616 accidit,
1450 525 1517 624 qni

291 633 351 711 hic
369 636 535 732 potentie
552 635 719 712 claritate
743 636 958 735 conspicuus
983 638 1064 725 fuit,
1081 647 1158 736 post
1183 646 1331 713 mortem
1352 662 1436 714 vero
1451 663 1517 736 ge·

292 748 418 823 hennae
435 748 611 824 incendiis
628 750 781 824 traditus
804 760 859 826 est
878 750 1103 826 cruciandus.
1121 753 1230 826 Porro
1246 749 1459 849 quibusdam
1476 763 1518 828 et

291 859 351 936 hio
370 859 462 936 male
479 870 516 937 et
532 860 622 937 illue
640 862 733 952 male
748 872 813 952 est,
830 862 914 960 quia
936 862 1071 960 corrigi
1096 863 1258 939 nolentes
1282 873 1318 939 et
1333 863 1515 961 flagellari

292 975 330 1049 in
348 975 417 1051 hac*
432 975 509 1049 rita
534 975 714 1074 incipiunt
742 985 778 1052 et
802 987 1041 1066 murmurant,
1057 976 1183 1053 deinde
1207 987 1340 1052 aeterna
1369 1002 1512 1076 percus·

289 1089 387 1166 sione
400 1089 625 1165 damnantur.
638 1090 739 1166 Unde
753 1091 856 1166 homo
868 1103 904 1166 11
915 1090 1101 1186 flagellum
1116 1091 1179 1167 Dei
1193 1116 1419 1167 murmurare
1436 1116 1512 1166 non

291 1204 404 1294 debet,
426 1204 509 1301 quia
531 1204 687 1278 maxime
704 1229 766 1301 per
791 1204 857 1282 hoo
882 1203 1075 1301 corripitur
1094 1205 1315 1280 emendatur.
1331 1208 1424 1280 Nam
1450 1205 1516 1304 qui

289 1318 327 1391 in
345 1316 501 1415 flagellis
514 1327 718 1394 murmurat
735 1321 850 1394 Deum
864 1319 944 1418 plus
957 1318 1088 1407 irritat,
1103 1319 1261 1393 furorem
1278 1318 1344 1395 Dei
1356 1318 1514 1420 amplius

288 1431 327 1504 in
353 1456 391 1506 se
416 1441 602 1529 provocat,
627 1431 747 1530 etqui
775 1432 950 1530 patienter
974 1433 1129 1508 sustinet
1158 1434 1274 1508 Deum
1299 1433 1408 1509 citius
1436 1433 1510 1534 pla·

288 1554 357 1621 cat.
374 1549 467 1620 Nam
487 1545 567 1644 plus
584 1557 735 1645 temptat
748 1547 879 1623 electos
891 1547 957 1621 Dei
974 1545 1135 1621 diabolus
1147 1570 1254 1644 quam
1264 1547 1328 1621 Dei
1343 1545 1513 1621 voluntas

288 1659 473 1756 permittit.
484 1663 531 1734 Et
543 1659 628 1736 licet
641 1661 801 1736 diabolos
813 1658 1083 1758 temptationem
1102 1659 1234 1735 inferre
1248 1659 1512 1757 cupiat,tamen

289 1773 318 1846 si
344 1775 455 1848 aDeo
480 1784 689 1875 potestatem
720 1799 789 1849 uon
819 1774 968 1871 accepit,
985 1772 1192 1848 nullatenus
1222 1772 1370 1871 adipisci
1396 1782 1512 1871 potest

287 1887 380 1984 qnod
404 1888 545 1986 accipit.
563 1890 666 1966 Unde
691 1902 727 1966 et
744 1890 859 1964 omnis
876 1887 1044 1963 voluntas
1061 1885 1191 1961 diaboli
1208 1886 1348 1962 iniusta
1367 1896 1432 1975 est,
1449 1886 1513 1961 sed

288 2010 408 2076 tamen
423 2001 651 2101 permittente
661 2005 734 2078 Deo
746 2003 862 2078 omnis
879 2010 1033 2100 potestas
1050 2000 1150 2075 iuxta
1168 2009 1209 2074 ut
1221 1999 1357 2096 legitur
1369 2000 1408 2074 in
1420 1999 1512 2075 libro

287 2117 440 2211 Regum.
455 2117 612 2214 Spiritus
625 2117 768 2192 Domini
788 2117 904 2190 malus
921 2112 1079 2190 irruebat
1096 2113 1134 2186 iu
1148 2113 1245 2188 Saul.
1259 2113 1298 2187 Si
1314 2112 1432 2188 malus
1445 2138 1513 2189 cur

287 2229 458 2306 Domini?
476 2231 515 2304 Si
532 2230 669 2305 duobus
686 2231 806 2306 verbis
823 2226 1153 2325 comprehendenda
1167 2241 1222 2300 111
1234 2226 1342 2301 111111
1357 2235 1512 2324 potestas

287 2341 394 2431 iusta,
411 2352 448 2418 et
464 2342 592 2417 diaboli
611 2342 777 2418 voluntas
795 2342 940 2418 iniusta.
958 2339 1094 2415 Electis
1119 2349 1233 2414 terror
1249 2338 1328 2412 eius
1344 2337 1430 2413 vilis
1445 2348 1512 2430 est,

286 2455 330 2529 ab
348 2454 544 2529 incredulis
561 2466 602 2531 ut
619 2455 673 2531 loo
689 2455 849 2531 timetur.
866 2460 913 2530 Et
930 2456 1015 2553 quia
1032 2454 1192 2530 diabolus
1209 2453 1387 2529 hominem
1404 2479 1510 2553 quem

286 2567 324 2640 in
342 2567 454 2641 vitum
473 2567 634 2666 decipere
652 2590 722 2641 non
739 2578 864 2666 potest,
877 2570 915 2643 in
933 2569 1127 2645 novissimo
1143 2579 1264 2644 autem
1278 2569 1510 2668 supplantare

287 2680 451 2778 disponit,
465 2681 609 2778 proinde
628 2706 772 2756 11111111
789 2693 843 2757 111
860 2695 901 2759 ut
919 2685 1167 2783 unusquisque
1185 2685 1303 2759 iustus
1320 2709 1390 2759 non
1408 2710 1445 2760 se
1459 2685 1510 2759 ia·

286 2795 359 2870 ciat
376 2820 543 2870 securum
562 2796 647 2870 dnm
666 2796 703 2869 in
721 2795 790 2873 hac
807 2808 1041 2874 conversatur
1058 2800 1145 2888 vita,
1158 2799 1219 2874 sed
1238 2823 1377 2896 semper
1393 2797 1511 2872 humi·

286 2908 332 2983 lis
348 2920 474 2985 caveat
491 2920 526 2985 et
543 2935 588 2984 ne
604 2910 644 2983 in
661 2910 767 2985 finem
793 2924 937 2988 corruat
961 2912 1138 2989 sollicitus
1163 2913 1403 3011 pertimescat,
1420 2938 1513 2986 nun-

286 3049 394 3122 quam
409 3034 515 3100 vacat
531 3024 693 3099 diabolus
708 3026 883 3102 adversus
899 3026 1079 3102 hominem
1092 3027 1239 3100 iustum.
1252 3032 1327 3102 Aut
1339 3026 1435 3101 enim
1449 3027 1511 3102 tri·

288 3137 489 3214 bulatioues
505 3138 602 3214 cordi
620 3139 720 3215 illius
737 3149 935 3237 exaggerat
951 3150 1016 3215 aut
1032 3139 1168 3215 dolores
1185 3139 1346 3225 suscitat.

810 3306 983 3392 LXXVII.

383 3479 581 3575 Gregorius
597 3477 636 3552 in
653 3482 779 3556 XXVI
793 3479 981 3556 moralium
1000 3479 1101 3556 libro.
1113 3483 1193 3556 Nou
1210 3504 1298 3577 ergo
1314 3490 1350 3556 te
1367 3490 1512 3579 superet

288 3597 351 3682 ira,
366 3605 407 3669 ut
423 3593 579 3693 aliquem
600 3594 733 3670 iniuste
750 3595 937 3695 opprimas.
951 3595 1077 3669 Omnis
1095 3620 1157 3696 per
1174 3619 1279 3693 quem
1294 3619 1439 3671 necesse
1455 3604 1512 3670 est

287 3708 406 3784 aliena
423 3709 513 3782 vitia
537 3708 683 3805 corrigi,
700 3710 930 3806 semetipsum
958 3709 1057 3807 prius
1074 3709 1178 3784 debet
1202 3708 1348 3784 solerter
1365 3708 1511 3799 intueri,

289 3847 334 3897 ne
352 3823 437 3896 dum
455 3822 607 3897 aliorum
627 3823 752 3923 culpas
777 3823 978 3911 ulciscitur,
994 3821 1069 3920 ipsc
1094 3821 1292 3897 ulciscendi
1310 3821 1428 3896 furore
1453 3846 1512 3896 su·

288 3945 441 4033 peretur.
461 3936 676 4035 Plerumque
701 3936 797 4012 cuim
823 3945 978 4012 mentem
1004 3934 1071 4009 sub
1095 3945 1241 4032 optentu
1271 3933 1419 4008 iustitie
1447 3933 1511 4008 irae

288 4050 497 4125 immanitas
514 4059 643 4140 vastat,
657 4061 693 4126 et
704 4052 789 4125 dum
803 4051 905 4150 quasi
919 4049 1013 4125 sevit
1024 4050 1100 4124 zolo
1113 4048 1190 4148 (oio)
1204 4047 1444 4136 rectitudinis,
1457 4072 1513 4120 ra·

287 4165 381 4240 biem
410 4164 529 4262 explet
557 4164 698 4254 furoris,
716 4165 881 4263 iusteque
906 4190 944 4240 so
974 4164 1091 4243 facere
1108 4163 1253 4238 estimat
1269 4162 1440 4261 quicquid
1456 4161 1511 4237 ira

288 4278 453 4375 nequiter
477 4278 598 4353 dictat.
616 4278 718 4355 Unde
744 4289 780 4353 11
797 4277 939 4352 modum
965 4302 1046 4374 sepe
1069 4275 1266 4352 ulciscendi
1291 4274 1513 4371 transgredi-

288 4400 361 4479 tur,
378 4391 462 4488 quia
480 4416 648 4466 mensura
666 4390 813 4465 iustitiae
830 4414 900 4465 non
926 4391 1098 4465 frenatur.
1115 4390 1277 4486 Dignum
1299 4388 1428 4488 quippe
1445 4397 1511 4479 est,

289 4514 331 4584 ut
346 4529 430 4584 oum
455 4504 574 4585 aliena
599 4505 829 4606 corrigimus,
847 4504 948 4607 prius
973 4513 1094 4583 nostra
1119 4503 1312 4580 metiamur
1341 4511 1382 4578 ut
1410 4499 1512 4600 prius
