3608 5498
833 405 1003 485 ..61-

865 637 970 724 XLV.

400 869 476 942 Nec
492 865 681 965 quisquam
699 877 819 942 sumat
835 867 902 942 sibi
928 871 1155 966 pontificatus
1180 872 1348 948 honorem
1374 875 1435 949 sed
1460 877 1523 973 qui

304 989 455 1054 vocatur
471 1005 493 1053 a
512 983 582 1055 Deo
599 991 782 1078 tamquam
803 987 930 1056 Aaron.
948 982 1008 1058 Sic
1025 992 1061 1057 et
1079 984 1244 1059 Christus
1267 1010 1336 1060 non
1362 988 1526 1088 semetip-

304 1118 385 1166 sum
401 1092 617 1170 clarificavit
634 1104 674 1168 ut
692 1095 857 1172 Pontifex
874 1099 974 1173 fieret
990 1098 1051 1173 sed
1069 1099 1130 1196 qui
1144 1099 1286 1175 locutus
1298 1111 1353 1175 est
1365 1102 1410 1176 ad
1427 1127 1521 1177 eum.

304 1207 419 1281 Filius
436 1233 537 1282 meus
558 1233 596 1284 es
621 1219 672 1298 tu,
697 1234 764 1306 ego
787 1210 891 1286 hodie
915 1212 1027 1308 genui
1053 1222 1097 1287 te.
1123 1213 1426 1299 Quemadmodum
1454 1214 1525 1289 alio

305 1321 379 1396 loco
395 1321 493 1397 dicit.
510 1325 564 1396 Tu
582 1348 621 1398 es
638 1324 800 1400 sacerdos
818 1325 853 1398 in
873 1335 1057 1400 aeternum.
1075 1327 1122 1398 Et
1141 1335 1269 1400 cetera.

853 1553 974 1638 XLVI.

397 1781 434 1854 Si
452 1781 533 1879 quis
551 1782 746 1880 Episcopus
763 1806 833 1856 non
851 1782 1009 1880 suscepit
1026 1783 1183 1858 officium
1201 1793 1238 1858 et
1259 1809 1383 1859 curam
1401 1789 1519 1884 populi

302 1892 369 1966 sihi
386 1894 612 1969 commissam
630 1894 690 1970 hic
706 1895 955 1972 communione
974 1897 1146 1993 privetur,
1163 1898 1292 1995 quoad
1311 1923 1423 1997 usque
1440 1925 1522 1976 con-

301 2006 432 2081 sentiat
448 2007 646 2083 obedientia
664 2009 900 2084 commodans.

841 2239 981 2324 XLVII.

393 2457 559 2531 Clemens
583 2455 707 2532 Iacobo
733 2458 882 2533 Domino
906 2470 942 2534 et
966 2460 1136 2557 episcopo.
1154 2462 1252 2536 Inter
1277 2469 1416 2536 coetera.
1441 2462 1519 2537 Cle·

298 2588 452 2646 mentem
469 2570 567 2646 hunc
584 2571 637 2645 ait
655 2574 784 2645 Petrus
797 2572 1010 2671 Episcopum
1025 2574 1124 2648 vobis
1137 2575 1259 2649 ordino
1271 2575 1330 2649 cui
1350 2576 1415 2648 soli
1433 2599 1519 2673 proe·

297 2684 484 2758 dicationis
500 2694 537 2759 et
552 2685 722 2759 doctrinae
739 2685 946 2761 cathedram
964 2688 1073 2762 trado.
1092 2691 1239 2787 Propter
1256 2689 1349 2787 qnod
1362 2689 1431 2786 ipsi
1449 2700 1520 2765 tra·

296 2798 338 2873 do
354 2823 376 2871 a
394 2797 543 2873 Domino
560 2797 650 2870 mihi
668 2798 835 2873 traditam
853 2811 1063 2896 potestatem
1081 2801 1219 2899 ligandi
1238 2813 1274 2877 et
1291 2802 1464 2892 solvendi,
1478 2814 1518 2878 ut

295 2914 338 2987 de
354 2913 519 2987 omnibus
536 2913 822 3011 quibuscumque
839 2913 1039 2990 decreverit
1055 2914 1094 2988 in
1120 2915 1237 3004 terris,
1261 2915 1445 2991 decretum
1471 2917 1519 2991 sit

295 3026 384 3100 etin
402 3026 498 3102 caelo.
515 3025 658 3122 Ligabit
674 3026 767 3124 quod
784 3036 919 3123 oportet
937 3027 1057 3123 ligari,
1075 3039 1111 3104 et
1128 3027 1243 3103 solvet
1260 3028 1352 3126 quod
1375 3030 1518 3126 expedit

294 3139 396 3226 solvi,
408 3149 591 3238 tamquam
607 3139 668 3238 qui
682 3140 727 3214 ad
741 3139 915 3239 liquidum
935 3140 1097 3216 ccclesiae
1115 3142 1279 3237 regulam
1297 3143 1517 3238 cognoverit.

293 3255 414 3350 Ipsum
431 3253 652 3350 ergoaudite
666 3253 821 3328 scientes
834 3253 918 3351 quia
932 3255 1150 3354 quicumque
1172 3255 1440 3331 contristaverit
1460 3258 1518 3331 do·

294 3378 427 3442 ctorem
446 3367 610 3442 veritatis
628 3379 751 3463 peccat
768 3366 806 3439 in
825 3365 1022 3456 Christum,
1039 3379 1075 3442 ot
1096 3378 1232 3466 patrem
1254 3368 1413 3443 omniurn
1435 3394 1516 3444 exe·

293 3482 411 3555 oravit
429 3485 542 3556 Deum
559 3480 809 3578 propterquod
826 3491 862 3555 et
887 3480 963 3554 vite
988 3479 1133 3555 carebit.
1158 3484 1279 3578 Ipsum
1306 3491 1427 3555 autern
1452 3481 1515 3578 qui

293 3604 419 3692 praeest
435 3595 573 3670 caeteris
589 3604 724 3690 oportet
742 3593 869 3669 medici
890 3593 1006 3668 vicem
1023 3616 1133 3688 agere
1150 3604 1187 3668 et
1203 3616 1275 3668 non
1300 3593 1375 3669 fere
1401 3593 1513 3670 bestie

292 3710 409 3784 furore
426 3708 649 3784 commoveri.
668 3711 714 3782 lit
731 3707 835 3781 infra.
853 3711 929 3782 Nec
946 3730 1014 3802 ego
1030 3728 1092 3804 pro
1109 3706 1227 3780 salute
1240 3705 1402 3780 omnium
1415 3704 1513 3782 ohse-

292 3821 424 3896 crando
438 3821 591 3896 cessabo.
607 3823 697 3896 Item
715 3821 753 3894 in
769 3820 903 3897 eadem.
920 3821 1110 3918 Episcopus
1128 3842 1190 3915 por
1206 3817 1373 3914 singulas
1386 3818 1513 3893 civita-

292 3944 346 4010 tes
361 3933 491 4032 quibus
506 3933 633 4010 beatus
650 3937 780 4008 Petrus
797 3957 866 4007 non
885 3934 993 4023 misit,
1010 3934 1114 4007 iuxta
1140 3931 1282 4006 Domini
1309 3931 1513 4029 praeoeptio

291 4073 373 4122 nem
391 4048 491 4122 nobis
508 4049 649 4123 mittere
667 4048 843 4146 praeoepit.
861 4047 960 4135 Quod
978 4046 1086 4121 etiam
1108 4045 1225 4122 facere
1249 4043 1512 4134 inchoavimus,

290 4170 327 4235 et
340 4161 489 4236 Domino
506 4184 606 4258 opem
624 4161 760 4237 ferente
779 4160 910 4236 facturi
926 4186 1064 4234 sumus.
1077 4164 1150 4234 Vos
1162 4168 1283 4233 autem
1298 4182 1360 4255 per
1373 4171 1513 4232 vestras

290 4273 445 4348 dioceses
462 4273 651 4371 Episcopos
669 4287 807 4348 sacrate
825 4283 861 4348 et
880 4272 1023 4362 mittite,
1038 4272 1123 4370 quia
1140 4295 1204 4347 nos
1220 4273 1265 4347 ad
1281 4272 1372 4347 alias
1394 4282 1512 4370 partes

291 4387 383 4483 quod
408 4386 501 4460 idem
519 4386 625 4462 iussit
641 4410 750 4482 agere
776 4387 995 4460 curavimus.
1022 4386 1170 4484 Aliquos
1194 4410 1279 4461 vero
1302 4386 1348 4460 ad
1374 4385 1513 4461 Gallias

291 4500 566 4598 Hyspaniasque
581 4500 770 4587 mittimus
783 4510 819 4574 et
832 4499 1001 4597 quosdam
1014 4499 1059 4573 ad
1072 4498 1512 4588 Germaniam,et1taliam
