3608 5498
797 401 927 464 -430
960 434 994 447 ·-

286 548 441 621 cumque
459 524 623 599 fueritin
642 521 766 597 diebus
783 521 856 595 illis
874 523 1045 597 morietur
1063 523 1165 598 homo
1182 520 1243 595 ille
1264 528 1301 594 et
1317 517 1433 593 omnis
1450 539 1514 615 pe

286 639 392 737 pulus
410 664 493 714 cum
507 638 661 713 audierit
674 636 825 724 timebit,
839 647 874 711 et
887 661 956 711 non
974 646 1086 733 agent
1100 637 1206 735 impie
1224 635 1458 711 etiamnunc.
1476 634 1513 706 I·

285 763 359 828 tem
379 752 422 826 ad
441 751 667 826 Samuhelem
685 774 767 825 cum
786 775 807 821 a
825 749 942 822 Iudeis
959 759 1186 846 sperneretur
1212 746 1385 821 Dominus
1408 744 1513 819 dicit.

285 871 365 943 Nou
384 877 420 943 te
439 875 652 966 spreverunt
670 865 729 940 sed
749 867 921 938 meltem
940 861 1031 937 idem
1051 863 1088 935 in
1106 861 1305 957 cvangelio.
1318 858 1388 947 Qui
1406 858 1515 932 audit

288 981 413 1079 inquid
432 1004 565 1068 vos-me
577 978 688 1068 audit,
700 988 737 1053 et
749 1001 831 1052 eum
845 976 907 1074 qui
922 1001 978 1052 me
994 975 1103 1052 misit.
1117 979 1162 1051 Et
1175 975 1236 1074 qui
1250 975 1354 1051 reicit
1365 980 1439 1064 roe,
1452 997 1516 1048 me

270 1088 274 1095 ’
289 1095 403 1183 reicit,
416 1104 453 1170 et
465 1119 547 1170 eum
558 1095 618 1191 qui
634 1116 690 1167 me
704 1090 812 1165 misit.
821 1093 868 1164 Et
880 1114 963 1164 curn
977 1089 1154 1187 leprosum
1169 1089 1406 1178 emundasset,
1418 1087 1516 1161 vade

291 1208 417 1306 inquid
433 1219 469 1283 et
481 1207 625 1282 ostende
642 1216 677 1280 te
695 1203 877 1280 secerdoti.
896 1206 1040 1278 Etcum
1067 1214 1186 1300 postea
1206 1213 1363 1300 tempore
1379 1200 1516 1299 passio·

290 1321 347 1395 nis
363 1319 503 1420 alapam
521 1317 718 1415 accepisset
734 1341 754 1389 a
779 1339 884 1398 servo
908 1317 1111 1404 sacerdotis,
1127 1340 1281 1414 cumque
1297 1315 1330 1392 ei
1349 1314 1515 1405 dixisset,

291 1435 344 1510 sic
362 1433 550 1531 respondes
568 1430 743 1518 Pontifici,
760 1429 932 1504 adversus
956 1429 1162 1505 Pontificem
1190 1430 1364 1504 Dominus
1387 1439 1516 1503 contu·

294 1547 439 1623 meliose
456 1546 571 1622 nichil
588 1545 688 1632 dixit,
705 1568 771 1618 uec
789 1543 981 1641 quicquam
995 1545 1036 1620 de
1050 1543 1242 1619 sacerdotis
1257 1543 1387 1618 honore
1401 1554 1517 1618 retra·

294 1660 359 1750 xit,
369 1657 678 1735 sedinnoceutiem
689 1682 790 1730 suam
806 1658 924 1752 magis
936 1656 1161 1746 exhibens,et
1173 1657 1361 1733 ostendens
1374 1656 1403 1730 si
1418 1656 1516 1738 male

292 1773 418 1871 inquid
436 1772 578 1847 locutus
595 1796 675 1844 sum
701 1768 945 1845 testimonium
971 1768 1114 1866 perhibe
1139 1769 1182 1844 de
1207 1768 1312 1858 malo,
1334 1767 1365 1842 si
1388 1777 1515 1842 autem

291 1886 381 1961 bene
399 1885 484 1983 quid
502 1909 559 1958 me
575 1882 697 1958 cedis?
713 1885 802 1956 Item
815 1882 858 1955 -iu
874 1881 1015 1957 actibus
1028 1883 1274 1979 Apostolorum
1289 1879 1514 1979 postmodum

290 2000 417 2075 beatus
431 1995 620 2097 Apostolus
634 1994 769 2069 Paulus
786 2019 869 2070 cum
888 1995 921 2070 ei
939 1995 1074 2070 dictum
1088 2005 1192 2084 esset,
1205 1996 1257 2070 sic
1269 1994 1387 2070 insilis
1403 1993 1442 2067 iu
1457 2018 1516 2067 sa·

291 2113 467 2188 cerdotem
482 2110 546 2185 Dei
561 2108 828 2185 maledicendo?
840 2108 1006 2206 quamvis
1020 2106 1171 2183 Domino
1181 2109 1253 2181 iam
1268 2108 1440 2184 crucifixo
1456 2133 1517 2182 sa·

293 2223 422 2321 orilegi
437 2233 473 2299 et
486 2223 586 2320 impii
600 2231 635 2297 et
643 2221 783 2297 cruenti
798 2221 851 2295 illi
865 2245 941 2296 esse
955 2221 1222 2319 cepissent-nec
1234 2220 1305 2295 iam
1319 2221 1515 2319 quicquam

292 2337 335 2413 de
353 2336 561 2412 sacerdotali
579 2335 710 2411 honore
726 2344 762 2410 et
778 2335 989 2410 auctoritate
1015 2334 1221 2423 retinerent,
1247 2343 1367 2410 tamen
1392 2335 1512 2431 ipsum

292 2449 590 2548 quamvisinene
615 2471 743 2523 nomen
768 2456 805 2522 et
828 2447 993 2521 umbram
1019 2448 1206 2546 quamdam
1238 2448 1432 2524 sacerdotis
1456 2471 1515 2523 co·

295 2564 419 2658 gitans
452 2561 600 2650 Paulus,
625 2560 823 2636 nesciebam
850 2560 978 2635 fratres
1004 2562 1128 2659 inquid
1153 2562 1238 2659 quia
1267 2563 1425 2660 pontifex
1448 2573 1515 2637 est.

294 2674 475 2771 Scriptum
496 2682 550 2749 cst
566 2673 674 2761 enim,
691 2672 869 2771 principes
895 2673 1006 2771 plebis
1030 2685 1102 2749 tuae
1126 2700 1172 2749 ne
1197 2674 1396 2750 maledices
1418 2676 1513 2750 Cum

297 2786 374 2862 haec
391 2797 456 2862 aut
471 2785 543 2860 alia
561 2785 720 2886 exempla
738 2786 947 2883 precedant,
964 2788 1093 2886 quibus
1109 2789 1336 2864 sacerdotalis
1360 2789 1517 2865 auctori·

295 2911 350 2975 tas
375 2909 410 2975 et
435 2909 589 2998 potestas
614 2899 656 2974 de
682 2899 803 2974 divina
828 2900 1035 2996 dignatione
1060 2903 1235 2991 firmatur,
1261 2904 1383 3001 quales
1407 2913 1516 3001 putas

294 3039 371 3089 esse
389 3014 537 3110 eosqui
555 3012 776 3087 sacerdotum
795 3012 925 3103 hostes,
946 3023 982 3088 et
1005 3025 1129 3090 contra
1154 3015 1341 3091 ecclesiam
1367 3014 1516 3091 catholi-

294 3149 372 3199 cam
391 3125 551 3213 rebelles,
568 3150 634 3200 uec
651 3127 901 3224 praemonentis
915 3127 1054 3201 Domini
1074 3130 1360 3219 commiuatione,
1376 3153 1443 3204 uec
1459 3129 1517 3203 fu·

294 3238 368 3349 turi
386 3238 509 3314 iudicii
529 3238 663 3313 ultione
680 3244 936 3314 conterentur?
952 3243 1076 3339 Neque
1093 3242 1189 3318 enim
1207 3241 1352 3318 aliunde
1369 3241 1515 3317 hereses

295 3350 414 3425 oborte
431 3360 608 3440 sentent
626 3360 710 3426 nata
728 3362 813 3427 suut
829 3352 999 3429 scismata
1012 3354 1081 3429 nisi
1099 3356 1239 3452 quaudo
1255 3356 1429 3431 sacerdoti
1448 3355 1516 3432 Dei

295 3487 366 3538 nou
383 3473 657 3564 optemperatur,
674 3488 740 3539 nec
765 3490 860 3539 unus
877 3466 915 3538 in
940 3467 1090 3543 ecclesia
1114 3469 1158 3543 ad
1183 3479 1325 3569 tempus
1349 3468 1516 3543 sacerdos

295 3587 332 3651 et
349 3575 455 3650 iudex
471 3577 551 3652 vice
570 3575 704 3652 Christi
729 3577 921 3673 cogitatur.
937 3579 1006 3655 cui
1023 3581 1054 3655 si
1079 3582 1275 3656 secundum
1302 3581 1517 3678 magisteria
1534 3644 1538 3650 .

294 3688 417 3762 divina
433 3698 691 3786 optemperaret
708 3688 914 3765 fraternitas
931 3692 1101 3768 universa
1123 3717 1226 3769 nemo
1250 3695 1441 3770 adversum
1460 3719 1518 3768 se·

296 3801 478 3876 cerdotum
496 3799 688 3896 collegium
707 3799 898 3900 quicquam
916 3816 1084 3896 moveret,
1102 3830 1205 3882 nemo
1221 3817 1335 3906 potest
1348 3807 1516 3881 divinum

295 3912 469 3988 iudicium
487 3921 565 4010 post
589 3911 706 4010 populi
732 3913 948 4010 suffragium
966 3928 1043 4015 post
1067 3920 1351 4019 coepiscoporum
1368 3942 1519 3995 consen·

299 4051 379 4099 sum
397 4023 550 4100 iudicem
569 4049 607 4099 se
625 4048 695 4098 non
711 4025 783 4098 iam
801 4025 956 4126 episcopi
973 4030 1033 4105 sed
1051 4031 1117 4106 Dei
1135 4031 1278 4119 faceret,
1295 4054 1399 4106 nemo
1411 4030 1519 4106 disci·

293 4139 350 4214 dio
376 4138 526 4213 unitatis
551 4138 685 4215 Christi
712 4139 902 4215 ecclesiam
927 4140 1116 4230 scinderet,
1142 4167 1246 4218 nemo
1276 4141 1344 4217 sibi
1370 4141 1519 4241 placens

294 4261 378 4326 actu
404 4275 505 4325 meus
522 4274 682 4326 seorsum
700 4252 785 4327 foris
802 4252 961 4329 heresem
979 4255 1197 4343 concederet,
1215 4254 1285 4328 uisi
1311 4256 1363 4329 ita
1379 4264 1435 4329 est
1452 4255 1520 4329 ali·

296 4361 377 4460 quis
401 4362 578 4458 sacrilege
596 4363 820 4453 temeritatis,
836 4390 879 4440 ac
896 4365 1041 4463 perditae
1062 4366 1193 4440 mentis
1211 4380 1252 4440 ut
1276 4375 1422 4463 putetur
1438 4366 1520 4443 sine

296 4475 361 4549 Dei
378 4474 511 4549 iudicio
523 4474 599 4552 deri
617 4478 847 4568 sacerdotem,
863 4502 946 4554 cum
966 4477 1139 4553 Dominus
1152 4477 1188 4552 in
1206 4476 1395 4574 evangelio
1411 4478 1522 4556 dicat.
