3608 5498
804 403 1000 464 -137-

291 527 388 624 Papa
413 521 683 598 Ravennatibus
702 531 739 597 et
759 520 1016 597 Emiliensibus
1037 532 1073 596 et
1093 520 1374 623 Pentapolitanis
1400 547 1457 598 res
1478 535 1514 600 et

291 639 527 738 possessiones
539 661 659 713 eorum
675 662 764 736 quas
781 637 1080 737 Archiepiscopus
1092 647 1127 712 et
1144 636 1254 712 frater
1271 637 1349 711 eius
1361 636 1515 712 abstule-

291 761 373 826 rant
391 751 560 838 restituit,
580 760 617 824 et
632 750 879 851 preceptionis
904 774 967 825 sue
986 750 1126 825 decreto
1148 751 1384 825 confirmavit.
1400 753 1513 851 Impe-

293 876 387 941 rator
412 875 532 941 autem
559 864 835 964 Archiepiscopo
856 864 1041 939 mandavit
1064 865 1196 940 dicens.
1215 865 1332 939 Vadat
1358 875 1395 940 et
1415 865 1512 939 festu

291 980 457 1055 elationis
473 978 641 1078 deposito,
653 977 821 1054 humiliet
838 1003 875 1052 se
889 979 1065 1068 Pontifici,
1078 979 1137 1052 cui
1151 1001 1214 1052 nos
1227 989 1262 1053 et
1275 979 1390 1053 omnis
1403 977 1514 1054 eccle·

293 1095 354 1169 sice
370 1092 591 1190 generalitas
615 1090 813 1167 inclinatur
830 1103 866 1167 et
891 1092 969 1167 eius
985 1090 1181 1166 obedientie
1198 1115 1242 1165 ac
1266 1091 1512 1187 subgeotionis

290 1207 381 1284 colla
394 1207 576 1281 submittit
587 1207 673 1304 quia
689 1205 781 1304 quod
795 1206 905 1303 cupit,
922 1204 1026 1279 aliter
1044 1205 1212 1302 consequi
1229 1227 1298 1278 non
1316 1205 1453 1304 poterit.
1468 1209 1513 1281 Et

291 1321 393 1396 infra
418 1318 519 1407 Quod
535 1343 619 1396 cum
637 1318 775 1392 invitus
791 1318 936 1393 fecisset
953 1317 1078 1390 multis
1095 1339 1156 1414 pro
1180 1339 1221 1392 eo
1244 1314 1511 1415 pustulantibus

291 1443 479 1534 susceptus
504 1444 568 1509 est.
593 1436 640 1508 Et
663 1433 883 1532 apprehensa
902 1439 1001 1505 carta
1023 1431 1217 1505 iuramenti
1238 1431 1295 1504 sui
1312 1431 1511 1529 scripturas

291 1546 434 1645 quasin
452 1546 717 1621 consecratione
729 1570 795 1619 sua
812 1546 899 1619 satis
918 1544 1064 1618 confuse
1081 1544 1215 1618 lecerat
1231 1554 1273 1618 ut
1290 1544 1327 1616 in
1345 1544 1397 1618 eis
1414 1544 1511 1620 vide·

291 1662 397 1737 batur
410 1661 550 1761 propria
565 1685 674 1734 manu
687 1658 846 1734 scribens
860 1660 960 1732 iuxta
974 1658 1268 1733 consuetudinem
1282 1657 1511 1755 predecesso-

291 1800 372 1848 rum
389 1795 535 1848 suorum
561 1774 768 1871 composuit,
792 1782 829 1846 et
854 1770 978 1845 multis
995 1771 1237 1846 sacerdotibus
1254 1781 1290 1846 et
1306 1771 1512 1875 proceribus

289 1887 524 1986 praesentibus
540 1912 646 1987 super
663 1887 846 1961 vivificam
865 1886 1018 1961 Crucem
1037 1885 1174 1960 Christi
1199 1895 1234 1961 et
1256 1885 1416 1959 sandalia
1433 1887 1510 1961 eius

289 2012 326 2077 et
338 2003 439 2075 lllIor
451 2000 653 2096 Evangelia
662 2000 779 2100 posuit
792 2009 828 2074 et
840 1998 983 2074 cunctis
996 1997 1223 2073 audientibus
1231 2010 1355 2098 sponte
1364 1999 1509 2087 iuravit,

293 2140 331 2191 se
348 2114 514 2190 omnibus
531 2115 616 2189 vitae
632 2139 707 2188 suae
723 2113 847 2188 diebus
864 2123 1105 2201 servaturum,
1122 2136 1202 2210 quae
1218 2113 1256 2185 in
1274 2113 1406 2187 eisdem
1425 2114 1509 2187 scri·

288 2230 403 2328 pturis
416 2228 700 2316 continebantur,
709 2251 798 2325 quas
812 2227 921 2302 etiam
934 2249 1053 2301 coram
1067 2225 1232 2300 omnibus
1241 2224 1340 2321 legit.
1350 2228 1510 2299 Domnus

290 2366 374 2419 vero
391 2346 487 2443 Papa
504 2343 598 2416 inter
611 2352 729 2416 cetera
742 2339 797 2413 illi
815 2341 1051 2440 praecepium
1068 2340 1258 2440 Episcopus
1275 2340 1414 2414 Emiliae
1438 2363 1509 2414 non

288 2464 513 2533 consecraret
528 2455 598 2528 nisi
616 2463 694 2552 post
710 2453 918 2528 electionem
937 2451 1035 2529 Cleri
1052 2462 1088 2527 et
1101 2451 1232 2552 populi,
1246 2475 1306 2550 per
1323 2451 1509 2552 epistolam

289 2571 392 2648 Sedis
408 2569 619 2670 Apostolicae
643 2567 838 2643 Praesulem
864 2567 1043 2666 acciperet
1059 2589 1119 2671 eos
1143 2567 1376 2641 consecrandi
1401 2565 1509 2642 lieen-

289 2684 388 2774 tiam‚
401 2708 467 2759 nec
480 2704 539 2758 eos
555 2683 600 2757 ad
613 2682 738 2757 Sedem
758 2681 999 2782 Apostolioam
1013 2681 1137 2756 venire
1150 2680 1362 2781 prohiberet,
1374 2704 1442 2757 nec
1454 2681 1511 2754 ul-

288 2795 365 2871 lum
380 2819 511 2872 morem
524 2796 586 2894 qui
599 2804 722 2870 contra
736 2796 990 2893 Episcoporum
1005 2794 1238 2892 privilegium
1256 2795 1304 2869 sit
1316 2793 1361 2868 ab
1373 2794 1424 2868 eis
1437 2794 1509 2869 exi·

287 2921 391 3008 geret
407 2911 647 3009 quoquomodo
664 2919 864 3008 temptaret,
889 2917 926 2983 et
942 2917 984 2982 ut
1002 2932 1059 2983 res
1083 2908 1345 3004 cuiuscumque
1361 2930 1507 3005 persone

289 3024 542 3122 qualicumque
554 3023 701 3118 ingenio
712 3022 909 3120 acquisitas
921 3021 980 3095 vel
995 3044 1171 3118 possessas
1188 3044 1372 3118 nunquam
1389 3018 1509 3118 aliquo

291 3137 389 3213 modo
405 3147 605 3236 occuparet,
619 3137 729 3212 donec
746 3138 783 3210 in
802 3136 990 3234 praesentia
1008 3135 1212 3234 Apostolioa
1228 3134 1287 3207 vel
1313 3133 1413 3210 missi
1431 3135 1509 3208 eius

290 3262 354 3328 aut
378 3251 568 3327 vestararii
585 3251 815 3340 Ravennatis,
838 3249 949 3347 legali
974 3249 1095 3323 ordine
1112 3249 1150 3321 in
1175 3247 1308 3322 iudicio
1332 3245 1413 3321 illas
1429 3269 1511 3321 con-

290 3365 463 3439 vinceret.
479 3363 576 3438 Idem
593 3363 637 3437 ad
654 3363 820 3438 eumdem
837 3364 876 3437 in
894 3387 1048 3459 regnum
1066 3371 1163 3437 certe
1181 3385 1244 3436 nos
1263 3361 1451 3462 Episcopus
1470 3361 1509 3433 in

288 3478 369 3552 aliis
385 3476 642 3553 festivitatibus
667 3477 837 3577 populum
858 3477 926 3552 sibi
951 3478 1183 3552 commissum
1210 3477 1370 3551 deserere
1396 3473 1510 3550 nullo-

289 3592 389 3666 modo
406 3590 655 3688 permittimus.
681 3591 859 3677 Quomodo
877 3614 963 3688 ergo
980 3593 1018 3664 in
1036 3601 1134 3665 tanto
1159 3591 1216 3664 die
1234 3588 1381 3664 Pasohae
1397 3587 1510 3663 oredi-

289 3715 363 3779 tam
377 3703 446 3778 sibi
454 3702 650 3800 Episcopus
663 3703 852 3779 ecclesiam
867 3704 1015 3793 deserat,
1024 3712 1066 3778 ut
1075 3703 1137 3776 alii
1150 3702 1310 3778 ecclesiae
1319 3701 1509 3790 ministret,

290 3819 379 3894 ratio
391 3819 539 3893 minime
552 3827 649 3915 patet
661 3818 858 3916 praesertim
872 3842 955 3893 cum
970 3840 1125 3892 canones
1138 3815 1190 3890 nil
1204 3814 1275 3891 tale
1289 3815 1508 3913 praecipiant.

866 4019 961 4104 ool.

647 4224 730 4277 Item
742 4236 783 4277 ex
796 4225 941 4276 Romano
954 4221 1145 4276 Pontissealt.

387 4385 568 4460 Adrianus
592 4389 625 4461 11
650 4397 757 4462 natus
779 4390 896 4461 Romae
921 4410 1004 4461 cum
1022 4384 1213 4483 aliquando
1237 4384 1332 4459 inter
1352 4406 1509 4482 compre·

290 4498 454 4600 sbyteros
478 4523 598 4576 suosa
622 4503 718 4601 Papa
743 4502 872 4598 Sergio
896 4500 1239 4577 consuetudinaliter
1263 4499 1427 4575 denarios
1443 4500 1508 4572 XL
