3608 5498
816 393 1012 459 -224-

299 513 389 591 duce
398 513 552 589 stultitia
565 523 601 589 ot
613 512 773 590 civitatis
782 517 937 590 Romane
946 515 1129 606 iactantia,
1139 513 1521 591 laritassacerdotibus

300 639 336 705 et
353 630 491 704 diaconi
509 627 729 727 presbyteris
746 652 918 726 coequaro
941 630 1134 719 contendit,
1154 653 1225 705 non
1247 629 1364 705 dicam
1382 628 1524 725 praefer-

303 767 352 833 re,
369 744 453 842 quia
472 742 606 818 stultus
623 751 677 818 est
694 751 730 817 et
747 742 835 819 forte
853 742 1061 819 incredibile
1075 743 1250 834 videatur,
1265 753 1305 818 et
1317 765 1381 816 nos
1394 764 1464 816 non
1489 767 1524 817 e·

299 858 532 946 mendatoreS,
541 856 602 932 sed
610 856 885 932 calumniatores
898 855 1295 953 habeaturQuaigitur
1305 856 1396 952 lege,
1405 878 1521 953 quave

299 970 567 1058 consuetudine,
584 992 736 1067 quonam
754 968 914 1066 exemplo
929 970 995 1044 hoc
1011 970 1164 1066 aggredi
1182 978 1245 1044 aut
1261 969 1402 1044 nullum
1429 968 1522 1044 sciro

299 1083 462 1173 arbitror,
485 1093 526 1158 ut
543 1083 629 1158 istos
645 1083 774 1181 quibua
790 1106 985 1160 consensus
1000 1083 1039 1157 in
1060 1083 1221 1159 aecclesia
1246 1083 1393 1158 minime
1418 1083 1523 1157 datus

300 1207 366 1286 est,
382 1196 441 1270 his
457 1206 615 1295 coequet,
631 1197 693 1295 qui
711 1207 851 1297 propter
867 1201 960 1296 quod
976 1199 1158 1275 antistites
1174 1199 1239 1274 Dei
1257 1210 1354 1289 sunt,
1370 1199 1407 1271 in
1421 1198 1521 1273 domo

298 1310 363 1385 Dei
373 1319 409 1385 et
423 1309 460 1382 in
473 1309 604 1385 honore
618 1309 753 1385 Christi
767 1311 960 1388 confidunt.
973 1317 1061 1400 Quae
1073 1313 1222 1387 audacia
1231 1321 1286 1387 est
1299 1310 1520 1410 presbyteris

300 1423 482 1498 ministros
499 1423 653 1521 ipsorum
672 1448 774 1521 pares
798 1425 943 1500 lacere?
967 1429 1054 1513 Quae
1077 1426 1292 1501 temeritatis
1316 1450 1410 1498 vana
1433 1449 1518 1523 prae·

298 1537 464 1634 sumptio,
480 1535 724 1612 sacerdotibus
740 1536 877 1613 baiulos
890 1539 1112 1615 tabernaculi
1126 1548 1162 1616 et
1175 1540 1335 1614 omnium
1349 1561 1516 1612 vasorum

296 1651 386 1740 eius,
403 1660 439 1726 et
455 1650 637 1744 lignorum
650 1650 860 1741 concisores,
877 1663 914 1726 et
929 1652 1115 1750 portitores
1131 1677 1232 1750 aquae
1249 1652 1439 1727 conferre?
1451 1650 1518 1724 hoc

299 1763 394 1838 enirn
413 1763 482 1837 luit
498 1763 654 1838 officium
672 1762 876 1839 levitarum.
901 1764 986 1840 Tale
1003 1776 1057 1841 est
1081 1767 1112 1840 si
1138 1765 1315 1863 praelectis
1338 1762 1518 1852 officiales,

301 1876 454 1951 dominis
470 1877 565 1952 servi
583 1887 781 1975 aequantur,
793 1877 859 1953 hoc
876 1887 931 1952 est
948 1878 1133 1976 scriptum,
1150 1878 1290 1954 dicente
1308 1878 1456 1951 Domino
1473 1876 1517 1950 ad

296 1993 458 2087 Moysen.
474 1991 608 2087 Accipe
621 1990 754 2065 tribum
768 1991 853 2064 Levi
868 1991 909 2066 de
925 1991 1037 2067 medio
1050 1992 1203 2066 filiorum
1217 1990 1338 2079 Israel,
1350 1998 1387 2065 et
1399 1998 1516 2064 statue

294 2102 373 2177 illos
389 2113 473 2178 ante
491 2111 609 2178 Aaron
628 2106 856 2194 sacerdotem,
872 2115 908 2180 et
925 2104 1128 2180 deservient
1144 2104 1188 2179 ei.
1206 2104 1299 2191 Quid
1316 2103 1382 2178 hoc
1400 2127 1516 2178 exem·

295 2217 351 2314 plo
367 2218 538 2315 apertius,
555 2218 770 2316 quodetiam
788 2244 886 2294 nunc
903 2218 940 2291 in
965 2218 1126 2294 aecclesia
1151 2218 1378 2294 custoditur?
1394 2241 1517 2314 quam-

211 2327 217 2340 “
296 2353 402 2426 quam
420 2333 587 2405 Romanae
605 2330 775 2406 Ecclesia
791 2331 930 2406 diaconi
956 2332 1091 2407 modice
1117 2331 1357 2406 inverecundo
1383 2355 1439 2406 res
1463 2330 1517 2402 vi·

293 2443 457 2532 deantur,
473 2444 616 2519 sedendi
633 2453 752 2520 tamen
769 2446 946 2541 dignitate
964 2445 1002 2519 in
1020 2445 1171 2520 statione
1188 2470 1259 2517 non
1282 2450 1515 2541 praesumunt,

291 2565 469 2631 utentem
487 2581 556 2633 non
574 2557 692 2631 omnia
712 2558 908 2633 ministeria
929 2556 1176 2653 obsequiorum
1204 2581 1269 2653 per
1293 2555 1452 2630 ordinem
1479 2578 1516 2626 a·

292 2679 394 2765 gant,
412 2669 603 2744 multitudo
620 2669 708 2745 lacit
724 2670 947 2746 clericorum.
963 2673 1056 2744 Nam
1074 2671 1198 2768 ntique
1219 2680 1255 2745 et
1272 2669 1384 2744 altare
1401 2677 1515 2765 porta·

290 2793 383 2872 rent,
400 2792 436 2858 ct
454 2807 541 2857 vasa
558 2783 648 2874 eius,
661 2793 698 2860 et
709 2808 821 2881 aquas
838 2785 876 2858 in
894 2808 1023 2858 manus
1039 2783 1230 2859 funderent
1250 2782 1453 2871 sacerdotia,
1468 2780 1515 2854 si·
1579 2880 1582 2889 Ι

291 2906 354 2971 cut
371 2896 536 2972 videmus
552 2921 614 2995 per
630 2921 753 2973 omnes
774 2898 954 2987 ecclesias,
978 2906 1014 2971 et
1031 2896 1126 2973 sicut
1150 2896 1384 2987 const'tutum
1410 2907 1466 2969 est
1489 2918 1511 2967 a

290 3008 438 3083 Domino
454 3032 517 3106 per
533 3012 694 3109 Moysen.
709 3015 784 3085 Aut
801 3009 975 3108 numquid
993 3009 1155 3085 meliores
1178 3009 1320 3085 Heliseo
1335 3017 1432 3097 sunt,
1450 3006 1512 3106 qui

290 3144 419 3217 aquam
433 3120 604 3196 fundebat
616 3121 653 3194 in
669 3146 797 3196 manus
815 3122 951 3199 Heliae?
961 3124 1021 3199 Sic
1032 3134 1152 3199 antem
1166 3124 1332 3198 diaconos
1343 3123 1512 3196 adversos

292 3233 520 3332 presbyteros
533 3234 685 3325 defendi,
698 3235 801 3334 quasi
813 3261 857 3311 ex
869 3237 1089 3336 presbyteris
1101 3237 1251 3325 diaconi,
1264 3245 1300 3312 et
1312 3260 1382 3311 non
1395 3260 1439 3310 ex
1451 3260 1512 3308 au-

288 3345 495 3421 diaconibus
514 3348 734 3446 presbyteris
750 3349 967 3425 ordinentur.
981 3351 1050 3424 Sed
1066 3350 1150 3448 quia
1163 3353 1330 3424 Romame
1342 3346 1511 3424 aecclesiae

288 3460 444 3535 ministri
469 3472 565 3551 sunt,
590 3463 720 3539 iccirco
752 3462 1028 3538 honorabiliores
1054 3468 1259 3560 putantur?
1283 3487 1391 3560 quarn
1416 3459 1534 3562 apud-

287 3583 435 3649 creteras
463 3573 645 3649 aecclesias
676 3587 818 3673 propter
851 3575 1158 3672 magnificentiam
1188 3575 1348 3651 civitatis
1381 3578 1510 3663 Romae,

288 3709 367 3782 quae
392 3695 501 3783 capnt
519 3711 595 3761 esse
612 3688 781 3763 videntur
799 3688 961 3762 omnium
985 3687 1188 3762 civitatum.
1213 3688 1252 3760 Si
1278 3687 1328 3761 ita
1353 3698 1423 3775 est,
1443 3686 1510 3762 hoc

292 3798 422 3874 debent
437 3808 474 3874 et
490 3800 731 3876 sacerdotibus
748 3802 824 3876 suis
841 3800 1035 3890 vindicare,
1051 3800 1134 3897 quia
1152 3799 1219 3874 sibi
1242 3801 1304 3898 qui
1324 3797 1510 3874 inferiores

288 3921 374 3986 sunt
398 3922 495 3988 certe
518 3913 640 3988 sciunt
668 3924 809 4013 propter
840 3913 1145 4009 magnificentiam
1175 3913 1348 4002 civitatis,
1372 3927 1507 4011 quanto

291 4023 410 4120 magis
439 4025 499 4122 qui
526 4026 677 4123 potiores
695 4035 793 4111 ¹sunt
821 4026 1037 4102 sublimandi
1066 4031 1180 4101 sunt?
1209 4028 1387 4125 Quicquid
1411 4030 1506 4104 enim

286 4136 499 4211 officialibus
523 4148 751 4237 praestantur,
773 4149 1009 4236 augmentum
1037 4139 1077 4213 fit
1093 4139 1269 4235 potestati,
1286 4140 1381 4216 sicut
1396 4139 1507 4215 bonor

285 4247 383 4321 servi
400 4249 446 4323 ad
462 4249 604 4324 laudem
622 4251 761 4347 proficit
774 4251 920 4342 domini,
933 4275 1149 4350 quamquam
1163 4254 1257 4351 apud
1269 4254 1404 4329 iustum
1417 4254 1508 4328 iudi·

286 4382 363 4432 cem
385 4360 512 4448 Deum,
529 4361 725 4461 unicuique
743 4362 803 4438 bic
819 4361 930 4438 bonor
947 4374 1090 4439 maneat
1106 4366 1167 4463 qui
1188 4365 1353 4442 decretus
1367 4377 1421 4443 est
1437 4368 1508 4441 sin·

286 4469 633 4565 guliseoclesiarnm
646 4474 782 4563 officiis,
796 4474 911 4573 utqui
924 4476 1172 4566 diaeonusest,
1185 4477 1322 4552 diaconi
1336 4478 1505 4554 honorem
