3608 5498
814 403 855 417 -
879 368 919 434 21
951 403 988 414 ..

289 494 340 566 De
357 490 416 567 his
434 489 496 588 qui
514 498 702 587 parentum
721 489 984 576 defunctorum,
1000 488 1060 563 vel
1077 513 1162 562 suas
1187 486 1383 563 oblationes
1400 489 1513 565 eccle·

359 606 421 679 sire
437 604 618 678 auferunt.
636 604 721 702 Cap.
739 606 857 677 XXV.
875 604 1010 676 XXVI.

287 722 338 795 De
354 719 412 793 his
428 719 490 817 qui
506 717 609 791 iussu
627 718 685 792 vel
711 716 901 812 largitione
926 717 1129 816 principum
1156 743 1211 793 res
1236 717 1397 794 eoclesiae
1423 718 1510 795 filiis

359 831 435 906 suis
451 830 669 929 relinquunt.
687 831 771 927 Cap.
788 831 915 904 XLIII.

288 948 337 1021 Ut
349 945 523 1044 processIo
536 945 656 1044 populi
668 945 854 1020 auferatur
868 944 913 1038 ab
925 944 1088 1034 ecclesia,
1101 945 1206 1022 cuius
1218 945 1412 1022 oblationes
1425 946 1509 1022 laici
1663 1033 1668 1041 Ι

359 1060 553 1158 accipiunt.
572 1062 656 1158 Cap.
673 1060 786 1135 XCV.

287 1177 338 1250 De
356 1175 541 1249 fructuum
559 1173 804 1249 oblationibus,
822 1173 907 1273 Cap.
925 1175 1041 1249 XIIII.

288 1290 410 1365 Dahis
427 1291 487 1388 qui
506 1315 563 1364 res
580 1289 740 1365 ecclesiae
756 1289 928 1363 auferunt
944 1300 980 1361 et
997 1286 1251 1364 ecclesiasticis
1269 1289 1439 1364 iniuriam
1458 1290 1476 1363 f
1497 1333 1511 1345 ·
1555 1308 1558 1312 ’

359 1405 471 1479 ciunt.
489 1405 574 1501 Cap.
591 1407 745 1478 XXXII.
764 1407 801 1478 L.
819 1403 1019 1475 LXXXVI.
1037 1403 1292 1477 LXXXVIIII.

294 1517 720 1617 Dehisquiocclosiaevel
734 1516 829 1593 clero
843 1514 1014 1587 iniuriam
1027 1514 1340 1613 faciuntpublicis
1353 1525 1389 1590 et
1400 1515 1513 1592 eccle·

363 1632 520 1708 siasticis
536 1631 679 1727 legibus
696 1638 937 1705 coerceantur.
951 1629 1035 1724 Cap.
1046 1630 1244 1703 LXXXVI.
1258 1631 1511 1704 LXXXVIIII.

364 1746 511 1822 XCVII.
529 1747 694 1821 XCVIII.
712 1745 932 1820 CXXXIIII.
950 1741 1188 1817 CXXXVIII.
1207 1744 1463 1819 CXXXVIIII.

288 1862 377 1934 Item
395 1860 437 1934 de
455 1861 575 1934 eodem
593 1861 631 1934 in
647 1859 707 1932 lib.
726 1860 811 1932 IlII⁰
829 1881 903 1954 cap.
921 1855 990 1931 CL.
1008 1857 1134 1929 XLIII.
1152 1855 1292 1931 CLIIII.
1310 1857 1415 1933 CLV.

287 1974 339 2047 De
364 1970 420 2045 his
445 1972 507 2071 qui
531 1996 602 2046 non
627 1971 863 2069 corriguntur
896 1969 1105 2044 sacerdotali
1134 1970 1398 2046 ammonitione.
1425 1972 1510 2070 Cap.

289 2200 340 2274 De
359 2198 571 2274 auctoritate
588 2199 862 2297 privilegiorum
879 2197 1049 2273 ecclesia.
1067 2199 1152 2297 Cap.
1170 2201 1342 2276 XXVIII.
1357 2202 1511 2275 XXXV.

364 2316 508 2387 LXVII.
525 2315 761 2387 LXXXVIII.
779 2313 871 2388 CVI.
889 2309 1108 2388 CXXXIIII.

289 2429 341 2503 De
358 2427 479 2503 eodem
497 2426 536 2500 in
553 2429 603 2501 Il⁰
621 2427 680 2501 lib.
698 2452 774 2524 cap.
792 2431 937 2507 XLIIII.
956 2431 994 2504 in
1012 2431 1098 2504 IIll⁰
1117 2429 1186 2504 CL.

290 2541 391 2628 Quod
407 2543 476 2615 IIII
494 2541 671 2638 portiones
689 2542 765 2617 lieri
782 2543 912 2620 debent
929 2544 1068 2621 redditu
1087 2553 1124 2619 et
1140 2542 1316 2619 oblatione
1342 2543 1512 2620 fidelium.

361 2656 445 2753 Cap.
463 2657 651 2729 XXXVII.
669 2657 876 2733 XXXVIII.
893 2662 1057 2734 LXVIII.
1075 2661 1222 2734 LXXX.
1240 2661 1423 2733 LXXXV.

288 2774 387 2861 Quod
404 2777 562 2848 Romano
579 2774 744 2850 Pontifici
762 2800 832 2851 non
850 2777 957 2853 liccat
975 2772 1231 2871 perpetualiter
1247 2770 1404 2847 alienare
1426 2796 1513 2871 prae

360 2887 460 2962 dium
478 2891 645 2963 Romana
662 2889 843 2966 Ecclesia.
862 2893 949 2988 Cap.
965 2890 1191 2964 XXXVIIII.
1209 2897 1246 2962 et
1263 2888 1408 2961 XLIIII.

290 3002 390 3090 Quod
425 3027 483 3078 res
518 3026 589 3078 non
626 3002 734 3079 liceat
770 3004 826 3079 illi
865 3002 1120 3104 perpetualiter
1157 3010 1387 3078 commutare.
1426 3002 1511 3101 Cap.

364 3118 590 3191 XXXVIIII.

292 3230 430 3319 Quibus
446 3231 554 3307 liceat
570 3232 624 3306 illi
642 3234 727 3310 dare
743 3234 782 3307 in
799 3261 905 3309 usum
923 3235 1083 3308 fructum
1105 3256 1190 3306 rura
1215 3229 1374 3306 eiusdem
1401 3229 1513 3306 eccle·

363 3347 434 3420 siae.
452 3346 537 3443 Cap.
554 3348 626 3422 eod.
644 3359 679 3423 et
697 3351 794 3422 VIII.
811 3360 848 3424 et
865 3350 1009 3423 XLIIII.

292 3464 344 3536 De
357 3460 635 3537 commodatione
647 3463 831 3538 domorum
844 3461 1001 3538 eiusdem
1015 3460 1513 3559 ecclesiae.oap.xxxvl111.

292 3575 392 3664 Quod
409 3574 635 3675 Presbyteris
648 3581 745 3651 Rom.
758 3576 930 3653 Ecclesia
942 3601 1013 3651 non
1026 3575 1134 3652 liceat
1146 3576 1339 3675 quicquam
1355 3573 1513 3650 alienare

362 3689 404 3764 do
424 3689 529 3764 rebus
546 3689 714 3766 eiusdem.
731 3691 816 3788 Cap.
833 3691 891 3766 CI.
907 3692 981 3765 XL.

292 3804 379 3890 Quae
395 3801 481 3878 licet
498 3802 571 3877 illis
587 3802 745 3879 alienare
763 3804 805 3879 de
823 3803 941 3878 titulis
957 3801 1044 3876 suis.
1062 3803 1147 3901 Cap.
1164 3801 1238 3875 eod.

292 3919 370 4003 Qua
387 3939 458 3990 non
476 3916 563 3993 licet
578 3917 653 3993 illis
675 3928 844 4017 perpetuo
868 3917 1024 3993 alienare
1049 3915 1092 3991 de
1118 3915 1250 3991 eisdem
1275 3912 1403 3989 titulis.
1429 3914 1513 4013 Cap.

364 4029 450 4104 item
468 4030 506 4102 in
523 4031 654 4107 eodem.

291 4143 345 4218 De
360 4141 554 4218 alienatore
572 4144 731 4218 omnium
750 4145 1010 4243 predictorum.
1027 4146 1113 4243 Cap.
1135 4167 1204 4244 quo
1220 4168 1329 4242 supra
1353 4152 1390 4219 et
1415 4146 1512 4218 VIII.

364 4267 400 4332 ot
418 4259 490 4331 LII.
507 4268 544 4334 et
560 4262 650 4334 LIII.
667 4269 703 4335 et
719 4262 827 4335 Lllll.
844 4271 880 4336 et
896 4262 969 4334 LV.

292 4372 345 4446 De
361 4371 643 4559 ἓοὶὲἒέρδῧθτὴ
660 4382 696 4450 et
712 4374 899 4473 acceperit.
918 4375 1003 4473 Cap.
1020 4375 1065 4448 X.
1083 4384 1120 4450 et
1136 4375 1228 4450 XLI.
1245 4382 1281 4450 et
1293 4374 1513 4452 CXXXVII.
