3608 5498
807 402 1002 463 -lle-

829 528 976 648 olxvr.

384 763 582 860 Gregorius
600 764 819 857 Theodoritp,
836 762 1026 849 Demetrio,
1044 762 1218 861 Philippo,
1236 761 1367 838 Zenoni
1393 771 1428 836 et
1453 761 1517 835 Al·

288 878 400 953 cisoni
419 879 602 977 Episcopis
622 880 745 978 Epyri.
764 879 985 977 Scriptorum
1004 887 1205 952 vestrorum
1223 876 1419 950 insinuatio
1442 875 1514 949 fra·

287 1001 342 1065 ter
359 991 550 1067 karissime
568 993 736 1090 patefecit
755 992 932 1068 Andream
951 992 1232 1067 Nicomeditanae
1249 990 1410 1065 civitatis
1431 989 1515 1086 Epi-

289 1129 433 1203 scopum
454 1108 525 1180 Deo
543 1107 692 1204 propitio
709 1105 929 1181 sollemniter
946 1105 1160 1180 ordinatum.
1177 1105 1247 1180 Cui
1266 1104 1429 1180 Palloum
1450 1126 1515 1177 nos

288 1218 458 1293 direxisse
475 1220 690 1315 cognoscite,
707 1232 815 1318 atque
832 1231 965 1294 cuncta
982 1219 1175 1320 privilegia
1194 1221 1411 1294 concessisse
1434 1241 1515 1316 quae

288 1332 561 1431 praedecessores
579 1334 691 1409 nostri
710 1335 789 1409 eius
805 1334 1121 1433 praedecessoribus
1138 1332 1379 1408 contulerunt.

814 1562 980 1646 elxvss.

383 1786 580 1882 Gregorius
597 1785 746 1860 Iohanni
772 1789 943 1889 Episcopo
961 1789 1238 1864 Corinthiorum.
1261 1792 1358 1864 Inter
1376 1800 1515 1864 caetera.

288 1899 444 1972 Pallium
462 1923 546 1973 vero
563 1901 658 1974 sicut
674 1925 737 1999 per
754 1900 940 1999 epistolam
958 1913 1115 1978 vestram
1130 1928 1239 2002 qnam
1255 1927 1317 2002 per
1332 1904 1514 1977 Andream

287 2013 433 2088 fratrem
444 2025 480 2088 et
489 2013 734 2114 coepiscopum
753 2026 915 2089 nostrum
928 2017 1152 2116 suscepimus
1165 2017 1372 2117 postulastis
1382 2014 1516 2092 direxi·

288 2153 378 2200 mus.
397 2130 473 2214 Quo
490 2150 554 2200 vos
571 2128 621 2201 ita
640 2127 692 2200 nti
712 2152 856 2203 necesse
869 2140 924 2203 est
938 2129 1033 2203 sicut
1046 2130 1318 2229 predecessores
1331 2129 1442 2205 vestri
1458 2127 1515 2201 nsi

288 2243 565 2317 concedentibus
583 2242 713 2317 nostris
726 2242 1045 2341 predecessoribus
1063 2243 1312 2342 approbantur.
1330 2244 1427 2318 Idem
1448 2245 1515 2315 Re·

288 2355 328 2452 gi
343 2360 573 2431 Francorum.
590 2358 689 2450 luter
703 2367 842 2430 caetera.
857 2358 980 2431 Prisca
995 2357 1212 2432 consuetudo
1225 2349 1390 2456 optinuit,
1403 2354 1516 2430 utho

288 2493 353 2543 nor
377 2470 482 2569 pallei
500 2469 612 2544 nostri
638 2469 708 2542 nisi
734 2470 963 2567 exigentibus
980 2495 1171 2543 causarum
1199 2470 1336 2544 meritis
1362 2480 1397 2544 et
1417 2467 1517 2543 lorti·

289 2595 344 2658 ter
362 2583 557 2683 postulanti
575 2583 651 2656 dari
671 2608 740 2657 non
759 2585 892 2660 debeat.

772 2793 775 2800 '
805 2811 991 2895 corun.

386 3031 586 3127 Gregorius
604 3029 752 3104 Iohanni
772 3030 944 3127 Episcopo
960 3030 1172 3103 Ravennati.
1190 3033 1273 3103 Post
1288 3056 1410 3129 panca.
1429 3033 1512 3105 Per-

290 3155 438 3218 venerat
451 3168 606 3241 namque
622 3144 667 3216 ad
681 3166 744 3216 nos
758 3143 918 3241 quiedam
937 3142 974 3214 in
993 3143 1144 3218 ecclesia
1162 3155 1282 3219 vestra
1295 3152 1418 3221 contre
1432 3167 1514 3219 con·

289 3258 496 3332 suetudines
513 3269 620 3356 atque
638 3256 854 3330 humilitatis
872 3257 1055 3330 tramitem
1073 3257 1165 3352 geri,
1183 3282 1262 3356 quae
1275 3257 1349 3332 sola
1366 3269 1407 3331 ut
1422 3257 1514 3333 bene

288 3372 380 3444 nosti
406 3382 460 3445 est
476 3371 634 3446 officium
652 3371 869 3446 sacerdotale
887 3370 1029 3445 erectio.
1047 3375 1134 3458 Quae
1152 3370 1182 3445 si
1200 3372 1375 3469 sapientia
1393 3382 1513 3447 vestre

290 3494 473 3558 mansuete
491 3485 550 3559 vel
567 3510 651 3560 cum
664 3483 855 3582 episcopali
870 3484 1069 3581 suscepisse
1084 3484 1201 3558 studio
1219 3509 1288 3559 non
1306 3486 1348 3560 de
1366 3484 1439 3558 illis
1455 3509 1514 3561 ac·

288 3595 391 3669 cendi
409 3595 590 3683 debuerat,
607 3597 668 3670 sed
685 3604 889 3695 oportuerat
906 3605 941 3670 te
966 3595 1042 3671 haeo
1060 3597 1180 3672 eadem
1198 3624 1282 3674 curn
1308 3598 1512 3694 gratiarum

289 3708 428 3783 actione
441 3711 632 3805 corrigere.
650 3710 786 3784 Contra
803 3733 936 3784 morem
955 3710 1084 3808 quippe
1101 3711 1384 3787 ecclesiasticum
1401 3722 1464 3800 est,
1482 3713 1514 3785 si

289 3845 360 3895 non
380 3823 640 3920 patientissime
657 3823 844 3898 tolleretur
862 3823 955 3920 quod
972 3850 993 3897 a
1010 3824 1110 3898 nobis
1135 3824 1230 3898 absit
1246 3825 1354 3899 etiam
1372 3822 1516 3899 iniuxta'
1542 3831 1545 3836 '

288 3936 470 4033 correptio.
482 3939 572 4011 ltem
586 3937 624 4009 in
638 3937 770 4011 eadem.
784 3934 917 4010 Nullus
932 3938 1224 4036 Metropolitanus
1245 3941 1282 4012 in
1296 3938 1514 4037 quibuslibet

291 4051 415 4124 mnndi
433 4050 594 4147 partibus
607 4061 662 4127 est
678 4050 835 4138 auditus,
848 4058 948 4123 extra
961 4051 1152 4125 Missarum
1168 4063 1308 4150 tempus
1325 4078 1431 4126 usum
1445 4051 1514 4126 sibi

291 4161 392 4259 pallii
410 4163 628 4240 vendicasse.
646 4167 692 4238 Et
705 4163 809 4237 infra.
827 4162 918 4236 Illud
932 4177 1051 4241 autem
1069 4190 1149 4264 qure
1161 4190 1223 4264 pro
1241 4166 1405 4242 utendos
1419 4165 1515 4242 clero

294 4284 410 4349 vestro
428 4277 606 4373 mappulis
619 4276 824 4373 scripsistis,
836 4301 858 4349 a
871 4281 1002 4354 nostris
1014 4291 1069 4354 est
1085 4280 1227 4355 clericis
1245 4281 1383 4355 sortiter
1395 4279 1516 4354 obvie-

291 4396 368 4462 tum
380 4389 583 4466 dicentibus
597 4392 688 4465 nulli
698 4391 764 4466 hoo
775 4415 932 4488 unquam
947 4391 1011 4464 alii
1023 4389 1172 4491 cuilibet
1180 4413 1388 4466 concessum
1401 4391 1515 4465 fuisse

292 4504 471 4579 acclesiae.
488 4508 564 4580 Nec
582 4508 810 4580 Ravennates
826 4503 975 4580 clericos
992 4503 1050 4577 vel
1063 4502 1140 4577 illic
1156 4502 1215 4577 vel
1233 4503 1271 4575 in
1289 4506 1446 4578 Romana
1463 4503 1515 4578 ci·
1547 4600 1552 4609 1
