3608 5498
681 457 715 470 -
747 423 879 490 257-

170 543 285 618 iratus
302 546 399 618 Deus
416 544 556 619 animas
573 544 740 642 percutit,
756 545 984 621 anathemate
1001 543 1160 619 feriatur.
1183 543 1307 642 Sitque
1331 567 1389 619 ac·

167 657 329 756 cipienti,
345 657 404 732 uel
421 656 670 747 subscribenti,
687 657 781 733 idem
799 657 842 733 de
864 657 1022 756 personis
1046 658 1212 757 superius
1236 681 1390 755 compre·

167 769 290 845 heusis
307 795 397 870 quas
414 770 641 847 anathemate
654 771 754 847 feriri
768 771 985 862 censuimus,
997 771 1036 845 in
1053 780 1296 871 statutapaeua
1309 794 1391 848 con·

169 884 388 975 tubernium,
404 896 547 961 servata
564 911 672 984 quam
690 886 929 985 praemisimus
946 885 984 959 iu
1006 884 1200 961 alienatore
1216 884 1387 975 vindicta,

168 998 239 1071 nisi
257 997 346 1072 forte
363 1009 399 1074 et
415 999 588 1074 alienator
605 999 674 1074 sibi
691 1001 777 1075 dum
796 1000 936 1100 repetit,
952 1008 988 1076 et
1004 999 1068 1098 qui
1084 998 1263 1098 acceperit
1279 999 1394 1075 celeri

169 1111 392 1188 restitutione
409 1114 636 1211 prospexerit.

629 1334 632 1338 Α
723 1240 831 1325 XLII.

688 1419 723 1469 tn
741 1418 866 1472 eadem.

260 1571 359 1658 Quod
376 1571 406 1646 si
424 1571 558 1648 minore
570 1574 700 1647 anima
712 1599 786 1647 suec
799 1597 886 1648 eura
899 1572 967 1647 sibi
980 1570 1170 1670 quisquam
1189 1569 1386 1646 remedium

165 1684 322 1759 oblatum
341 1687 431 1762 forte
449 1685 659 1782 neglexerit,
672 1710 778 1784 super
793 1712 964 1787 penarum
977 1709 1113 1783 genera
1126 1710 1205 1785 quae
1221 1689 1387 1785 superius

165 1808 334 1874 tenentur
350 1799 519 1898 ascripta,
535 1810 658 1874 eontra
675 1800 730 1874 fas
752 1801 892 1900 siquod
915 1812 1126 1901 conceptum
1152 1801 1263 1876 fuerit
1286 1801 1390 1877 docu-

166 1925 340 2006 mentum,
357 1915 538 1990 univcrsis
555 1916 694 1990 iuribus
712 1915 880 2013 quamvis
896 1915 942 1990 ab
958 1914 1061 1989 initio
1077 1913 1197 1988 nullos
1221 1913 1388 1990 habuerit

164 2030 313 2104 effectus
334 2029 571 2105 exinaniatur.
597 2028 665 2105 Sed
687 2028 795 2104 liceat
818 2028 1105 2128 quibuscumque
1122 2027 1387 2104 aeclesiasticis

163 2144 324 2243 personis
340 2168 464 2220 vocem
484 2143 776 2220 contradictionis
791 2144 927 2233 offerre,
945 2154 981 2219 et
999 2142 1252 2219 aecclesiastica
1267 2152 1388 2218 aucto

164 2259 269 2334 ritate
279 2259 412 2350 fulciri,
421 2261 472 2335 ita
483 2270 523 2334 ut
532 2284 615 2334 eum
630 2258 808 2333 fructibus
822 2259 931 2356 possit
943 2257 1098 2333 alienata
1108 2281 1300 2356 reposcere.
1309 2259 1385 2332 Nee

162 2371 282 2471 aliquo
298 2398 336 2448 sc
353 2383 436 2449 ante
454 2372 613 2449 tribunal
630 2371 767 2448 Christi
784 2370 966 2447 obstaculo
983 2369 1133 2460 muniat,
1145 2371 1230 2469 quia
1243 2369 1386 2466 religio·

162 2484 212 2558 sis
228 2485 417 2560 animabus
434 2486 478 2561 ad
496 2485 733 2560 substantiam
752 2508 951 2585 pauperum
972 2484 1155 2576 derelicta,
1180 2493 1304 2560 contra
1329 2484 1385 2559 fas

161 2599 237 2674 sinc
253 2598 374 2698 aliqua
390 2599 669 2675 consideratione
686 2597 871 2697 dispergit.

711 2765 835 2850 XLIII.

271 2931 320 2983 Ex
337 2929 383 2982 v1
401 2928 533 2994 syuodo
553 2928 705 2994 symachi
722 2930 824 2994 Papae
842 2928 1077 2994 episcoporum
1095 2925 1264 2980 ccxv111.
1372 3005 1374 3008 Ι

255 3063 461 3163 Symacbus
481 3063 653 3140 aecclesiae
678 3064 873 3162 Episcopus
897 3062 1092 3139 catholice
1116 3061 1225 3139 Urbis
1249 3063 1381 3148 Rornae,

159 3176 259 3253 dixit.
276 3179 314 3251 Si
332 3177 389 3252 his
406 3179 468 3276 qui
486 3203 543 3253 res
556 3178 620 3252 Dei
634 3179 813 3276 competit,
829 3177 868 3252 in
880 3176 962 3251 aliis
975 3200 1083 3275 quam
1098 3175 1159 3250 ubi
1171 3175 1296 3272 agitur
1309 3197 1383 3247 rna·

159 3291 254 3365 xime
268 3289 357 3366 solet
368 3290 558 3366 territoriis
570 3292 792 3382 commorari,
805 3291 1022 3367 sacerdotem
1035 3289 1103 3365 loci
1115 3289 1229 3388 ipsius
1240 3288 1302 3364 ubi
1318 3285 1382 3362 ha·

157 3404 260 3494 bitat,
273 3404 671 3503 episeopusbuiusmodi
682 3406 860 3504 pravitate
869 3413 1105 3503 contemptus,
1116 3403 1292 3501 neglecta
1304 3425 1382 3502 per·

159 3542 253 3595 souae
270 3520 401 3596 litteris
418 3521 541 3596 reddat
563 3520 792 3596 instructum.
817 3523 920 3594 Tune
943 3517 1094 3593 antistes
1119 3517 1235 3618 ipsius
1256 3513 1380 3592 fratris

158 3633 337 3709 anxietate
355 3642 545 3731 comperta,
562 3641 626 3707 aut
643 3657 867 3730 pervasorem
893 3657 1014 3708 rerum
1039 3631 1298 3708 dominicarum
1319 3628 1381 3704 ad·

159 3746 351 3822 monitione
368 3747 539 3844 eorrIgat,
557 3756 622 3822 aut
638 3756 832 3846 praetaxata
857 3744 1029 3821 canoniea
1053 3744 1273 3844 correptione
1298 3766 1380 3819 con·

159 3861 334 3958 dempuet.
347 3860 450 3937 Unde
463 3870 499 3936 et
512 3861 550 3935 iu
563 3860 759 3937 canonibus
771 3862 809 3935 iu
819 3857 1043 3954 Grangrensi
1060 3856 1222 3934 aeoclesia
1234 3860 1380 3957 Aposto

156 3973 227 4050 lica
243 3974 457 4050 auctoritate
475 3975 637 4066 conditis,
653 3975 696 4051 de
713 3976 899 4049 fructuum
917 3969 1153 4048 oblationibus
1169 3995 1249 4070 quae
1274 3970 1380 4045 mini·

156 4088 242 4162 stris
258 4087 429 4163 aecclesiae
445 4086 630 4176 debentur,
647 4089 743 4164 etde
760 4087 818 4161 his
835 4111 914 4185 quae
931 4087 968 4160 in
983 4112 1071 4161 usus
1083 4109 1280 4185 pauperum
1297 4107 1380 4161 eon·

155 4198 514 4296 feruntur,scriptum
529 4199 718 4274 conferunt
731 4199 893 4275 habetur.
902 4201 941 4275 Si
955 4200 1036 4298 quis
1048 4199 1241 4274 oblationes
1254 4198 1377 4274 aeccle·

156 4313 218 4387 siae
235 4313 397 4412 accipere
413 4311 473 4387 uel
490 4312 573 4387 dare
590 4312 756 4402 noluerit,
778 4322 907 4409 preter
931 4310 1086 4409 episcopi
1111 4310 1378 4400 conscientiam,

156 4425 214 4498 vel
227 4425 305 4500 eius
318 4424 423 4499 cuius
435 4423 682 4500 huiuscemodi
695 4434 781 4500 sunt
792 4426 908 4502 officia
921 4425 1379 4516 commissa,ueccumeius

156 4536 311 4612 voluerit
322 4559 431 4633 agere
444 4537 603 4627 consilio,
615 4536 806 4613 anathema
818 4537 876 4612 sit.
890 4541 936 4612 Et
948 4536 1080 4613 iterum
1094 4537 1131 4612 in
1148 4536 1269 4614 mdem
1288 4537 1379 4612 Con·

1162 4651 1196 4706 tr
