3608 5498
801 412 841 427 -
866 378 932 444 312
957 413 997 428 -

715 524 718 529 ’
824 550 974 635 oxrvr.

292 732 341 783 Ex
353 730 482 796 legibus
495 729 727 796 tmperatorum
740 727 892 781 videlicet
903 729 1008 782 caroli
1021 728 1055 782 et
1066 726 1261 781 Hludouuici
1274 727 1508 795 imperatorum

802 818 894 870 xxx
920 819 990 870 Vn.

385 954 622 1031 Decernimus
637 962 674 1030 et
690 952 860 1030 continua
884 953 968 1051 lege
992 952 1186 1043 sancimus,
1203 962 1244 1027 ut
1266 952 1328 1051 qui
1353 952 1510 1029 decimas

291 1079 369 1168 post
393 1067 626 1145 creberrimas
651 1067 908 1143 admonitiones
933 1077 969 1144 et
994 1066 1261 1165 predicatioues
1285 1067 1508 1143 sacerdotum

288 1184 372 1259 dare
396 1180 637 1279 neglexerint,
653 1181 1018 1258 excommunicentur.
1043 1185 1292 1257 loramentum
1327 1205 1411 1257 vero
1436 1204 1506 1255 non

292 1296 573 1394 costringantur,
587 1305 726 1395 propter
739 1297 940 1394 periculum
954 1295 1114 1394 periurii.
1131 1299 1221 1372 Item
1239 1295 1277 1369 in
1295 1295 1429 1371 eisdem
1447 1295 1509 1370 lib.

289 1414 334 1500 V,
351 1434 427 1508 cap.
448 1413 490 1485 V.
506 1413 557 1485 De
582 1409 640 1482 his
664 1408 727 1508 qui
751 1410 907 1486 decimas
932 1411 1002 1485 iarn
1029 1435 1091 1509 per
1109 1409 1239 1486 multos
1255 1433 1366 1485 annos
1383 1426 1448 1484 aut
1464 1435 1508 1486 ex

291 1532 392 1621 parte
409 1531 473 1597 aut
490 1548 534 1598 ex
551 1532 622 1598 toto
638 1523 721 1598 dare
740 1523 966 1621 neglexerint
987 1525 1155 1601 volumus
1171 1534 1213 1600 ut
1229 1550 1290 1623 per
1308 1524 1433 1600 missos
1450 1549 1509 1600 no·

292 1647 384 1712 stros
401 1637 672 1734 costringantur
689 1663 802 1736 usque
826 1640 870 1713 ad
896 1639 1186 1715 emendationem.
1203 1642 1293 1714 Item
1318 1639 1358 1713 in
1374 1638 1505 1714 eisdem

288 1776 365 1849 cap.
390 1754 453 1825 Vl.
478 1750 703 1848 Quicumque
729 1775 813 1826 vero
836 1752 995 1828 decimas
1019 1752 1194 1827 abstrahit
1211 1753 1255 1829 de
1276 1750 1438 1842 ecclesia,
1463 1753 1508 1827 ad

288 1890 393 1963 quam
412 1890 474 1964 per
491 1862 666 1939 iustitiam
685 1864 788 1940 debet
804 1864 893 1954 dari,
910 1875 946 1941 et
962 1889 1040 1940 eam
1055 1875 1334 1963 presumptuose
1351 1875 1415 1938 aut
1432 1888 1509 1962 pro-

289 1986 367 2076 pter
384 2002 546 2064 munera,
565 1986 629 2051 aut
646 1977 856 2068 amicitiam,
873 1978 931 2054 vel
949 1978 1058 2052 aliam
1077 1978 1272 2077 quamlibet
1288 1978 1508 2054 occasionem

288 2094 334 2168 ad
352 2093 499 2169 alteram
520 2093 720 2170 aeclesiam
742 2094 889 2184 dederit,
902 2120 924 2168 a
939 2094 1066 2170 comite
1085 2093 1142 2170 vel
1160 2120 1182 2169 a
1200 2093 1307 2168 misso
1324 2102 1442 2167 nostro
1458 2091 1509 2166 di·

288 2206 503 2304 stringatur,
521 2217 562 2283 ut
578 2207 737 2284 eiusdem
753 2207 900 2284 decimae
917 2208 1151 2307 quantitatem
1172 2233 1253 2283 cum
1273 2232 1338 2281 sua
1356 2206 1437 2302 lege
1456 2231 1508 2281 re·

289 2321 427 2398 stituat.

811 2524 978 2610 CXLVII.

236 2779 241 2794 .
287 2747 368 2800 Item
382 2759 423 2800 ex
436 2746 569 2812 legibus
581 2746 735 2801 Romanis
748 2758 768 2799 a
781 2747 901 2800 domno
914 2748 1068 2801 Lethario
1081 2748 1277 2815 imperatore
1289 2747 1505 2812 promulgatis

794 2847 868 2902 cap.
896 2838 999 2889 vrr11.

383 3021 433 3094 Ut
449 3016 564 3092 omnis
580 3017 769 3094 decimatio
786 3016 958 3118 episcopo,
975 3018 1032 3093 vel
1050 3018 1082 3093 ei
1100 3016 1161 3116 qui
1178 3018 1223 3093 ab
1235 3041 1276 3093 eo
1288 3017 1508 3092 substitutus

287 3141 342 3206 est
366 3130 576 3230 prebeatur,
594 3129 787 3228 nullusque
813 3156 892 3206 eam
914 3156 989 3206 sure
1006 3130 1176 3230 cappellae
1192 3131 1262 3205 nisi
1280 3131 1508 3206 concessione

288 3245 345 3321 sui
371 3244 527 3346 episcopi
552 3245 721 3321 conferat.
741 3244 910 3342 Alioquin
933 3246 1076 3342 legibus
1100 3245 1268 3319 humanis
1292 3255 1508 3320 coerceatur.

289 3360 390 3446 Quod
415 3359 447 3432 si
472 3382 542 3433 non
567 3357 821 3447 emendaverit,
845 3359 890 3432 ab
914 3360 1076 3457 episcopo
1096 3358 1433 3435 excommunicetur.
1453 3360 1509 3433 Ad

286 3472 456 3548 ultimum
475 3472 553 3570 ipsa
569 3471 729 3570 cappella
747 3497 826 3570 quae
849 3472 968 3568 magis
992 3471 1253 3548 contentionem
1279 3496 1386 3569 quarn
1413 3471 1508 3547 utili·
1564 3572 1570 3584 ι

290 3596 400 3663 tatem
419 3594 575 3685 praestat,
592 3587 808 3662 destruatur.

787 3779 972 3864 Ollll'lll.

740 3982 896 4036 Eiusdem
909 3993 983 4048 cap.
996 3983 1052 4034 xl.

383 4145 422 4219 Si
440 4145 520 4244 quis
538 4152 743 4220 sanctorum
769 4153 911 4243 patrum
939 4144 1085 4242 regulas
1098 4147 1363 4244 contempserit,
1380 4155 1416 4222 et
1431 4146 1508 4243 glo

289 4257 563 4333 riosissimorum
589 4259 844 4357 imperatorum
871 4259 989 4335 Caroli
1014 4269 1051 4334 et
1077 4260 1296 4335 Hludouuici
1321 4272 1428 4358 atquc
1445 4263 1509 4335 Lo·

288 4371 410 4463 tharii,
423 4383 458 4450 et
471 4373 690 4450 Hludouuici
708 4373 773 4447 filii
790 4373 879 4464 eius,
891 4375 933 4449 de
947 4373 1095 4450 decimis
1112 4373 1148 4447 in
1166 4398 1289 4449 eorum
1303 4374 1508 4475 capitulari·

288 4486 357 4565 bus
374 4496 509 4565 statuta
526 4498 563 4565 et
579 4487 729 4580 sancita,
742 4512 810 4565 non
828 4488 1083 4581 observaverit,
1095 4488 1153 4569 vel
1168 4489 1321 4569 retinere
1338 4514 1507 4591 praesum·
