3608 5498
810 404 1006 466 -181-

839 624 970 708 XVHI.

655 821 704 871 Ex
723 819 854 872 concilii
873 818 1013 873 Asi-icant
1032 834 1104 889 cap.
1124 823 1163 872 x.

392 996 441 1068 Ut
457 993 642 1093 episcopus
659 994 793 1092 absque
810 995 1098 1095 presbyterorum
1113 1018 1259 1071 suorum
1274 996 1433 1086 concillo,
1447 998 1517 1074 cle·

296 1107 388 1183 ricos
404 1130 475 1181 non
491 1107 640 1196 ordinet,
653 1108 703 1183 ita
717 1117 759 1184 ut
770 1109 907 1183 civium
920 1110 1207 1186 convenientiam
1221 1120 1258 1186 ct
1270 1111 1514 1187 testimonium

295 1230 431 1318 querat.

829 1416 978 1500 XVIIII.

627 1615 676 1666 Ex
695 1613 826 1667 concilii
843 1613 1014 1666 Necessar.
1035 1625 1107 1678 cap.
1126 1613 1182 1665 XI.

391 1786 586 1882 Presbyter
601 1794 685 1862 ante
702 1787 811 1860 XXX
827 1785 943 1861 aetatis
960 1812 1034 1861 suae
1050 1811 1188 1860 annum
1202 1786 1412 1862 nullatenus
1424 1788 1516 1863 ordi-

295 1907 414 1987 netur,
431 1897 517 1973 licet
534 1898 638 1973 valde
655 1898 703 1974 sit
719 1898 863 1994 dignus.
876 1902 969 1972 Nam
987 1900 1161 1974 Dominus
1178 1901 1276 1976 Deus
1293 1910 1412 1976 noster
1442 1904 1516 1976 XX

295 2033 408 2086 annos
416 2011 523 2086 etatis
533 2037 607 2085 suae
616 2010 816 2109 baptizatus
828 2024 894 2101 est,
904 2022 941 2087 et
953 2014 1007 2086 sic
1020 2011 1115 2111 cepit
1127 2012 1260 2088 docere.
1270 2012 1417 2089 Diaconi
1430 2037 1514 2090 vero

297 2127 366 2199 VII
383 2125 512 2200 debent
528 2149 606 2200 esse
623 2125 723 2200 iuxta
742 2125 905 2221 regulam
922 2135 1071 2200 actuum
1091 2126 1348 2224 Apostolorum.

869 2319 945 2403 XX.

556 2518 605 2568 Ex
624 2515 759 2569 concilo
776 2509 965 2569 Antiochen.
985 2528 1057 2582 cap.
1077 2516 1132 2568 111.
1153 2516 1188 2569 et
1204 2518 1258 2569 VI.

390 2688 428 2761 si
446 2688 597 2786 quilibet
613 2713 657 2764 ex
674 2688 770 2764 clero
786 2687 824 2761 in
842 2687 914 2762 alia
932 2689 1126 2786 parraechia
1144 2691 1257 2766 multo
1273 2700 1429 2793 tempore
1443 2716 1514 2768 mo·

292 2811 404 2890 ratur,
418 2812 455 2876 et
467 2814 618 2878 vocante
632 2828 713 2878 eum
732 2802 893 2901 episcopo
905 2803 950 2877 ad
963 2803 1140 2902 propriam
1153 2804 1384 2902 parraechiam
1398 2806 1514 2882 redire

291 2917 554 3015 contempserit,
570 2942 591 2990 a
609 2917 809 2992 ministerio
827 2925 1053 2992 removeatur
1070 2916 1203 3015 absque
1222 2918 1456 2994 restitutione.
1473 2919 1513 2994 Si

291 3054 375 3106 vero
391 3055 453 3132 pro
465 3031 533 3107 hae
546 3057 656 3107 causa
669 3032 905 3130 dampnatum
918 3031 1011 3106 alter
1023 3031 1220 3129 Episcopus
1233 3031 1441 3129 susceperit,
1458 3055 1515 3108 co·

291 3156 454 3221 erceatur
469 3171 491 3219 a
508 3146 651 3244 synodo.
670 3146 709 3219 Si
727 3146 808 3244 quis
824 3155 945 3220 autem
962 3169 983 3217 a
1001 3145 1139 3244 proprio
1161 3145 1334 3243 Episcopo
1358 3169 1514 3221 commu·

290 3258 394 3334 nione
421 3259 585 3356 privatus
602 3270 667 3348 est,
684 3282 753 3333 non
772 3268 855 3333 ante
873 3257 1046 3355 suscipiat
1071 3256 1116 3330 ab
1140 3257 1222 3331 aliis
1246 3281 1355 3356 quam
1376 3281 1440 3333 suo
1460 3283 1513 3334 re·

292 3371 504 3446 concilietur
521 3372 694 3470 episcopo,
710 3383 774 3447 aut
792 3382 888 3447 certe
906 3372 951 3446 ad
969 3371 1145 3470 synodum
1164 3396 1243 3470 quae
1267 3382 1513 3469 congregatur

291 3510 484 3561 occurrens
497 3509 559 3584 pro
572 3511 608 3561 so
624 3486 833 3574 satisfaciat,
846 3495 882 3560 et
897 3484 1112 3583 persuadens
1124 3485 1287 3575 concillo,
1299 3485 1512 3561 sententiam

291 3600 464 3698 suscipiat
480 3601 641 3676 alteram.
655 3603 741 3676 Haec
757 3610 878 3675 autem
896 3599 1061 3675 diffinitio
1078 3610 1221 3675 maneat
1233 3600 1330 3677 circa
1343 3599 1463 3689 laicos,
1475 3610 1512 3676 et

292 3714 528 3812 presbyteros,
545 3724 580 3790 et
597 3715 773 3803 diaconos,
790 3736 981 3813 omnesque
1003 3714 1065 3813 qui
1091 3713 1159 3789 sub
1176 3713 1304 3811 regula
1321 3738 1398 3790 esse
1415 3737 1511 3790 mon·

293 3838 462 3905 strantue

851 4054 945 4138 XXI.

384 4282 549 4357 Clemens
566 4283 702 4372 Iacobo,
719 4283 814 4358 inter
830 4294 968 4359 caetcra.
986 4279 1024 4353 Si
1042 4279 1123 4378 quis
1140 4303 1185 4355 ex
1207 4277 1379 4352 fratribus
1403 4299 1510 4374 nego

288 4396 338 4470 tia
355 4395 488 4470 habent
506 4395 599 4470 inter
616 4421 666 4485 se,
682 4397 776 4496 apud
793 4397 995 4494 cognitores
1021 4393 1142 4469 saeculi
1168 4414 1238 4466 non
1255 4391 1508 4482 diiudicentur,

288 4507 349 4582 sed
365 4508 458 4604 apud
478 4507 701 4607 presbyteros
718 4509 889 4608 quicquid
906 4508 996 4582 illud
1012 4516 1069 4584 est
1084 4507 1283 4584 dirimatur.
1296 4510 1386 4582 Item
1400 4505 1439 4580 in
1451 4531 1508 4582 ea-
