3608 5498
809 396 1008 462 -35‘1-

298 543 398 595 ceses
411 541 481 593 non
495 542 573 594 esse
589 518 796 608 servandas,
813 543 939 594 varum
953 529 990 596 et
1007 520 1205 620 depropria
1218 522 1372 599 ecclesia
1385 547 1454 623 quc
1467 525 1523 601 illi

296 632 388 707 male
406 633 575 706 laverunt
591 630 790 706 omnimodo
806 631 1054 721 annitendum,
1076 643 1118 708 ut
1133 635 1253 709 etiam
1270 638 1521 714 auctoritatem

294 746 437 843 publiea
462 744 669 835 reiciantur,
686 755 794 844 atque
819 746 863 821 ab
880 745 968 844 ipsis
984 745 1241 845 principalibus
1266 749 1443 825 cathedris
1469 775 1522 828 re·'

294 868 513 935 moveantur.
530 858 699 934 Universi
721 858 1087 958 Episcopi-dixerunt.
1112 858 1257 936 Placet·
1270 860 1403 936 Placet.
1427 864 1519 938 ltem

293 973 331 1045 in
349 973 468 1048 eodem
486 997 530 1047 ex
546 996 622 1070 cap.
635 975 709 1046 LX.
730 972 823 1060 Quia
835 972 1098 1071 impletumest
1113 997 1202 1070 erga
1219 974 1431 1050 Donatistae
1448 979 1520 1076 epi·

293 1085 432 1185 scopale
457 1111 500 1161 ac
526 1085 715 1182 pacificum
741 1085 896 1160 officium
922 1097 958 1163 et
982 1086 1037 1160 illi
1060 1086 1121 1187 qui
1143 1087 1518 1187 veritatiresponderc

292 1198 536 1297 nequiverunt
547 1198 592 1273 ad
606 1199 782 1274 immanes
799 1198 989 1274 violentias
1006 1211 1093 1275 sunt
1109 1201 1284 1291 conversi,
1301 1201 1352 1276 ita
1371 1213 1410 1277 ut
1429 1203 1519 1279 mul·

294 1322 347 1386 tos
364 1311 554 1410 Episcopus
566 1321 602 1387 et
615 1309 782 1399 Clericos,
794 1322 838 1387 ut
848 1312 891 1387 de
903 1312 1006 1389 laicis
1019 1322 1213 1404 taceamus,
1226 1313 1366 1390 insidiis
1378 1340 1518 1415 oppres·

293 1423 1518 1525 serint,ecclesiasetiamaliquasinvaserint,Imperatorumclemen·

294 1539 354 1614 tiae
370 1549 424 1615 est
441 1539 513 1612 iam
530 1538 726 1626 consulere,
743 1547 784 1613 nt
802 1533 964 1613 Ecclesia
979 1525 1164 1614 catholica
1176 1563 1255 1637 quae
1268 1563 1326 1615 eos
1339 1541 1469 1636 gennit
1481 1551 1517 1617 et

292 1653 373 1729 fidei
394 1654 562 1727 firmitate
587 1652 753 1741 nutrivit,
777 1676 900 1727 eorum
925 1652 1035 1727 etiam
1060 1651 1303 1750 prospectione
1320 1654 1516 1745 muniatur,
1561 1675 1563 1679 ’

291 1793 336 1842 ne
361 1766 542 1842 temerarii
564 1765 724 1842 homines
741 1764 919 1863 religiosis
944 1765 1162 1866 temporibus
1181 1766 1346 1842 infirmos
1370 1768 1517 1867 populos

291 1880 453 1956 terrendo
478 1878 708 1977 praevaleant,
733 1878 900 1977 quoniam
918 1879 1094 1954 scandalo
1118 1879 1313 1977 depravare
1343 1904 1414 1956 non
1428 1906 1515 1980 pos·

292 2004 386 2069 sunt.
403 1998 496 2070 Nota
513 2005 568 2070 cst
585 1993 681 2069 enim
699 2004 736 2069 et
752 2018 834 2091 sepe
852 1991 995 2089 legibus
1012 1991 1235 2068 conclamata
1258 1993 1518 2071 circumcellio-

291 2132 467 2207 numqua
485 2108 626 2183 suriunt
642 2107 863 2183 detestabilis
881 2133 1022 2195 manus,
1035 2130 1114 2205 qnae
1131 2107 1239 2181 etiam
1251 2107 1414 2206 ipsorum
1433 2109 1517 2185 reli·

291 2223 474 2320 giosorum
493 2247 601 2321 supra
618 2221 821 2319 principum
835 2221 1083 2320 frequentibus
1095 2220 1341 2296 sanctionibus
1353 2223 1516 2298 condem-

290 2346 398 2434 pnata
415 2345 480 2411 est.
497 2335 680 2410 Adversus
697 2357 784 2432 quos
801 2333 957 2409 furorem
976 2358 1170 2432 possumus·
1182 2357 1252 2408 non
1273 2334 1428 2424 insolita,
1445 2360 1514 2412 nec

289 2475 311 2521 a
327 2450 517 2548 scripturis
534 2448 649 2525 sacris
660 2449 778 2524 aliena
791 2449 982 2547 impetrare
995 2447 1169 2548 praesidia,
1180 2447 1323 2546 quando
1334 2449 1513 2547 apostolus

293 2562 428 2637 Paulus
445 2563 540 2639 sicut
556 2563 594 2636 in
612 2562 754 2638 actibus
772 2561 1022 2661 Apostolorum
1044 2561 1207 2636 fidelibus
1224 2572 1348 2637 notum
1374 2573 1438 2652 est,
1464 2566 1482 2639 f
1500 2607 1515 2621 -

293 2676 485 2751 ctiosorum
499 2675 795 2775 conspirationem
810 2676 960 2751 militari
974 2677 1082 2752 etia-m
1096 2675 1276 2760 submovit
1287 2677 1430 2753 auxilio.
1443 2681 1513 2756 Sed

289 2816 352 2866 nos
365 2790 453 2865 illud
466 2791 641 2890 possimus
654 2802 695 2865 ut
708 2790 893 2866 catholicis
906 2790 1079 2868 aeclesiis
1092 2815 1153 2888 per
1166 2791 1334 2867 civitates
1346 2792 1512 2889 singulas

290 2918 326 2980 et
342 2904 544 2980 vicinarum
562 2930 871 3004 quarumcumque
897 2905 1155 3002 possessionum
1180 2929 1243 3003 per
1266 2905 1409 2981 diversa
1433 2905 1512 2982 loca

290 3018 367 3093 sine
382 3018 459 3107 ulla
471 3019 755 3094 dissimulatione
766 3018 878 3094 'tuitio
891 3018 1101 3116 praebeatur.
1114 3021 1162 3094 Et
1173 3018 1278 3093 infra.
1291 3018 1438 3095 Adhaec
1449 3044 1512 3094 au·

290 3143 361 3207 tem
378 3132 508 3221 omnia,
525 3132 687 3231 prasidio
703 3156 791 3231 opus
808 3142 863 3209 est
879 3142 1093 3232 potestatum
1111 3158 1259 3208 suarum
1286 3159 1510 3234 quarumque

290 3270 566 3344 provmc1arnm.

817 3319 980 3456 xxuu.

673 3551 723 3601 Ex
740 3550 846 3614 prima
864 3548 1005 3613 epistola
1023 3549 1125 3603 Pauli.

385 3703 545 3778 Subiecti
570 3712 682 3778 estote
706 3703 802 3778 omni
828 3701 995 3777 humana
1019 3712 1193 3779 creatura
1218 3716 1360 3803 propter
1381 3707 1509 3796 Deum,

289 3815 366 3890 sive
385 3815 464 3912 regi
481 3816 583 3914 quasi
601 3816 831 3916 precellenti,
844 3816 921 3892 sive
938 3816 1089 3892 ducibus
1107 3827 1290 3917 tamquam
1307 3818 1352 3895 ab
1369 3841 1410 3895 eo
1427 3818 1511 3894 mis-

289 3930 340 4004 sis
356 3929 402 4004 ad
418 3930 617 4006 vindictam
640 3931 924 4019 malefactorum,
940 3930 1080 4007 laudem
1106 3955 1192 4006 varo
1215 3932 1397 4009 bonorum.
1414 3933 1509 4020 Quia

289 4044 342 4121 sic
371 4054 426 4120 est
450 4043 618 4120 voluntas
635 4045 711 4120 Dei.
729 4049 776 4119 Et
799 4046 906 4144 paulo
934 4057 1021 4144 post.
1038 4050 1126 4134 Quas
1153 4047 1248 4123 enim
1274 4047 1391 4145 gloria
1407 4057 1462 4124 est
1476 4046 1509 4124 si

289 4167 478 4255 peccantes
503 4157 682 4256 punimini
702 4168 738 4234 et
753 4158 940 4235 suffertis?
965 4159 1003 4232 Si
1028 4160 1117 4235 bene
1141 4159 1315 4236 facientes
1331 4160 1509 4258 patimini,

289 4282 326 4346 et
342 4272 519 4369 patienter
536 4272 735 4359 sustinetis,
752 4272 829 4348 haec
854 4281 909 4348 est
933 4270 1054 4367 gratia
1078 4272 1173 4369 apud
1189 4273 1315 4348 Deum.
1331 4277 1379 4349 Et
1403 4273 1508 4349 infra.

290 4389 405 4461 Nemo
421 4394 584 4460 vestrum
601 4385 760 4485 patiatur
776 4385 879 4483 qnasi
896 4385 1084 4476 homicida,
1100 4397 1164 4462 aut
1190 4388 1260 4479 fur,
1276 4399 1341 4465 aut
1364 4388 1509 4466 maledi-

289 4524 366 4590 cus,
382 4509 446 4575 aut
473 4498 673 4577 alienorum
701 4499 884 4602 appetitor.
901 4500 941 4576 Si
969 4509 1088 4578 numm
1118 4512 1162 4580 ut
1187 4502 1419 4594 christianus,
1435 4526 1507 4580 non
