3608 5498
892 423 941 436 —
965 403 1060 454 Xt'Ill
1085 422 1134 435 -

399 537 623 632 Ballerini
641 537 890 661 opinentur
907 538 1147 659 exemplar
1163 537 1306 658 hujus
1325 531 1494 628 codicis
1511 559 1623 654 sup-

398 728 486 823 par
508 729 610 796 esse
641 699 730 822 ipsi
764 700 959 817 auctori,
982 699 1166 794 videtur
1197 702 1356 794 tamen
1390 698 1621 791 absonum

397 866 519 983 fidei,
542 866 665 989 quod
682 894 795 989 prae
818 866 963 960 oculis
987 866 1190 967 auctoris
1213 867 1311 959 tam
1333 863 1495 958 multis
1518 888 1620 955 sca

397 1029 493 1120 teat
532 1025 731 1141 mendis,
764 1054 819 1119 ac
860 1025 1095 1148 plerisque
1132 1027 1180 1119 in
1212 1024 1326 1119 locis
1358 1051 1526 1119 sensus
1559 1021 1621 1116 sit

397 1214 596 1281 mancus
630 1190 676 1281 et
707 1188 950 1282 obscurus.
986 1187 1287 1309 Quapropter
1318 1183 1536 1308 proprius
1568 1184 1623 1275 fi-

398 1347 505 1441 dem
536 1349 776 1469 putamus
799 1348 1002 1469 sequiori
1029 1375 1141 1443 aevo
1165 1349 1222 1441 ab
1249 1345 1464 1469 imperito
1492 1371 1621 1438 ama-

397 1536 576 1603 nuense
591 1506 734 1603 luisse
744 1509 1253 1632 transcriptum,quum
1265 1505 1494 1629 ejusmodi
1512 1507 1622 1598 cha-

397 1672 634 1764 racterum
678 1669 830 1765 torma
861 1671 1001 1765 etiam
1034 1671 1220 1765 saeculo
1263 1666 1526 1788 insequenti
1559 1666 1620 1759 sit

397 1829 618 1924 adhibita.
644 1829 780 1937 Quae
814 1832 1001 1954 quidem
1025 1832 1218 1925 assertio
1252 1858 1345 1923 non
1368 1832 1495 1922 caret
1516 1824 1621 1921 lun-

397 1991 629 2086 damento.
649 1993 775 2087 Nam
793 1994 841 2087 in
864 1994 1090 2117 principio
1110 1992 1292 2087 Codicis
1315 1991 1463 2086 nostri
1481 1962 1617 2085 Rom.

396 2154 682 2250 Pontificum
719 2156 940 2250 elenchus
978 2155 1296 2278 praeponitur,
1334 2156 1380 2249 ln
1424 2181 1515 2276 quo
1553 2153 1620 2246 sic

395 2321 597 2413 notatur.
622 2371 683 2387 -
705 2317 776 2411 HI
808 2319 971 2413 Victor
1003 2345 1065 2410 m.
1089 2317 1173 2411 ΙΠ.
1199 2319 1241 2411 d.
1267 2317 1351 2411 Ill.
1374 2371 1436 2387 -
1458 2316 1505 2411 Π
1529 2315 1621 2410 Ur-

395 2481 547 2574 banus
570 2479 657 2573 XI.
691 2507 754 2571 m.
788 2478 873 2573 ΙΙΙ.
907 2479 950 2573 d.
985 2478 1093 2571 XV.
1117 2531 1179 2547 -
1200 2478 1247 2573 ll
1280 2478 1539 2573 Paschalis.
1559 2530 1620 2546 -

396 2643 560 2751 Quum
593 2646 751 2737 autem
785 2671 928 2764 epona
959 2641 1269 2736 Pontificatus
1304 2641 1550 2736 Paschalis
1573 2671 1621 2735 o-

394 2806 626 2920 mittatur,
659 2810 846 2899 etcum
883 2833 936 2898 eo
975 2803 1156 2898 desinat
1199 2805 1441 2922 catalogus
1481 2804 1616 2898 Rom.

395 2966 696 3081 Pontificum,
728 2966 776 3059 ni
808 2964 1029 3081 fallimur,
1062 2966 1378 3088 consequitur,
1412 2965 1618 3061 codicem

396 3108 645 3225 exaratum
678 3128 820 3223 luisse
852 3131 911 3222 ab
935 3158 1010 3223 an.
1041 3127 1157 3263 1099
1179 3129 1238 3222 ad
1260 3159 1335 3225 an.
1365 3130 1496 3224 1118.
1520 3129 1621 3224 Dif-

395 3291 494 3385 cilis
526 3292 720 3412 insuper
741 3290 948 3384 lectionis
972 3291 1117 3384 codex
1141 3293 1212 3383 est
1233 3294 1286 3384 ut
1307 3291 1518 3411 dignosci
1540 3319 1622 3413 po-

393 3452 485 3544 test
506 3477 565 3543 ex
595 3449 849 3572 specimine
881 3451 1072 3545 alterius
1105 3479 1165 3546 ex
1185 3451 1388 3575 paginis
1421 3451 1546 3575 quod
1567 3451 1617 3546 in

394 3608 545 3704 fronte
577 3613 765 3704 nostrae
791 3611 1003 3706 editionis
1027 3612 1317 3708 exhibemus.
1343 3614 1469 3708 Huic
1490 3612 1622 3707 Vati·

395 3797 540 3863 canae
557 3769 872 3866 Bibliothecae
895 3769 1091 3867 sortasse
1114 3773 1310 3867 accessit
1327 3800 1436 3867 cum
1454 3772 1622 3867 codici-

394 3934 484 4029 bus
503 3933 640 4030 Oard.
659 3934 968 4049 Bessarionis,
986 3934 1158 4057 quippe
1175 3935 1234 4029 ad
1251 3936 1427 4029 calcem
1443 3937 1622 4058 postre-

394 4123 500 4191 mae
526 4096 728 4219 paginae
750 4098 866 4189 haec
887 4098 1032 4190 verba
1052 4098 1292 4191 notantur:
1316 4096 1425 4192 Est
1442 4095 1620 4193 dusili-

395 4282 489 4352 cae
522 4252 606 4351 Ss.
640 4257 1018 4377 Apostolorum
1051 4258 1114 4352 cle
1159 4255 1309 4351 Urbe.
1345 4255 1485 4363 Quod
1517 4254 1619 4350 erui

396 4415 582 4511 videtur
612 4419 716 4510 tum
739 4443 797 4509 ex
830 4416 981 4508 lorma
1014 4418 1342 4510 characterum
1376 4445 1496 4510 saec.
1525 4416 1621 4509 XV
