3608 5498
799 397 840 414 -
864 361 931 426 472
955 395 997 412 -

287 481 348 555 nia
373 505 581 580 pauperum,
602 480 733 579 cuique
756 503 827 555 non
852 479 968 555 solum
992 479 1114 554 habita
1138 502 1360 568 conservare,
1377 502 1520 555 verum

216 695 219 702 .
245 649 248 655 .
287 593 396 668 etiam
414 592 529 667 multa
548 595 619 668 Deo
644 593 841 691 opitulante
859 595 1018 669 conferre
1044 602 1235 682 tentamus,
1252 603 1373 668 tamen
1398 602 1443 667 ut
1466 593 1521 669 ab

286 705 547 780 aeclesiasticis
564 707 606 796 de
623 729 693 781 non
718 707 918 781 dividendis
942 706 1047 781 rebus
1068 705 1249 796 acclesiae,
1266 706 1518 803 suspicionem

286 818 421 893 dudum
446 829 628 917 acceptam
654 820 797 915 penitus
821 843 1078 908 amoveremus,
1102 820 1308 908 statuimus,
1327 830 1370 894 ut
1390 843 1519 918 neque

286 932 418 1007 nostris
438 956 552 1031 neque
573 933 742 1022 filiorum,
766 947 802 1007 et
827 936 900 1008 Deo
924 934 1150 1030 dispensante
1174 955 1422 1008 successorum
1448 956 1520 1008 no-

289 1052 445 1118 strorum
463 1044 681 1144 temporibus
701 1045 812 1119 ullam
839 1045 982 1142 penitus
1005 1045 1217 1121 divisionem
1242 1049 1306 1119 aut
1329 1043 1519 1122 iacturam

289 1155 482 1253 patiantur.

802 1299 990 1385 CXLVIII.

385 1496 633 1570 Inrnasronns
658 1497 855 1572 Gratianus
871 1505 908 1572 et
924 1497 1201 1572 Valentinianus
1231 1507 1267 1571 et
1287 1497 1512 1575 Theodosius

287 1606 425 1683 Malitio
451 1611 520 1681 ΡΡ.
545 1609 668 1684 Placet
693 1610 952 1686 rationabiliter
969 1610 1110 1685 consilii
1126 1625 1247 1686 tenore
1272 1633 1442 1708 perpenso
1459 1612 1518 1686 di-

287 1721 412 1795 stricta
442 1721 677 1797 moderatione
706 1723 934 1817 perscribere,
958 1749 979 1796 a
1005 1723 1135 1821 quibus
1159 1723 1363 1821 specialiter
1388 1747 1518 1799 neces·

287 1834 456 1908 sitatibus
480 1834 649 1910 aecclesia
673 1836 817 1910 urbium
842 1836 1070 1932 singularum
1095 1836 1296 1911 habeantur
1318 1835 1516 1912 immunes.
1547 1900 1551 1908 .

198 1990 201 1997 ‚
289 1946 411 2019 Prima
436 1947 566 2044 quippe
583 1947 683 2022 illius
704 1948 946 2047 usurpationis
971 1948 1189 2023 contumelia
1213 1949 1420 2047 depellenda
1441 1959 1516 2041 est,

180 2060 186 2073 ‘
243 2131 245 2135 ,
286 2082 332 2132 ne
349 2059 480 2155 praedia
498 2059 621 2135 usibus
637 2058 836 2137 caelestium
854 2072 1072 2140 secretorum
1086 2062 1245 2138 dedicata
1258 2061 1439 2137 sordidum
1454 2063 1515 2137 ni·

286 2171 402 2245 mium
417 2171 494 2246 fece
510 2174 824 2249 vexentur.Nichil
838 2175 1168 2250 extraordinarium
1186 2175 1232 2249 ab
1244 2175 1323 2262 bac,
1336 2200 1441 2274 super
1455 2176 1516 2250 in·

261 2386 263 2390 μ
288 2284 387 2360 ducii
415 2284 567 2367 cuiusve
591 2285 787 2382 flagitetur.
803 2288 915 2363 Nulla
939 2289 1214 2362 translationum
1232 2286 1433 2362 sollicitudo
1453 2290 1515 2384 gi·

287 2408 432 2495 gnatur.
442 2401 624 2473 Postremo
636 2399 728 2473 nihil
742 2410 870 2497 prater
887 2401 1095 2476 canonicam
1113 2400 1309 2475 illationem
1328 2424 1435 2498 quam
1448 2402 1515 2476 ad·

287 2510 454 2586 venticiae
471 2512 675 2586 necessitati
693 2513 835 2589 sarcina
852 2516 1037 2612 repentina
1063 2514 1259 2612 poposcerit
1275 2513 1354 2598 eius
1370 2512 1514 2589 fluctio-

290 2625 396 2728 nibus
412 2623 648 2699 ascribantur.
666 2625 706 2698 Si
721 2625 803 2722 quis
823 2627 1100 2714 contravenerit,
1116 2634 1195 2722 post
1219 2623 1344 2699 debitae
1360 2624 1515 2701 ultionis

289 2737 520 2821 acrimoniam
538 2761 618 2835 qua
634 2763 722 2834 erga
739 2739 934 2835 sacrilegos
959 2737 1037 2812 iure
1064 2735 1293 2834 promerenda
1318 2744 1382 2825 est,
1399 2735 1516 2812 exilio

288 2862 457 2951 perpetuo
474 2861 612 2927 uratur.
628 2854 707 2927 Dat.
725 2855 831 2926 VIIII
846 2855 904 2925 K,
917 2850 1022 2925 Iunii.
1039 2851 1230 2924 Ravennae.

796 3040 998 3127 oxnvssss.

717 3248 753 3298 1n
772 3258 843 3312 cap.
862 3245 974 3298 Karoli
991 3246 1072 3311 Imp.

386 3416 563 3490 Volumus
580 3425 686 3513 atque
703 3415 940 3514 praecipimus,
953 3425 995 3490 ut
1007 3437 1129 3490 omnes
1145 3424 1276 3488 nostra
1291 3413 1425 3489 ditione
1446 3437 1517 3489 au·

290 3531 439 3605 xiliante
453 3532 525 3604 Deo
537 3528 701 3617 subiecti,
712 3539 785 3603 tam
795 3528 945 3603 Romani
958 3553 1064 3626 quam
1078 3529 1221 3617 Franci,
1231 3526 1433 3615 Alamanni,
1442 3529 1516 3602 Ba·

290 3642 403 3732 ioarii,
417 3646 584 3729 Saxones,
596 3640 755 3736 Toringi,
772 3644 955 3730 Fresones,
972 3640 1081 3730 Gelli,
1093 3640 1381 3736 Burgundiones,
1394 3640 1516 3716 Brito

290 3782 365 3844 nes,
381 3753 617 3850 Langobardi,
634 3755 851 3842 Guascones,
865 3755 1123 3845 Beneventani,
1140 3753 1271 3843 Ootthi,
1289 3752 1439 3850 Hispani
1455 3778 1516 3830 oe·

290 3871 428 3968 torique
444 3892 566 3944 omnes
583 3868 731 3943 subiecti
750 3868 849 3943 nobis
866 3891 1090 3966 quocumque
1112 3868 1302 3943 videantur
1319 3865 1413 3961 legis
1430 3866 1515 3940 vin·

292 3983 372 4058 culo
388 3981 585 4070 constricti,
603 3980 662 4054 vel
679 3982 990 4055 consuetudinario
1016 4006 1112 4057 more
1138 3981 1298 4068 connexi,
1314 3978 1408 4054 hanc
1430 4003 1515 4054 sen·

291 4095 441 4171 tentiam
459 4117 567 4191 quam
593 4119 637 4167 ex
653 4095 758 4168 XVI⁰
777 4092 960 4169 Theodosii
986 4093 1209 4192 imperatoris
1222 4091 1311 4166 libro
1323 4088 1439 4187 capite
1458 4091 1515 4164 vi·

292 4207 421 4283 delicet
436 4209 506 4281 ΧΓ
519 4207 563 4280 ad
576 4208 796 4301 interrogata
815 4206 958 4280 Ablavii
975 4208 1078 4282 ducis
1095 4230 1201 4303 quam
1220 4204 1275 4277 illi
1293 4214 1329 4279 et
1344 4201 1515 4278 omnibus

291 4320 524 4419 perscriptam
550 4321 724 4406 misimus,
741 4321 834 4395 inter
852 4330 974 4393 nostra
992 4318 1150 4415 capitula
1167 4316 1327 4415 prolege
1344 4315 1515 4404 tenenda,

291 4431 457 4507 consultu
474 4432 632 4506 omnium
656 4432 812 4509 fidelium
839 4442 1041 4507 nostrorum
1065 4429 1260 4527 posuimus,
1277 4426 1359 4523 lege
1382 4428 1516 4503 cuncti
