3608 5498
814 387 988 453 ..3⁸-

289 508 372 584 bere
389 517 517 605 praeter
534 508 749 584 sententiam
767 508 917 584 Romani
943 507 1130 584 Pontificio
1147 507 1220 583 ullo
1239 509 1338 584 modo
1362 507 1516 584 concilia

291 621 474 709 celebrari,
491 647 558 698 nec
575 622 766 720 Episcopus
783 622 957 696 damnari.

386 738 566 810 Secuntur
575 735 651 810 haec
660 759 705 810 ex
713 736 880 834 predicto
893 736 1053 813 Concilio
1061 737 1198 811 Niceno
1211 735 1381 833 capitula,
1389 735 1490 811 idest.

845 984 961 1070 Vllll.

361 1218 411 1291 Ut
427 1238 548 1289 omnes
566 1213 731 1312 Episcopi
749 1215 866 1313 quiin
885 1214 1098 1312 quibusdam
1115 1213 1343 1309 gravioribus
1368 1215 1513 1313 pulsan·

288 1339 349 1401 tur
365 1327 424 1402 vel
441 1327 683 1402 criminantur
696 1329 828 1416 causis
842 1328 1006 1427 quotiens
1019 1352 1163 1403 necesse
1176 1327 1286 1402 fuerit
1300 1328 1410 1405 libere
1424 1335 1515 1426 Apo

289 1439 451 1516 stolicam
469 1440 652 1538 appellant
669 1440 794 1516 Sedem
812 1451 920 1540 atque
933 1441 977 1515 ad
995 1466 1072 1517 eam
1091 1441 1193 1539 quasi
1211 1442 1255 1516 ad
1269 1453 1419 1517 matrem
1433 1466 1515 1518 con·

289 1554 445 1651 fugiant,
462 1565 504 1627 ut
528 1553 572 1627 ab
589 1579 630 1628 ea
648 1555 743 1630 sicut
761 1556 933 1652 profuerit
955 1554 1010 1652 pie
1032 1553 1243 1642 fulciantur,
1264 1555 1514 1642 defendantur,

288 1667 496 1742 liberentur.
513 1667 627 1742 Cuius
644 1668 863 1764 dispositioni
887 1693 1010 1745 omnes
1028 1667 1178 1742 maiores
1196 1676 1232 1741 et
1249 1666 1513 1745 ecclesiasticas

289 1806 416 1857 causas
429 1790 465 1855 et
475 1781 728 1877 Episcoporum
742 1782 1044 1882 iudicia,antiqua
1059 1782 1306 1881 Apostolorum
1320 1806 1515 1880 eorumque

287 1918 538 1971 successorum
554 1903 662 1992 atque
680 1918 857 1970 canonum
876 1897 1074 1973 auctoritas
1100 1896 1309 1970 reservavit.
1335 1895 1510 1983 Quoniam

287 2006 651 2106 culpanturEpiscopi
662 2009 817 2107 qualiter
830 2014 918 2106 'erga
932 2012 1061 2086 fratres
1070 2011 1340 2109 egerint,quam
1352 2009 1512 2086 eiusdem

289 2123 382 2198 sedis
399 2126 504 2218 Papae
521 2121 597 2196 fieri
616 2121 800 2219 placuerit.

881 2344 923 2427 X.

386 2567 530 2643 Placuit
543 2576 789 2643 utaccusatus
806 2525 1059 2647 veliudicatus
1072 2569 1514 2669 acompruvincialibusiu
1543 2602 1553 2620 ·

288 2685 410 2781 aliqua
427 2708 536 2758 causa
554 2683 760 2781 Episcopus,
778 2682 930 2759 licenter
947 2682 1102 2782 appellet
1119 2692 1155 2758 et
1171 2683 1275 2757 adeat
1300 2681 1513 2778 Apostolicae

289 2796 382 2872 sedis
400 2797 620 2882 Pontificem,
640 2797 700 2894 qui
719 2806 783 2871 aut
800 2822 918 2895 perse
936 2808 999 2871 aut
1016 2821 1077 2895 per
1095 2797 1249 2873 vicarius
1267 2820 1349 2870 suos
1366 2796 1445 2871 eius
1462 2820 1516 2871 re·

287 2918 444 2984 tractare
461 2908 648 3004 negotium
666 2920 841 3005 procuret.
859 2914 906 2984 Et
931 2910 1015 2984 dum
1041 2911 1167 2985 iterato
1192 2910 1324 2986 iudicio
1348 2910 1514 2985 Pontifex

289 3048 433 3098 causam
451 3047 552 3094 suam
570 3021 660 3117 agit,
676 3021 801 3095 nullus
826 3023 920 3096 alius
937 3022 974 3095 in
988 3023 1066 3097 eius
1083 3022 1159 3099 loco
1177 3033 1329 3120 ponatur
1342 3032 1405 3095 aut
1418 3021 1510 3096 ordi-

287 3145 394 3210 netur
411 3134 615 3230 Episcopus.
633 3135 809 3221 Quoniam
827 3160 1044 3234 quamquam
1059 3135 1418 3234 comprovincialibus
1432 3134 1511 3232 Epi·

288 3247 403 3345 scopis
411 3247 571 3322 accusati
581 3271 726 3321 oausam
742 3249 926 3324 Pontificis
939 3252 1093 3326 scrutari
1107 3249 1225 3339 liceat,
1238 3275 1308 3325 uon
1321 3259 1442 3326 tamen
1456 3250 1513 3326 de·

289 3363 386 3437 finiri
404 3361 606 3438 inconsulto
622 3365 719 3436 Rom.
737 3363 909 3439 Pontifice
927 3366 1140 3462 permissum
1158 3375 1318 3453 osteum
1335 3363 1438 3439 beato
1451 3367 1514 3438 Pe·

288 3488 343 3552 tro
359 3500 429 3551 non
447 3477 492 3551 ab
508 3476 577 3550 alio
594 3501 700 3575 quam
720 3477 794 3573 ipso
807 3477 943 3551 dictum
958 3478 1005 3553 sit
1019 3482 1101 3568 Dec,
1114 3482 1357 3576 Quaecumque
1371 3478 1512 3572 ligave-

292 3590 350 3666 ris
371 3594 417 3664 Et
434 3589 582 3687 reliqua.

875 3812 934 3896 XI.

388 4039 426 4114 si
444 4040 525 4138 quis
538 4039 722 4133 putaverit
739 4064 776 4113 se
789 4064 810 4111 a
823 4041 962 4137 proprio
974 4041 1245 4139 Metropolitano
1258 4039 1405 4136 gravari
1419 4041 1514 4137 apud

292 4151 539 4228 Patriarcham
554 4152 613 4227 vel
628 4153 822 4226 Primatem
837 4153 1026 4240 dioceseos,
1042 4165 1106 4228 aut
1123 4179 1221 4252 paene
1239 4151 1456 4228 universalis
1470 4158 1516 4226 Α-

292 4266 469 4364 postolicae
486 4263 655 4340 Ecclesiae
668 4265 847 4341 iudicetur
864 4268 993 4343 sedem.
1007 4271 1054 4342 Et
1066 4267 1169 4340 infra.
1187 4266 1390 4364 Culpautur
1406 4264 1515 4354 enirn,

291 4389 332 4454 ut
344 4379 518 4476 scriptum
531 4388 596 4466 est,
606 4379 735 4454 fratres
748 4380 809 4478 qui
823 4378 929 4455 aliter
942 4382 1038 4456 circa
1052 4380 1242 4477 Episcopus
1255 4379 1416 4454 iudicare
1431 4402 1516 4476 prae·

292 4502 451 4575 sumunt,
468 4517 575 4590 quam
597 4494 807 4591 Apostolicoe
825 4494 925 4568 Sedis
945 4496 1049 4589 Papae
1066 4492 1226 4567 iudicare
1243 4489 1428 4588 placuerit.
