3608 5498
678 397 875 461 -177-

168 519 331 619 Episcopi
350 519 416 593 sui.
434 522 487 594 Ne
504 543 587 594 cum
613 519 829 618 dispensatio
853 518 930 593 sinc
955 518 1159 595 testimonio
1182 518 1302 610 luerit,
1329 543 1385 594 res

164 631 406 708 ecclesiastice
423 632 579 731 disperse
597 632 680 724 sint,
698 634 743 708 ad
760 633 1014 711 contumeliam
1039 634 1200 734 pontifici
1225 635 1388 732 irrogen-

165 746 256 821 dam.
273 748 312 820 Si
329 772 413 822 vero
430 747 496 824 hoc
512 773 583 825 non
601 749 763 839 fecerint,
782 773 858 826 reos
875 773 934 826 eos
959 750 1095 826 sanctis
1120 749 1304 827 subiacere
1330 775 1388 826 ca·

165 861 327 937 tionibus,

743 1020 804 1103 II.

532 1200 581 1249 Ex
600 1199 736 1252 concilio
756 1196 873 1251 eodem
892 1210 965 1264 cap.
984 1201 1023 1251 x.

263 1331 302 1406 Si
319 1332 400 1430 quis
414 1332 484 1406 iam
498 1335 695 1409 translatus
707 1343 761 1409 cst
773 1333 901 1409 exalia
914 1334 951 1409 in
964 1334 1074 1408 aliam
1088 1335 1284 1411 aecclesiam
1298 1336 1389 1437 prio·

170 1445 219 1518 ris
234 1447 481 1539 aecclesire‚rel
497 1449 738 1523 martiriorum
753 1472 832 1547 quae
844 1448 912 1525 sub
923 1473 964 1525 ea
977 1459 1074 1540 sunt,
1082 1458 1147 1525 aut
1155 1449 1388 1549 ptochiorum,

168 1572 231 1636 aut
248 1563 543 1640 xenodochiorum
559 1565 664 1640 rebus
677 1564 715 1637 in
729 1562 829 1638 nullo
841 1563 1091 1641 communicet.
1104 1563 1173 1653 oui
1187 1574 1307 1641 autem
1319 1563 1385 1638 ali-

169 1686 223 1752 ter
239 1678 317 1751 ausi
335 1679 481 1768 luerint,
499 1677 659 1754 decrevit
676 1686 800 1753 sancta
818 1676 986 1777 Synodus
1002 1704 1024 1753 a
1041 1676 1180 1776 proprio
1200 1678 1317 1775 gradu
1335 1703 1388 1753 re·

168 1792 301 1868 cedere.
318 1796 407 1868 Item
426 1817 470 1868 cx
485 1793 607 1868 eodem
624 1816 700 1890 cap.
715 1794 852 1867 XXIII.
869 1789 1001 1867 Clerici
1019 1798 1056 1867 et
1073 1791 1239 1867 Monachi
1256 1792 1386 1891 quibus

168 1906 261 1981 nihil
277 1909 322 1983 ab
339 1910 510 2010 Episcopo
527 1932 591 1982 suo
607 1907 836 1984 commissum
861 1913 926 1994 est,
942 1903 1027 2002 quia
1051 1928 1114 2003 pcr
1139 1905 1388 1982 Constantino·

168 2021 273 2119 polim
292 2022 429 2097 diutius
455 2023 702 2111 immorantur,
728 2023 758 2095 si
784 2047 806 2095 a
829 2021 1011 2096 defensore
1036 2020 1195 2097 eiusdem
1217 2021 1387 2097 oecclesiae

168 2134 268 2233 prius
284 2133 489 2210 commoniti
507 2133 550 2208 ad
564 2133 704 2231 proprio
718 2134 832 2210 redire
846 2133 1038 2225 noluerint,
1049 2134 1095 2210 ab
1107 2135 1228 2211 eodem
1241 2160 1286 2212 ex
1298 2135 1385 2210 urbe

169 2249 358 2347 pellantur.

739 2385 818 2469 llll.

301 2564 350 2616 Ex
369 2565 429 2616 V11
448 2561 563 2617 sinodo
582 2563 756 2617 universali
774 2563 922 2615 ecclesiae
940 2564 1072 2627 patrum
1090 2574 1163 2628 esp.
1182 2562 1251 2616 xv.

254 2702 425 2779 'Clericus
439 2722 507 2775 non
529 2707 808 2778 connumeretur
829 2699 867 2772 in
888 2698 1026 2774 duabus
1040 2699 1211 2776 aecclesiis
1227 2700 1386 2798 negotia-

166 2817 274 2890 tionis
291 2816 386 2892 enim
404 2825 459 2890 est
475 2815 541 2890 hoc
559 2824 594 2890 et
612 2813 780 2912 temporis
804 2813 978 2889 commodi
996 2814 1189 2913 proprium,
1205 2823 1242 2890 et
1264 2814 1309 2890 ub
1321 2839 1388 2891 oec-

167 2931 368 3007 clesiastica
381 2929 638 3006 consuetudine
656 2926 799 3026 penitus
811 2925 980 3002 alienum.
994 2926 1212 3002 Audivimus
1227 2927 1323 3004 enim
1340 2952 1387 3004 ex

167 3046 242 3145 ipsa
259 3046 436 3120 dominica
453 3069 552 3133 voce,
568 3044 652 3143 quia
670 3065 774 3122 nemo
790 3046 904 3138 potest
920 3038 1056 3114 duobus
1073 3038 1226 3113 dominis
1238 3039 1388 3130 servire*

166 3171 202 3237 ct
217 3171 355 3237 caetera.
368 3165 456 3249 Quae
473 3160 569 3235 enim
586 3184 649 3258 per
666 3168 770 3257 turpe
787 3155 931 3230 lucrum
949 3154 987 3228 in
1000 3153 1265 3231 aecclesiasticis
1277 3154 1385 3231 rebus

166 3275 382 3364 efficiuntur,
399 3273 517 3348 aIIena
534 3271 735 3348 consistunt
752 3294 773 3342 a
790 3270 872 3344 Deo.
1422 3263 1425 3269 ’

723 3453 821 3540 VIII.

606 3666 656 3717 Ex
674 3662 746 3717 eod
767 3672 839 3726 cop.
858 3661 943 3714 XVI.

260 3829 386 3904 Omnis
399 3828 572 3904 iactantia
586 3837 622 3903 et
638 3835 809 3902 ornatura
824 3824 1018 3923 corporalis
1029 3824 1147 3900 aliena
1161 3834 1215 3901 est
1227 3850 1249 3898 e
1261 3835 1385 3900 sancto

164 3944 296 4018 ordine.
325 3947 394 4019 Eos
415 3966 501 4040 ergo
526 3941 716 4041 Episcopos
741 3939 800 4014 vel
825 3937 984 4015 Clericus
1008 3938 1071 4037 qui
1102 3963 1139 4015 se
1168 3937 1321 4035 fulgidis
1349 3949 1386 4015 ot

165 4056 271 4133 cleris
288 4057 448 4133 vestibus
464 4066 594 4131 ornant
610 4053 789 4131 emendari
811 4061 956 4150 oportet.
974 4053 1074 4141 Quod
1098 4052 1129 4126 si
1154 4052 1193 4126 in
1217 4052 1285 4128 hoc
1310 4076 1387 4151 per·

166 4170 362 4245 manserint
379 4169 577 4268 epythimio
594 4168 792 4244 tradantur.
805 4167 875 4254 oui
892 4190 978 4242 vcro
990 4167 1128 4242 inventi
1142 4166 1280 4243 luerint
1296 4166 1386 4242 deri·

164 4285 289 4359 dentes
305 4309 364 4360 eos
381 4285 442 4383 qui
461 4285 596 4361 vilibus
609 4283 835 4360 vestimentis
849 4291 884 4357 et
898 4282 1076 4380 religiosis
1088 4281 1211 4357 amicti
1224 4290 1310 4357 sunt
1323 4304 1386 4379 per

164 4397 403 4496 epythimium
422 4400 661 4497 corrigantur.
679 4400 861 4497 Scriptum
875 4408 930 4474 est
942 4399 1049 4475 enim.
1062 4398 1132 4488 Qui
1147 4397 1314 4474 mollibus
1326 4421 1386 4473 ve-

164 4516 325 4590 stiuntur
342 4514 378 4587 in
395 4515 558 4590 domibus
575 4540 704 4612 regum
723 4526 817 4592 sunt.

1171 4631 1204 4684 12
