<?xml version="1.0" encoding="UTF-8"?>
<!DOCTYPE html PUBLIC "-//W3C//DTD XHTML 1.0 Transitional//EN"
    "http://www.w3.org/TR/xhtml1/DTD/xhtml1-transitional.dtd">
<html xmlns="http://www.w3.org/1999/xhtml" xml:lang="en" lang="en">
 <head>
  <title>
</title>
<meta http-equiv="Content-Type" content="text/html;charset=utf-8" />
  <meta name='ocr-system' content='tesseract 3.04.00' />
  <meta name='ocr-capabilities' content='ocr_page ocr_carea ocr_par ocr_line ocrx_word'/>
</head>
<body>
  <div class='ocr_page' id='page_1' title='image "./collectiocanonu00deusgoog_0204.png"; bbox 0 0 3608 5498; ppageno 0'>
   <div class='ocr_carea' id='block_1_1' title="bbox 674 419 871 483">
    <p class='ocr_par' dir='ltr' id='par_1_1' title="bbox 674 419 871 483">
     <span class='ocr_line' id='line_1_1' title="bbox 674 419 871 483; baseline 0.005 -1"><span class='ocrx_word' id='word_1_1' title='bbox 674 419 871 483; x_wconf 73' lang='lat'><strong>-173-</strong></span> 
     </span>
    </p>
   </div>
   <div class='ocr_carea' id='block_1_2' title="bbox 154 539 1381 2116">
    <p class='ocr_par' dir='ltr' id='par_1_2' title="bbox 154 539 1381 2116">
     <span class='ocr_line' id='line_1_2' title="bbox 161 539 1380 638; baseline 0.002 -22"><span class='ocrx_word' id='word_1_2' title='bbox 161 539 314 636; x_wconf 92' lang='lat' dir='ltr'><strong>pticollis</strong></span> <span class='ocrx_word' id='word_1_3' title='bbox 329 541 424 617; x_wconf 87' lang='lat' dir='ltr'><strong>arcis</strong></span> <span class='ocrx_word' id='word_1_4' title='bbox 442 540 580 617; x_wconf 90' lang='lat' dir='ltr'><strong>moenia</strong></span> <span class='ocrx_word' id='word_1_5' title='bbox 598 540 781 617; x_wconf 84' lang='lat' dir='ltr'><strong>subversis</strong></span> <span class='ocrx_word' id='word_1_6' title='bbox 806 540 963 616; x_wconf 90' lang='lat' dir='ltr'><strong>delubris</strong></span> <span class='ocrx_word' id='word_1_7' title='bbox 987 541 1176 616; x_wconf 84' lang='lat' dir='ltr'><strong>demonum</strong></span> <span class='ocrx_word' id='word_1_8' title='bbox 1195 543 1380 638; x_wconf 79' lang='lat' dir='ltr'><strong>figmentis</strong></span> 
     </span>
     <span class='ocr_line' id='line_1_3' title="bbox 160 652 1377 756; baseline 0.006 -29"><span class='ocrx_word' id='word_1_9' title='bbox 160 661 197 727; x_wconf 88' lang='lat' dir='ltr'><strong>ot</strong></span> <span class='ocrx_word' id='word_1_10' title='bbox 213 652 332 750; x_wconf 83' lang='lat' dir='ltr'><strong>geniis</strong></span> <span class='ocrx_word' id='word_1_11' title='bbox 349 652 387 727; x_wconf 91' lang='lat' dir='ltr'><strong>in</strong></span> <span class='ocrx_word' id='word_1_12' title='bbox 404 653 509 750; x_wconf 85' lang='lat' dir='ltr'><strong>signo</strong></span> <span class='ocrx_word' id='word_1_13' title='bbox 526 653 632 728; x_wconf 89' lang='lat' dir='ltr'><strong>Ihesu</strong></span> <span class='ocrx_word' id='word_1_14' title='bbox 650 655 792 728; x_wconf 87' lang='lat' dir='ltr'><strong>Domini</strong></span> <span class='ocrx_word' id='word_1_15' title='bbox 811 655 940 746; x_wconf 83' lang='lat' dir='ltr'><strong>Oruce,</strong></span> <span class='ocrx_word' id='word_1_16' title='bbox 956 667 1233 756; x_wconf 90' lang='lat' dir='ltr'><strong>sanctorumque</strong></span> <span class='ocrx_word' id='word_1_17' title='bbox 1257 658 1377 733; x_wconf 89' lang='lat' dir='ltr'><strong>basili·</strong></span> 
     </span>
     <span class='ocr_line' id='line_1_4' title="bbox 160 765 1379 869; baseline 0.005 -28"><span class='ocrx_word' id='word_1_18' title='bbox 160 765 223 856; x_wconf 88' lang='lat' dir='ltr'><strong>cis,</strong></span> <span class='ocrx_word' id='word_1_19' title='bbox 239 767 368 866; x_wconf 81' lang='lat' dir='ltr'><strong>yconis</strong></span> <span class='ocrx_word' id='word_1_20' title='bbox 384 776 421 842; x_wconf 90' lang='lat' dir='ltr'><strong>et</strong></span> <span class='ocrx_word' id='word_1_21' title='bbox 437 766 579 866; x_wconf 82' lang='lat' dir='ltr'><strong>tytulis,</strong></span> <span class='ocrx_word' id='word_1_22' title='bbox 596 792 722 844; x_wconf 84' lang='lat' dir='ltr'><strong>verum</strong></span> <span class='ocrx_word' id='word_1_23' title='bbox 740 778 776 843; x_wconf 87' lang='lat' dir='ltr'><strong>ct</strong></span> <span class='ocrx_word' id='word_1_24' title='bbox 798 769 1055 869; x_wconf 83' lang='lat' dir='ltr'><strong>plenitudinem</strong></span> <span class='ocrx_word' id='word_1_25' title='bbox 1076 770 1179 846; x_wconf 88' lang='lat' dir='ltr'><strong>orbis.</strong></span> <span class='ocrx_word' id='word_1_26' title='bbox 1197 774 1285 860; x_wconf 81' lang='lat' dir='ltr'><strong>Qum</strong></span> <span class='ocrx_word' id='word_1_27' title='bbox 1309 797 1379 848; x_wconf 91' lang='lat' dir='ltr'><strong>non</strong></span> 
     </span>
     <span class='ocr_line' id='line_1_5' title="bbox 159 879 1379 983; baseline 0.007 -29"><span class='ocrx_word' id='word_1_28' title='bbox 159 888 233 954; x_wconf 87' lang='lat' dir='ltr'><strong>tam</strong></span> <span class='ocrx_word' id='word_1_29' title='bbox 243 879 373 955; x_wconf 88' lang='lat' dir='ltr'><strong>civitas</strong></span> <span class='ocrx_word' id='word_1_30' title='bbox 381 880 567 955; x_wconf 93' lang='lat' dir='ltr'><strong>hominum</strong></span> <span class='ocrx_word' id='word_1_31' title='bbox 576 905 683 980; x_wconf 92' lang='lat' dir='ltr'><strong>qnam</strong></span> <span class='ocrx_word' id='word_1_32' title='bbox 696 891 898 980; x_wconf 81' lang='lat' dir='ltr'><strong>martyrum</strong></span> <span class='ocrx_word' id='word_1_33' title='bbox 912 881 1060 959; x_wconf 90' lang='lat' dir='ltr'><strong>dicenda</strong></span> <span class='ocrx_word' id='word_1_34' title='bbox 1069 894 1124 960; x_wconf 87' lang='lat' dir='ltr'><strong>est</strong></span> <span class='ocrx_word' id='word_1_35' title='bbox 1136 883 1379 983; x_wconf 84' lang='lat' dir='ltr'><strong>cymiterium.</strong></span> 
     </span>
     <span class='ocr_line' id='line_1_6' title="bbox 158 994 1380 1094; baseline 0.007 -28"><span class='ocrx_word' id='word_1_36' title='bbox 158 995 201 1066; x_wconf 91' lang='lat' dir='ltr'><strong>In</strong></span> <span class='ocrx_word' id='word_1_37' title='bbox 217 1017 288 1092; x_wconf 87' lang='lat' dir='ltr'><strong>qua</strong></span> <span class='ocrx_word' id='word_1_38' title='bbox 304 1004 369 1069; x_wconf 90' lang='lat' dir='ltr'><strong>aut</strong></span> <span class='ocrx_word' id='word_1_39' title='bbox 386 994 437 1067; x_wconf 93' lang='lat' dir='ltr'><strong>nil</strong></span> <span class='ocrx_word' id='word_1_40' title='bbox 454 1004 519 1070; x_wconf 92' lang='lat' dir='ltr'><strong>aut</strong></span> <span class='ocrx_word' id='word_1_41' title='bbox 536 995 690 1070; x_wconf 91' lang='lat' dir='ltr'><strong>nimium</strong></span> <span class='ocrx_word' id='word_1_42' title='bbox 708 994 772 1071; x_wconf 91' lang='lat' dir='ltr'><strong>soli</strong></span> <span class='ocrx_word' id='word_1_43' title='bbox 791 1004 932 1070; x_wconf 86' lang='lat' dir='ltr'><strong>constat</strong></span> <span class='ocrx_word' id='word_1_44' title='bbox 949 997 1040 1094; x_wconf 91' lang='lat' dir='ltr'><strong>quod</strong></span> <span class='ocrx_word' id='word_1_45' title='bbox 1054 1008 1258 1073; x_wconf 87' lang='lat' dir='ltr'><strong>sanctorum</strong></span> <span class='ocrx_word' id='word_1_46' title='bbox 1273 1022 1380 1074; x_wconf 90' lang='lat' dir='ltr'><strong>cruor</strong></span> 
     </span>
     <span class='ocr_line' id='line_1_7' title="bbox 154 1106 1380 1210; baseline 0.004 -30"><span class='ocrx_word' id='word_1_47' title='bbox 154 1106 344 1184; x_wconf 89' lang='lat' dir='ltr'><strong>inficiendo</strong></span> <span class='ocrx_word' id='word_1_48' title='bbox 368 1132 439 1184; x_wconf 91' lang='lat' dir='ltr'><strong>non</strong></span> <span class='ocrx_word' id='word_1_49' title='bbox 465 1108 650 1207; x_wconf 88' lang='lat' dir='ltr'><strong>possideat.</strong></span> <span class='ocrx_word' id='word_1_50' title='bbox 668 1109 813 1199; x_wconf 85' lang='lat' dir='ltr'><strong>Balnea,</strong></span> <span class='ocrx_word' id='word_1_51' title='bbox 831 1110 1002 1207; x_wconf 85' lang='lat' dir='ltr'><strong>propolas,</strong></span> <span class='ocrx_word' id='word_1_52' title='bbox 1026 1110 1218 1200; x_wconf 88' lang='lat' dir='ltr'><strong>meritoria,</strong></span> <span class='ocrx_word' id='word_1_53' title='bbox 1235 1111 1380 1210; x_wconf 88' lang='lat' dir='ltr'><strong>templa,</strong></span> 
     </span>
     <span class='ocr_line' id='line_1_8' title="bbox 157 1219 1380 1325; baseline 0.004 -29"><span class='ocrx_word' id='word_1_54' title='bbox 157 1219 314 1312; x_wconf 81' lang='lat' dir='ltr'><strong>theatra,</strong></span> <span class='ocrx_word' id='word_1_55' title='bbox 326 1232 445 1299; x_wconf 89' lang='lat' dir='ltr'><strong>turres</strong></span> <span class='ocrx_word' id='word_1_56' title='bbox 469 1233 505 1299; x_wconf 90' lang='lat' dir='ltr'><strong>ct</strong></span> <span class='ocrx_word' id='word_1_57' title='bbox 529 1222 663 1322; x_wconf 81' lang='lat' dir='ltr'><strong>criptas</strong></span> <span class='ocrx_word' id='word_1_58' title='bbox 680 1223 817 1298; x_wconf 89' lang='lat' dir='ltr'><strong>circum</strong></span> <span class='ocrx_word' id='word_1_59' title='bbox 835 1222 1065 1322; x_wconf 88' lang='lat' dir='ltr'><strong>madidasque</strong></span> <span class='ocrx_word' id='word_1_60' title='bbox 1090 1225 1247 1325; x_wconf 88' lang='lat' dir='ltr'><strong>popinas,</strong></span> <span class='ocrx_word' id='word_1_61' title='bbox 1271 1251 1380 1301; x_wconf 87' lang='lat' dir='ltr'><strong>arcus</strong></span> 
     </span>
     <span class='ocr_line' id='line_1_9' title="bbox 158 1336 1380 1436; baseline 0.003 -26"><span class='ocrx_word' id='word_1_62' title='bbox 158 1343 195 1410; x_wconf 91' lang='lat' dir='ltr'><strong>et</strong></span> <span class='ocrx_word' id='word_1_63' title='bbox 211 1345 334 1434; x_wconf 90' lang='lat' dir='ltr'><strong>pontes</strong></span> <span class='ocrx_word' id='word_1_64' title='bbox 350 1337 517 1436; x_wconf 84' lang='lat' dir='ltr'><strong>pomeria,</strong></span> <span class='ocrx_word' id='word_1_65' title='bbox 530 1346 643 1411; x_wconf 90' lang='lat' dir='ltr'><strong>rostra</strong></span> <span class='ocrx_word' id='word_1_66' title='bbox 661 1337 848 1433; x_wconf 89' lang='lat' dir='ltr'><strong>forumque</strong></span> <span class='ocrx_word' id='word_1_67' title='bbox 862 1361 944 1411; x_wconf 91' lang='lat' dir='ltr'><strong>cum</strong></span> <span class='ocrx_word' id='word_1_68' title='bbox 958 1336 1086 1434; x_wconf 90' lang='lat' dir='ltr'><strong>pontis,</strong></span> <span class='ocrx_word' id='word_1_69' title='bbox 1099 1337 1273 1429; x_wconf 88' lang='lat' dir='ltr'><strong>domibus,</strong></span> <span class='ocrx_word' id='word_1_70' title='bbox 1286 1340 1380 1415; x_wconf 88' lang='lat' dir='ltr'><strong>ther·</strong></span> 
     </span>
     <span class='ocr_line' id='line_1_10' title="bbox 158 1448 1380 1551; baseline 0.006 -30"><span class='ocrx_word' id='word_1_71' title='bbox 158 1448 238 1538; x_wconf 91' lang='lat' dir='ltr'><strong>mis,</strong></span> <span class='ocrx_word' id='word_1_72' title='bbox 247 1449 619 1548; x_wconf 86' lang='lat' dir='ltr'><strong>stabulisquecloacis.</strong></span> <span class='ocrx_word' id='word_1_73' title='bbox 628 1449 688 1526; x_wconf 84' lang='lat' dir='ltr'><strong>Sic</strong></span> <span class='ocrx_word' id='word_1_74' title='bbox 698 1450 877 1546; x_wconf 80' lang='lat' dir='ltr'><strong>sanguine</strong></span> <span class='ocrx_word' id='word_1_75' title='bbox 886 1450 1024 1548; x_wconf 91' lang='lat' dir='ltr'><strong>piorum</strong></span> <span class='ocrx_word' id='word_1_76' title='bbox 1035 1453 1260 1550; x_wconf 87' lang='lat' dir='ltr'><strong>quemimpia</strong></span> <span class='ocrx_word' id='word_1_77' title='bbox 1270 1477 1380 1551; x_wconf 93' lang='lat' dir='ltr'><strong>quon·</strong></span> 
     </span>
     <span class='ocr_line' id='line_1_11' title="bbox 157 1558 1378 1663; baseline 0.003 -25"><span class='ocrx_word' id='word_1_78' title='bbox 157 1563 239 1638; x_wconf 89' lang='lat' dir='ltr'><strong>dam</strong></span> <span class='ocrx_word' id='word_1_79' title='bbox 257 1558 293 1639; x_wconf 85' lang='lat' dir='ltr'><strong>et</strong></span> <span class='ocrx_word' id='word_1_80' title='bbox 308 1564 465 1641; x_wconf 88' lang='lat' dir='ltr'><strong>crudelis</strong></span> <span class='ocrx_word' id='word_1_81' title='bbox 483 1565 613 1663; x_wconf 90' lang='lat' dir='ltr'><strong>passim</strong></span> <span class='ocrx_word' id='word_1_82' title='bbox 627 1563 729 1639; x_wconf 87' lang='lat' dir='ltr'><strong>velut</strong></span> <span class='ocrx_word' id='word_1_83' title='bbox 741 1589 869 1662; x_wconf 90' lang='lat' dir='ltr'><strong>aquam</strong></span> <span class='ocrx_word' id='word_1_84' title='bbox 884 1563 1010 1638; x_wconf 87' lang='lat' dir='ltr'><strong>offudit</strong></span> <span class='ocrx_word' id='word_1_85' title='bbox 1021 1589 1088 1640; x_wconf 89' lang='lat' dir='ltr'><strong>nec</strong></span> <span class='ocrx_word' id='word_1_86' title='bbox 1101 1565 1159 1663; x_wconf 90' lang='lat' dir='ltr'><strong>pia</strong></span> <span class='ocrx_word' id='word_1_87' title='bbox 1172 1575 1209 1640; x_wconf 89' lang='lat' dir='ltr'><strong>et</strong></span> <span class='ocrx_word' id='word_1_88' title='bbox 1221 1566 1321 1640; x_wconf 90' lang='lat' dir='ltr'><strong>mitis</strong></span> <span class='ocrx_word' id='word_1_89' title='bbox 1333 1570 1378 1642; x_wconf 88' lang='lat' dir='ltr'><strong>ad</strong></span> 
     </span>
     <span class='ocr_line' id='line_1_12' title="bbox 158 1677 1378 1780; baseline 0.004 -29"><span class='ocrx_word' id='word_1_90' title='bbox 158 1678 308 1754; x_wconf 88' lang='lat' dir='ltr'><strong>tutelam</strong></span> <span class='ocrx_word' id='word_1_91' title='bbox 331 1679 388 1755; x_wconf 91' lang='lat' dir='ltr'><strong>sni</strong></span> <span class='ocrx_word' id='word_1_92' title='bbox 406 1691 575 1755; x_wconf 90' lang='lat' dir='ltr'><strong>venerata</strong></span> <span class='ocrx_word' id='word_1_93' title='bbox 601 1679 761 1777; x_wconf 87' lang='lat' dir='ltr'><strong>suscipit.</strong></span> <span class='ocrx_word' id='word_1_94' title='bbox 787 1681 834 1780; x_wconf 88' lang='lat' dir='ltr'><strong>Et</strong></span> <span class='ocrx_word' id='word_1_95' title='bbox 858 1677 946 1776; x_wconf 90' lang='lat' dir='ltr'><strong>quid</strong></span> <span class='ocrx_word' id='word_1_96' title='bbox 970 1678 1102 1777; x_wconf 77' lang='lat' dir='ltr'><strong>plura?</strong></span> <span class='ocrx_word' id='word_1_97' title='bbox 1125 1678 1200 1755; x_wconf 82' lang='lat' dir='ltr'><strong>baec</strong></span> <span class='ocrx_word' id='word_1_98' title='bbox 1226 1704 1378 1776; x_wconf 83' lang='lat' dir='ltr'><strong>regnum</strong></span> 
     </span>
     <span class='ocr_line' id='line_1_13' title="bbox 156 1791 1376 1890; baseline -0.001 -21"><span class='ocrx_word' id='word_1_99' title='bbox 156 1794 262 1869; x_wconf 85' lang='lat' dir='ltr'><strong>terris</strong></span> <span class='ocrx_word' id='word_1_100' title='bbox 278 1806 314 1870; x_wconf 90' lang='lat' dir='ltr'><strong>et</strong></span> <span class='ocrx_word' id='word_1_101' title='bbox 330 1795 427 1870; x_wconf 89' lang='lat' dir='ltr'><strong>fama</strong></span> <span class='ocrx_word' id='word_1_102' title='bbox 448 1795 618 1870; x_wconf 87' lang='lat' dir='ltr'><strong>terminat</strong></span> <span class='ocrx_word' id='word_1_103' title='bbox 631 1795 749 1868; x_wconf 87' lang='lat' dir='ltr'><strong>astris.</strong></span> <span class='ocrx_word' id='word_1_104' title='bbox 763 1791 831 1868; x_wconf 87' lang='lat' dir='ltr'><strong>Cui</strong></span> <span class='ocrx_word' id='word_1_105' title='bbox 846 1814 916 1866; x_wconf 91' lang='lat' dir='ltr'><strong>non</strong></span> <span class='ocrx_word' id='word_1_106' title='bbox 930 1791 1011 1888; x_wconf 90' lang='lat' dir='ltr'><strong>plus</strong></span> <span class='ocrx_word' id='word_1_107' title='bbox 1024 1801 1206 1867; x_wconf 89' lang='lat' dir='ltr'><strong>terrenum</strong></span> <span class='ocrx_word' id='word_1_108' title='bbox 1222 1817 1376 1890; x_wconf 84' lang='lat' dir='ltr'><strong>regnum</strong></span> 
     </span>
     <span class='ocr_line' id='line_1_14' title="bbox 159 1905 1381 2005; baseline 0.002 -25"><span class='ocrx_word' id='word_1_109' title='bbox 159 1929 267 2004; x_wconf 87' lang='lat' dir='ltr'><strong>quam</strong></span> <span class='ocrx_word' id='word_1_110' title='bbox 281 1906 422 1982; x_wconf 83' lang='lat' dir='ltr'><strong>coeleste</strong></span> <span class='ocrx_word' id='word_1_111' title='bbox 435 1907 618 1984; x_wconf 87' lang='lat' dir='ltr'><strong>successit.</strong></span> <span class='ocrx_word' id='word_1_112' title='bbox 633 1910 824 2004; x_wconf 90' lang='lat' dir='ltr'><strong>Postquam</strong></span> <span class='ocrx_word' id='word_1_113' title='bbox 838 1905 934 1980; x_wconf 86' lang='lat' dir='ltr'><strong>enim</strong></span> <span class='ocrx_word' id='word_1_114' title='bbox 948 1905 1039 2005; x_wconf 88' lang='lat' dir='ltr'><strong>lapis</strong></span> <span class='ocrx_word' id='word_1_115' title='bbox 1051 1905 1111 1982; x_wconf 91' lang='lat' dir='ltr'><strong>ille</strong></span> <span class='ocrx_word' id='word_1_116' title='bbox 1126 1906 1332 2003; x_wconf 87' lang='lat' dir='ltr'><strong>reprobatus</strong></span> <span class='ocrx_word' id='word_1_117' title='bbox 1344 1917 1381 1982; x_wconf 92' lang='lat' dir='ltr'><strong>et</strong></span> 
     </span>
     <span class='ocr_line' id='line_1_15' title="bbox 156 2018 1377 2116; baseline -0.001 -22"><span class='ocrx_word' id='word_1_118' title='bbox 156 2018 335 2116; x_wconf 85' lang='lat' dir='ltr'><strong>probatus,</strong></span> <span class='ocrx_word' id='word_1_119' title='bbox 343 2020 505 2095; x_wconf 87' lang='lat' dir='ltr'><strong>abscisus</strong></span> <span class='ocrx_word' id='word_1_120' title='bbox 518 2019 560 2095; x_wconf 92' lang='lat' dir='ltr'><strong>de</strong></span> <span class='ocrx_word' id='word_1_121' title='bbox 574 2029 693 2094; x_wconf 88' lang='lat' dir='ltr'><strong>monte</strong></span> <span class='ocrx_word' id='word_1_122' title='bbox 707 2019 784 2093; x_wconf 88' lang='lat' dir='ltr'><strong>sine</strong></span> <span class='ocrx_word' id='word_1_123' title='bbox 800 2018 965 2093; x_wconf 89' lang='lat' dir='ltr'><strong>manibus</strong></span> <span class='ocrx_word' id='word_1_124' title='bbox 975 2042 1128 2114; x_wconf 83' lang='lat' dir='ltr'><strong>rognum</strong></span> <span class='ocrx_word' id='word_1_125' title='bbox 1138 2022 1377 2094; x_wconf 85' lang='lat' dir='ltr'><strong>Romanorum</strong></span> 
     </span>
    </p>
   </div>
   <div class='ocr_carea' id='block_1_3' title="bbox 155 2129 1536 2232">
    <p class='ocr_par' dir='ltr' id='par_1_3' title="bbox 155 2129 1536 2232">
     <span class='ocr_line' id='line_1_16' title="bbox 155 2129 1536 2232; baseline -0.001 -24"><span class='ocrx_word' id='word_1_126' title='bbox 155 2133 253 2208; x_wconf 89' lang='lat' dir='ltr'><strong>etin</strong></span> <span class='ocrx_word' id='word_1_127' title='bbox 279 2133 354 2232; x_wconf 89' lang='lat' dir='ltr'><strong>ipso</strong></span> <span class='ocrx_word' id='word_1_128' title='bbox 371 2136 577 2209; x_wconf 72' lang='lat' dir='ltr'><strong>Graecorum</strong></span> <span class='ocrx_word' id='word_1_129' title='bbox 602 2137 794 2208; x_wconf 88' lang='lat' dir='ltr'><strong>Persarum</strong></span> <span class='ocrx_word' id='word_1_130' title='bbox 819 2143 855 2208; x_wconf 93' lang='lat' dir='ltr'><strong>et</strong></span> <span class='ocrx_word' id='word_1_131' title='bbox 876 2132 1142 2207; x_wconf 90' lang='lat' dir='ltr'><strong>Babiloniorum</strong></span> <span class='ocrx_word' id='word_1_132' title='bbox 1167 2132 1229 2230; x_wconf 91' lang='lat' dir='ltr'><strong>qni</strong></span> <span class='ocrx_word' id='word_1_133' title='bbox 1254 2132 1292 2205; x_wconf 93' lang='lat' dir='ltr'><strong>in</strong></span> <span class='ocrx_word' id='word_1_134' title='bbox 1310 2135 1378 2207; x_wconf 90' lang='lat' dir='ltr'><strong>Da·</strong></span> <span class='ocrx_word' id='word_1_135' title='bbox 1495 2190 1500 2202; x_wconf 85' lang='lat'><strong>.</strong></span> <span class='ocrx_word' id='word_1_136' title='bbox 1530 2129 1536 2142; x_wconf 81' lang='grc'><strong><em>’</em></strong></span> 
     </span>
    </p>
   </div>
   <div class='ocr_carea' id='block_1_4' title="bbox 151 2244 1379 3366">
    <p class='ocr_par' dir='ltr' id='par_1_4' title="bbox 151 2244 1379 3366">
     <span class='ocr_line' id='line_1_17' title="bbox 155 2244 1378 2344; baseline 0 -24"><span class='ocrx_word' id='word_1_137' title='bbox 155 2244 273 2323; x_wconf 86' lang='lat' dir='ltr'><strong>nhiele</strong></span> <span class='ocrx_word' id='word_1_138' title='bbox 285 2247 410 2324; x_wconf 85' lang='lat' dir='ltr'><strong>bestiis</strong></span> <span class='ocrx_word' id='word_1_139' title='bbox 426 2247 631 2324; x_wconf 86' lang='lat' dir='ltr'><strong>crudelibus</strong></span> <span class='ocrx_word' id='word_1_140' title='bbox 649 2259 685 2323; x_wconf 88' lang='lat' dir='ltr'><strong>et</strong></span> <span class='ocrx_word' id='word_1_141' title='bbox 702 2256 831 2321; x_wconf 87' lang='lat' dir='ltr'><strong>statuae</strong></span> <span class='ocrx_word' id='word_1_142' title='bbox 847 2245 1134 2344; x_wconf 83' lang='lat' dir='ltr'><strong>corruptibilium</strong></span> <span class='ocrx_word' id='word_1_143' title='bbox 1154 2246 1378 2322; x_wconf 85' lang='lat' dir='ltr'><strong>metallorum</strong></span> 
     </span>
     <span class='ocr_line' id='line_1_18' title="bbox 154 2359 1379 2458; baseline 0.002 -24"><span class='ocrx_word' id='word_1_144' title='bbox 154 2360 198 2435; x_wconf 89' lang='lat' dir='ltr'><strong>ad</strong></span> <span class='ocrx_word' id='word_1_145' title='bbox 223 2361 558 2437; x_wconf 89' lang='lat' dir='ltr'><strong>demonstrationem</strong></span> <span class='ocrx_word' id='word_1_146' title='bbox 589 2360 761 2458; x_wconf 91' lang='lat' dir='ltr'><strong>principis</strong></span> <span class='ocrx_word' id='word_1_147' title='bbox 789 2359 909 2438; x_wconf 66' lang='lat' dir='ltr'><strong>huius,</strong></span> <span class='ocrx_word' id='word_1_148' title='bbox 926 2359 1051 2434; x_wconf 94' lang='lat' dir='ltr'><strong>mundi</strong></span> <span class='ocrx_word' id='word_1_149' title='bbox 1076 2360 1114 2433; x_wconf 93' lang='lat' dir='ltr'><strong>in</strong></span> <span class='ocrx_word' id='word_1_150' title='bbox 1139 2361 1192 2435; x_wconf 90' lang='lat' dir='ltr'><strong>eis</strong></span> <span class='ocrx_word' id='word_1_151' title='bbox 1216 2370 1305 2436; x_wconf 92' lang='lat' dir='ltr'><strong>tunc</strong></span> <span class='ocrx_word' id='word_1_152' title='bbox 1326 2386 1379 2437; x_wconf 88' lang='lat' dir='ltr'><strong>re·</strong></span> 
     </span>
     <span class='ocr_line' id='line_1_19' title="bbox 154 2472 1375 2572; baseline -0.001 -24"><span class='ocrx_word' id='word_1_153' title='bbox 154 2474 302 2570; x_wconf 84' lang='lat' dir='ltr'><strong>guantis</strong></span> <span class='ocrx_word' id='word_1_154' title='bbox 326 2474 521 2550; x_wconf 89' lang='lat' dir='ltr'><strong>contritum</strong></span> <span class='ocrx_word' id='word_1_155' title='bbox 538 2472 703 2549; x_wconf 90' lang='lat' dir='ltr'><strong>funditus</strong></span> <span class='ocrx_word' id='word_1_156' title='bbox 720 2483 757 2549; x_wconf 89' lang='lat' dir='ltr'><strong>et</strong></span> <span class='ocrx_word' id='word_1_157' title='bbox 774 2474 812 2547; x_wconf 91' lang='lat' dir='ltr'><strong>in</strong></span> <span class='ocrx_word' id='word_1_158' title='bbox 830 2473 1062 2549; x_wconf 89' lang='lat' dir='ltr'><strong>fundamento</strong></span> <span class='ocrx_word' id='word_1_159' title='bbox 1074 2473 1276 2572; x_wconf 77' lang='lat' dir='ltr'><strong>apostolicae</strong></span> <span class='ocrx_word' id='word_1_160' title='bbox 1294 2474 1375 2550; x_wconf 84' lang='lat' dir='ltr'><strong>fidei</strong></span> 
     </span>
     <span class='ocr_line' id='line_1_20' title="bbox 154 2586 1376 2687; baseline 0 -26"><span class='ocrx_word' id='word_1_161' title='bbox 154 2586 326 2664; x_wconf 87' lang='lat' dir='ltr'><strong>fundatus</strong></span> <span class='ocrx_word' id='word_1_162' title='bbox 338 2587 502 2687; x_wconf 87' lang='lat' dir='ltr'><strong>implevit</strong></span> <span class='ocrx_word' id='word_1_163' title='bbox 516 2586 722 2663; x_wconf 89' lang='lat' dir='ltr'><strong>universam</strong></span> <span class='ocrx_word' id='word_1_164' title='bbox 740 2597 873 2663; x_wconf 89' lang='lat' dir='ltr'><strong>terram</strong></span> <span class='ocrx_word' id='word_1_165' title='bbox 891 2610 992 2662; x_wconf 87' lang='lat' dir='ltr'><strong>mons</strong></span> <span class='ocrx_word' id='word_1_166' title='bbox 1009 2611 1166 2684; x_wconf 80' lang='lat' dir='ltr'><strong>magnus</strong></span> <span class='ocrx_word' id='word_1_167' title='bbox 1179 2597 1234 2664; x_wconf 90' lang='lat' dir='ltr'><strong>ost</strong></span> <span class='ocrx_word' id='word_1_168' title='bbox 1246 2588 1376 2678; x_wconf 84' lang='lat' dir='ltr'><strong>factus,</strong></span> 
     </span>
     <span class='ocr_line' id='line_1_21' title="bbox 153 2701 1376 2800; baseline 0.001 -26"><span class='ocrx_word' id='word_1_169' title='bbox 153 2701 241 2777; x_wconf 89' lang='lat' dir='ltr'><strong>focit</strong></span> <span class='ocrx_word' id='word_1_170' title='bbox 257 2725 320 2777; x_wconf 93' lang='lat' dir='ltr'><strong>nos</strong></span> <span class='ocrx_word' id='word_1_171' title='bbox 335 2726 381 2777; x_wconf 82' lang='lat' dir='ltr'><strong>ex</strong></span> <span class='ocrx_word' id='word_1_172' title='bbox 396 2703 492 2777; x_wconf 91' lang='lat' dir='ltr'><strong>omni</strong></span> <span class='ocrx_word' id='word_1_173' title='bbox 511 2701 608 2777; x_wconf 89' lang='lat' dir='ltr'><strong>tribu</strong></span> <span class='ocrx_word' id='word_1_174' title='bbox 625 2712 662 2777; x_wconf 87' lang='lat' dir='ltr'><strong>et</strong></span> <span class='ocrx_word' id='word_1_175' title='bbox 678 2702 807 2799; x_wconf 85' lang='lat' dir='ltr'><strong>lingua</strong></span> <span class='ocrx_word' id='word_1_176' title='bbox 823 2711 860 2778; x_wconf 91' lang='lat' dir='ltr'><strong>et</strong></span> <span class='ocrx_word' id='word_1_177' title='bbox 877 2702 1003 2800; x_wconf 92' lang='lat' dir='ltr'><strong>populo</strong></span> <span class='ocrx_word' id='word_1_178' title='bbox 1016 2711 1053 2778; x_wconf 92' lang='lat' dir='ltr'><strong>et</strong></span> <span class='ocrx_word' id='word_1_179' title='bbox 1065 2701 1208 2778; x_wconf 87' lang='lat' dir='ltr'><strong>natione</strong></span> <span class='ocrx_word' id='word_1_180' title='bbox 1223 2724 1376 2799; x_wconf 84' lang='lat' dir='ltr'><strong>regnum</strong></span> 
     </span>
     <span class='ocr_line' id='line_1_22' title="bbox 153 2815 1376 2914; baseline 0 -24"><span class='ocrx_word' id='word_1_181' title='bbox 153 2823 191 2890; x_wconf 91' lang='lat' dir='ltr'><strong>et</strong></span> <span class='ocrx_word' id='word_1_182' title='bbox 207 2815 406 2891; x_wconf 88' lang='lat' dir='ltr'><strong>sacerdotes</strong></span> <span class='ocrx_word' id='word_1_183' title='bbox 423 2819 496 2891; x_wconf 89' lang='lat' dir='ltr'><strong>Deo</strong></span> <span class='ocrx_word' id='word_1_184' title='bbox 512 2826 632 2891; x_wconf 91' lang='lat' dir='ltr'><strong>nostro</strong></span> <span class='ocrx_word' id='word_1_185' title='bbox 649 2841 755 2914; x_wconf 89' lang='lat' dir='ltr'><strong>super</strong></span> <span class='ocrx_word' id='word_1_186' title='bbox 773 2825 918 2907; x_wconf 90' lang='lat' dir='ltr'><strong>terram,</strong></span> <span class='ocrx_word' id='word_1_187' title='bbox 932 2816 1057 2890; x_wconf 88' lang='lat' dir='ltr'><strong>utiam</strong></span> <span class='ocrx_word' id='word_1_188' title='bbox 1072 2839 1143 2891; x_wconf 93' lang='lat' dir='ltr'><strong>non</strong></span> <span class='ocrx_word' id='word_1_189' title='bbox 1157 2824 1285 2913; x_wconf 85' lang='lat' dir='ltr'><strong>regnet</strong></span> <span class='ocrx_word' id='word_1_190' title='bbox 1297 2839 1376 2914; x_wconf 92' lang='lat' dir='ltr'><strong>pec·</strong></span> 
     </span>
     <span class='ocr_line' id='line_1_23' title="bbox 153 2927 1378 3028; baseline 0.002 -25"><span class='ocrx_word' id='word_1_191' title='bbox 153 2938 275 3003; x_wconf 91' lang='lat' dir='ltr'><strong>catum</strong></span> <span class='ocrx_word' id='word_1_192' title='bbox 300 2928 338 3002; x_wconf 91' lang='lat' dir='ltr'><strong>in</strong></span> <span class='ocrx_word' id='word_1_193' title='bbox 357 2939 476 3004; x_wconf 89' lang='lat' dir='ltr'><strong>nostro</strong></span> <span class='ocrx_word' id='word_1_194' title='bbox 493 2927 635 3004; x_wconf 89' lang='lat' dir='ltr'><strong>mortali</strong></span> <span class='ocrx_word' id='word_1_195' title='bbox 652 2953 795 3027; x_wconf 84' lang='lat' dir='ltr'><strong>corporo</strong></span> <span class='ocrx_word' id='word_1_196' title='bbox 812 2930 856 3005; x_wconf 87' lang='lat' dir='ltr'><strong>ad</strong></span> <span class='ocrx_word' id='word_1_197' title='bbox 873 2929 1106 3006; x_wconf 89' lang='lat' dir='ltr'><strong>obediendum</strong></span> <span class='ocrx_word' id='word_1_198' title='bbox 1124 2930 1378 3028; x_wconf 89' lang='lat' dir='ltr'><strong>concupiscen-</strong></span> 
     </span>
     <span class='ocr_line' id='line_1_24' title="bbox 151 3041 1373 3142; baseline 0.004 -29"><span class='ocrx_word' id='word_1_199' title='bbox 151 3041 214 3116; x_wconf 89' lang='lat' dir='ltr'><strong>tiis</strong></span> <span class='ocrx_word' id='word_1_200' title='bbox 230 3041 319 3133; x_wconf 89' lang='lat' dir='ltr'><strong>cius,</strong></span> <span class='ocrx_word' id='word_1_201' title='bbox 336 3044 398 3118; x_wconf 88' lang='lat' dir='ltr'><strong>sed</strong></span> <span class='ocrx_word' id='word_1_202' title='bbox 422 3042 563 3117; x_wconf 90' lang='lat' dir='ltr'><strong>iustitia</strong></span> <span class='ocrx_word' id='word_1_203' title='bbox 580 3043 798 3142; x_wconf 89' lang='lat' dir='ltr'><strong>sempiterna</strong></span> <span class='ocrx_word' id='word_1_204' title='bbox 824 3068 904 3142; x_wconf 85' lang='lat' dir='ltr'><strong>quae</strong></span> <span class='ocrx_word' id='word_1_205' title='bbox 924 3053 979 3119; x_wconf 90' lang='lat' dir='ltr'><strong>cst</strong></span> <span class='ocrx_word' id='word_1_206' title='bbox 998 3043 1166 3119; x_wconf 85' lang='lat' dir='ltr'><strong>Christus</strong></span> <span class='ocrx_word' id='word_1_207' title='bbox 1185 3068 1247 3142; x_wconf 90' lang='lat' dir='ltr'><strong>per</strong></span> <span class='ocrx_word' id='word_1_208' title='bbox 1268 3043 1373 3118; x_wconf 89' lang='lat' dir='ltr'><strong>fidem</strong></span> 
     </span>
     <span class='ocr_line' id='line_1_25' title="bbox 151 3153 1375 3257; baseline 0.005 -30"><span class='ocrx_word' id='word_1_209' title='bbox 151 3153 290 3231; x_wconf 88' lang='lat' dir='ltr'><strong>habitet</strong></span> <span class='ocrx_word' id='word_1_210' title='bbox 305 3165 412 3254; x_wconf 90' lang='lat' dir='ltr'><strong>atque</strong></span> <span class='ocrx_word' id='word_1_211' title='bbox 430 3169 560 3255; x_wconf 86' lang='lat' dir='ltr'><strong>regnat</strong></span> <span class='ocrx_word' id='word_1_212' title='bbox 577 3157 616 3232; x_wconf 93' lang='lat' dir='ltr'><strong>in</strong></span> <span class='ocrx_word' id='word_1_213' title='bbox 632 3158 764 3234; x_wconf 90' lang='lat' dir='ltr'><strong>nostris</strong></span> <span class='ocrx_word' id='word_1_214' title='bbox 777 3158 943 3234; x_wconf 90' lang='lat' dir='ltr'><strong>cordibus</strong></span> <span class='ocrx_word' id='word_1_215' title='bbox 958 3181 1092 3257; x_wconf 89' lang='lat' dir='ltr'><strong>nosque</strong></span> <span class='ocrx_word' id='word_1_216' title='bbox 1105 3184 1188 3235; x_wconf 93' lang='lat' dir='ltr'><strong>cum</strong></span> <span class='ocrx_word' id='word_1_217' title='bbox 1203 3181 1243 3235; x_wconf 90' lang='lat' dir='ltr'><strong>eo</strong></span> <span class='ocrx_word' id='word_1_218' title='bbox 1255 3182 1375 3256; x_wconf 88' lang='lat' dir='ltr'><strong>perpe-</strong></span> 
     </span>
     <span class='ocr_line' id='line_1_26' title="bbox 152 3277 444 3366; baseline 0.017 -25"><span class='ocrx_word' id='word_1_219' title='bbox 152 3277 216 3343; x_wconf 92' lang='lat' dir='ltr'><strong>tuo</strong></span> <span class='ocrx_word' id='word_1_220' title='bbox 240 3293 444 3366; x_wconf 80' lang='lat' dir='ltr'><strong>regnemus.</strong></span> 
     </span>
    </p>
   </div>
   <div class='ocr_carea' id='block_1_5' title="bbox 0 0 1808 5498">
    <p class='ocr_par' dir='ltr' id='par_1_5' title="bbox 0 0 1808 5498">
     <span class='ocr_line' id='line_1_27' title="bbox 0 0 1808 5498; baseline 0 5"><span class='ocrx_word' id='word_1_221' title='bbox 0 0 1808 5498; x_wconf 95' lang='lat' dir='ltr'><strong> </strong></span> 
     </span>
    </p>
   </div>
  </div>
 </body>
</html>
