3608 5498
805 324 1047 385 -500-·

290 443 415 541 scopis,
432 442 476 516 ad
493 441 677 515 sinistram
701 465 783 516 vero
795 441 921 515 multis
941 467 984 516 ex
1001 442 1220 539 amplissimo
1238 454 1413 516 senatum.
1439 445 1511 516 Im-

291 568 430 655 perator
451 555 549 629 dixit.
572 558 784 653 Oportuerat
806 555 946 653 quidem
968 556 1011 629 de
1032 556 1175 650 Ignatio
1190 554 1326 628 nullam
1346 556 1415 629 iam
1432 557 1510 630 fieri

290 670 522 769 questionem,
539 670 598 767 qui
618 694 680 766 pro
699 669 897 743 manifestis
913 670 1029 767 culpis
1047 670 1225 768 depositus
1244 680 1308 758 est,
1327 671 1385 744 sed
1404 670 1512 743 hono

291 793 411 858 rantes
424 794 583 858 sanctam
601 805 822 856 romanorum
838 781 1034 857 aecclesiam
1050 793 1085 856 ot
1098 782 1365 858 sanctissimum
1381 806 1508 881 papam

293 899 507 973 Nieholaum
522 899 559 970 in
573 897 721 972 vicariis
733 897 820 986 suis,
835 895 1075 994 permittimus
1088 919 1166 992 quae
1176 895 1218 969 de
1230 919 1270 970 eo
1282 907 1368 969 sunt
1377 896 1509 971 iterum

294 1011 481 1085 ventilare.
507 1014 607 1085 Item.
625 1010 760 1084 Paulus
781 1011 966 1107 episcopus
991 1008 1145 1082 Cesariae
1162 1007 1393 1106 Cappadocia
1408 1010 1512 1083 dixit.

294 1124 479 1199 Sententia
497 1123 625 1221 synodi
642 1123 724 1196 data
737 1133 791 1197 est
808 1132 929 1197 eontra
948 1120 1143 1216 Ignatium
1161 1129 1196 1195 et
1213 1120 1250 1193 iu
1276 1121 1428 1195 ecclesia
1454 1146 1514 1193 no-

294 1248 369 1311 stra
388 1237 446 1311 ille
463 1236 535 1309 iam
553 1262 698 1311 eausam
718 1235 912 1310 nonhabet
937 1245 973 1310 et
990 1235 1207 1331 questionem
1227 1259 1296 1308 non
1315 1235 1425 1322 venit,
1450 1237 1513 1310 sed

292 1361 432 1450 propter
446 1350 611 1423 honorem
621 1349 737 1424 sancti
750 1349 845 1424 Petri
854 1359 890 1424 et
898 1347 1115 1422 sanctissimi
1130 1358 1166 1422 et
1179 1347 1396 1422 universalis
1407 1351 1513 1445 Papae

296 1464 450 1562 Nycoiai
462 1466 625 1540 renovari
635 1490 780 1540 eausam
790 1465 879 1553 eius,
888 1472 922 1539 et
935 1460 1084 1536 iudicari
1094 1460 1211 1557 placet
1222 1460 1387 1534 omnibus
1401 1461 1512 1534 nobis.

293 1578 510 1676 Apocrisarii
529 1583 633 1675 Papae
650 1578 825 1653 dixerunt.
842 1581 914 1652 Nos
932 1575 1047 1650 locum
1063 1584 1223 1650 tenentes
1237 1575 1378 1649 Domini
1398 1575 1510 1648 nostri

289 1691 428 1765 Nicolai
444 1695 559 1789 Papae,
576 1691 772 1765 secundum
791 1690 1040 1764 auctoritatem
1054 1702 1258 1763 sanctornm
1273 1699 1414 1786 patrum
1429 1691 1513 1761 Sar·

289 1805 443 1879 dioensis
462 1803 604 1880 coneilii
622 1803 790 1878 volumus
806 1802 929 1877 venire
947 1800 1131 1897 Ignatium
1156 1811 1239 1875 ante
1256 1824 1331 1888 noa,
1353 1810 1388 1874 et
1414 1825 1513 1875 reno-

289 1943 375 1992 vare
394 1917 565 1992 iudicium
585 1917 672 1991 eius
690 1921 790 1990 item.
808 1915 941 1990 Paulus
958 1915 1143 2011 episcopus
1160 1914 1316 1988 Cesariae
1334 1914 1514 2012 Cappado-

292 2031 360 2104 xire
372 2030 473 2105 dixit.
494 2031 548 2104 Ab
564 2029 725 2105 aeeclesia
743 2041 864 2105 nostra
877 2052 945 2103 non
959 2028 1062 2102 dohet
1078 2027 1198 2101 vocari
1218 2027 1413 2122 ignatium.
1432 2029 1512 2101 Pla·

290 2155 348 2219 cet
364 2154 484 2218 autem
504 2143 674 2219 aeeelesira
691 2155 820 2217 nostrae
837 2155 976 2243 propter
993 2143 1160 2216 honorem
1183 2141 1353 2238 principis
1377 2153 1514 2239 aposto-

290 2256 403 2329 lorum
419 2266 454 2331 et
468 2256 599 2331 domini
617 2260 719 2355 Papae
733 2257 896 2353 Npeolai,
909 2257 1023 2330 iacere
1037 2256 1128 2353 quod
1143 2255 1242 2329 vobis
1256 2256 1406 2329 videtur.
1422 2262 1513 2353 Apo·

289 2369 428 2444 crisarii
444 2369 548 2466 Papae
561 2370 738 2444 dixerunt.
750 2375 823 2444 Nos
836 2395 922 2469 quos
935 2369 1099 2457 facimus,
1112 2367 1324 2441 auctoritate
1339 2370 1512 2444 canonica

294 2482 457 2555 facimus.
475 2483 671 2580 Nequando
688 2494 869 2581 quaeratur
885 2508 923 2557 se
947 2483 1074 2556 honam
1100 2507 1244 2556 eausam
1272 2481 1410 2569 habere,
1436 2506 1514 2580 pro·

290 2607 411 2694 pterea
428 2595 596 2670 volumus
614 2622 784 2673 renovare
798 2599 981 2674 indicium.
999 2597 1098 2668 Item.
1117 2593 1286 2689 Ignatius
1302 2593 1510 2690 apocrisarii

288 2710 391 2783 dixit.
412 2716 503 2784 Ante
522 2711 836 2807 interrogationem
856 2708 1116 2810 prmirrdioastis
1134 2734 1199 2781 me.
1220 2708 1435 2804 Apoerisarii
1460 2708 1513 2782 di·

289 2833 429 2897 xerunt.
447 2824 652 2910 Quomodo?
669 2825 834 2920 Ignatius
851 2825 950 2899 dixit.
968 2823 1060 2910 Quia
1077 2847 1139 2896 vos
1156 2848 1239 2897 cnm
1258 2822 1338 2895 sitis
1355 2823 1511 2920 episcopi

289 2937 429 3026 sedetis,
448 2947 564 3011 stante
584 2962 649 3024 me,
667 2939 728 3035 qui
747 2965 827 3011 sum
851 2936 1062 3036 patriarcha.
1089 2936 1304 3033 Apoerisarii
1331 2935 1509 3010 dixerunt.

289 3048 464 3135 Quoniam
479 3049 517 3121 in
531 3049 662 3125 indicio
675 3076 723 3137 es,
737 3062 772 3125 et
786 3076 848 3125 nos
861 3051 1001 3149 quidem
1017 3050 1182 3147 quamvis
1195 3049 1370 3147 episcopis
1383 3048 1509 3135 simus,

288 3161 404 3236 locum
424 3174 544 3236 tamon
562 3163 742 3260 apostolici
761 3164 880 3238 throni
898 3174 1070 3237 tenemus.
1088 3163 1255 3259 Ignatius
1267 3162 1366 3235 dixit.
1383 3165 1428 3234 nt
1441 3185 1510 3256 ege

287 3275 456 3349 throrrum
475 3275 585 3350 habeo
603 3277 770 3350 Iohannis
790 3276 946 3374 Apostoli
964 3286 1000 3350 et
1019 3276 1169 3350 Androm
1191 3276 1251 3372 qui
1278 3274 1433 3372 primum
1452 3299 1513 3347 vo

287 3399 390 3463 catus
408 3399 462 3464 est
479 3390 678 3487 discipulus
696 3391 842 3465 Christi.
862 3389 1075 3487 Apoerisarii
1094 3390 1270 3464 dixerunt.
1288 3389 1356 3463 Sed
1375 3411 1443 3461 non
1458 3388 1512 3460 iu-

288 3501 452 3575 renimus
472 3503 653 3577 resedente
671 3503 707 3575 in
727 3503 861 3577 throne.
879 3504 1046 3598 ignatius
1071 3502 1170 3576 dixit.
1196 3503 1233 3575 Si
1260 3501 1347 3575 iusti
1373 3500 1512 3576 iudices

286 3612 384 3699 estis,
400 3613 543 3687 reddere
553 3614 639 3686 mihi
650 3613 817 3687 thronum
835 3642 950 3690 meum
965 3617 1108 3702 deberis,
1122 3627 1157 3689 et
1171 3616 1222 3690 sic
1236 3616 1404 3689 iudicare.
1418 3617 1510 3688 item

288 3726 496 3822 apocrisarii
515 3728 691 3802 dixerunt.
717 3735 918 3802 Accusatus
943 3755 981 3803 es
1005 3729 1101 3826 apud
1126 3728 1354 3826 apostolicam
1380 3727 1510 3801 sedem.

287 3839 455 3935 Ignatius
472 3839 571 3914 dixit.
590 3844 647 3914 Me
665 3849 864 3937 presentem
881 3854 1145 3918 accusaverunt
1163 3847 1281 3917 Romae
1303 3841 1361 3916 vel
1385 3840 1510 3914 absen-

286 3961 360 4028 tem
370 3958 388 4027 ‘t
399 3954 614 4052 Apocrisurii
625 3954 801 4028 dixerunt.
813 3958 886 4030 Hoc
903 3956 1035 4030 malum
1048 3966 1102 4031 est
1115 3955 1190 4044 tibi,
1203 3955 1288 4052 quia
1301 3980 1385 4029 cum
1398 3978 1504 4029 accir-

289 4067 417 4140 satoris
434 4078 488 4141 est
503 4071 631 4155 Romae,
644 4069 788 4166 scripsit
801 4068 864 4142 tibi
879 4069 1093 4145 Benedictus
1107 4072 1201 4165 Papa
1217 4078 1256 4141 ut
1270 4066 1507 4164 responderes,

287 4185 341 4253 Tu
360 4204 444 4254 vero
463 4206 575 4280 neque
601 4191 721 4279 perte
747 4181 875 4280 ipsum,
900 4207 1014 4280 neque
1040 4182 1236 4280 paralium
1263 4180 1434 4275 dignatus
1465 4203 1506 4253 es

285 4295 503 4392 respondere.
517 4296 693 4370 Venimus
705 4320 792 4392 ergo
806 4297 1022 4393 perscrutari
1037 4321 1183 4371 oausam
1197 4303 1310 4381 tuam,
1323 4293 1423 4365 iuxta
1436 4304 1510 4364 tra·

285 4407 453 4486 ditionem
467 4419 670 4484 sauctorum
686 4418 828 4511 patrum
843 4418 878 4487 et
892 4433 1079 4485 curionum.
1093 4413 1181 4486 Item
1195 4405 1405 4509 apocrisarii
1413 4403 1510 4480 dixe·
