3608 5498
681 343 722 464 ἔ
744 416 810 482 205
836 452 876 467 -

670 587 877 672 minor.

255 778 327 848 Lno
340 775 478 873 primus
490 778 678 853 constituit
690 803 797 876 super
810 777 1000 877 sepulchra
1011 779 1256 877 Apostolorum
1267 792 1382 855 custo

159 888 232 980 des,
247 889 310 987 qui
327 887 498 966 dicuntur
514 889 728 968 cubicularii
746 917 790 968 ex
806 892 901 969 clero
919 896 1083 969 Romano.

694 1129 854 1212 LXXXV.

256 1324 418 1422 Vigilius
436 1322 698 1423 Papa‘venians
719 1327 757 1400 in
775 1328 947 1418 Siciliam,
965 1329 1002 1403 in
1020 1328 1168 1404 civitate
1185 1328 1382 1419 Catinensi,

161 1436 247 1513 fecit
263 1439 502 1514 ordinationes
519 1438 807 1540 presbyterorum
822 1452 858 1517 et
870 1441 1109 1532 diaconorum,
1122 1443 1215 1516 inter
1228 1465 1316 1539 quos
1331 1467 1382 1518 re·

159 1552 361 1626 transmisit
378 1556 524 1628 Romam
543 1554 766 1652 Ampliatum
784 1554 1035 1654 presbyterum
1060 1564 1097 1630 et
1118 1555 1381 1631 vicedominum

161 1690 278 1737 suum.

679 1810 865 1895 LXXXVI.

255 2006 398 2103 Xystus
414 2008 465 2080 ΙΙΙ
488 2007 630 2082 natione
648 2011 828 2082 Romanus
845 2008 932 2085 fecit
949 2008 1135 2083 basilicam
1156 2032 1293 2081 snuorn
1307 2011 1385 2080 Mr-

160 2144 219 2192 run
236 2120 381 2193 Maioris
405 2144 484 2217 quae
509 2121 552 2194 ab
577 2122 736 2218 antiquis
761 2123 892 2197 Libarii
909 2122 1169 2213 nominabatur,
1187 2121 1287 2195 iuxta
1304 2147 1377 2194 ma-

160 2231 292 2308 cellum
309 2233 429 2325 Libiae,
446 2244 481 2309 et
494 2234 671 2310 dedicavit
684 2259 744 2309 eas
756 2237 869 2310 Nonis
883 2235 1052 2332 Augusti.
1065 2238 1156 2310 Item
1175 2233 1268 2309 idem
1286 2233 1382 2308 dedi·

160 2347 259 2421 cavit
270 2346 454 2422 basilicam
470 2348 716 2446 Apostolorum
734 2372 812 2446 quae
829 2348 962 2422 dieitur
975 2347 1105 2422 titulus
1117 2346 1297 2435 Eudoxiae,
1311 2350 1382 2419 Ka·

160 2458 275 2534 lendis
302 2462 470 2557 Augusti.
488 2462 557 2538 Hic
582 2462 760 2536 ordinavit
786 2487 906 2538 mense
932 2461 1119 2538 Decembri
1145 2461 1380 2559 Presbyteros

160 2575 338 2649 XXVIIII
355 2575 529 2649 Diaconos
546 2579 628 2649 XV.

669 2717 875 2803 LXXXVII.

260 2914 468 3012 Simplicius
485 2914 629 2991 natione
646 2915 858 2990 Tiburtinus
874 2916 1062 2992 constituit
1078 2916 1121 2990 ad
1140 2925 1305 2992 sanctum
1320 2918 1381 2992 Pe

161 3037 256 3102 trum
277 3027 483 3126 Apostolum
505 3028 603 3103 etad
620 3037 786 3103 sanctum
805 3031 1039 3104 Laurentium
1064 3039 1260 3127 martyrem
1279 3028 1381 3103 ebdo-

161 3140 294 3230 madas,
311 3152 352 3214 ut
377 3139 582 3238 Presbyteri
603 3152 789 3215 manarent
811 3152 952 3241 propter
976 3142 1186 3240 penitentes
1210 3152 1247 3218 et
1271 3141 1384 3238 bapti·

162 3254 492 3351 smumRegiouem
506 3256 572 3327 ΙΙΙ·
587 3253 631 3328 ad
641 3256 812 3329 Sanctum
829 3255 1071 3329 Laurentium.
1081 3252 1193 3350 Regio
1205 3253 1320 3355 prima
1334 3252 1381 3328 ad

162 3377 327 3442 sanctum
345 3367 509 3441 Paulum.
527 3367 684 3461 Regione
701 3370 753 3441 VI
771 3377 807 3442 et
824 3370 893 3443 VII
910 3368 955 3441 ad
968 3377 1134 3445 sanctum
1148 3370 1307 3456 Petrum,
1319 3365 1380 3442 hIc

162 3480 343 3555 ordinavit
356 3480 582 3578 presbyteros
594 3482 711 3554 LVIII
727 3478 892 3555 diaconos
905 3482 959 3554 XI
976 3480 1154 3581 episcopos
1171 3481 1333 3554 XXXVI
1347 3488 1383 3554 et

163 3601 240 3692 post
261 3592 370 3667 huius
386 3593 522 3668 obitum
539 3592 743 3669 factumest
759 3617 780 3665 a
794 3591 1062 3693 presbyteriset
1078 3590 1285 3669 diaconibus
1302 3613 1383 3668 con·

164 3706 332 3782 stitutum
345 3706 388 3782 de
404 3707 500 3783 omni
517 3704 690 3782 aecclesia.

659 3848 885 3935 LXXXVIII.

261 4047 464 4146 Symachus
481 4048 623 4123 natione
649 4046 784 4122 Sardus
804 4047 896 4123 sedit
919 4070 1031 4123 annos
1055 4048 1126 4120 XV
1152 4069 1293 4120 menses
1315 4047 1385 4119 VII

164 4162 240 4236 dias
255 4165 371 4236 XVII.
390 4162 458 4238 Hic
475 4163 512 4235 in
530 4160 717 4237 Decembri
735 4169 771 4235 et
786 4161 824 4234 in
843 4159 1037 4235 Februario
1053 4158 1091 4231 in
1106 4158 1194 4231 urbe
1207 4161 1318 4232 Roma
1331 4180 1386 4231 or·

165 4275 303 4350 dinavit
316 4276 539 4374 presbyteros
552 4275 654 4351 XCII
667 4275 833 4350 diacones
845 4275 935 4345 XVI
949 4272 1127 4370 episcopos
1137 4270 1311 4346 oxvlrlr
1324 4294 1386 4368 per

165 4387 306 4463 divorsa
323 4389 410 4465 Ioca.
428 4393 475 4463 Et
490 4388 679 4465 constituit
695 4397 737 4462 ut
754 4384 850 4460 omni
869 4384 924 4460 die
941 4383 1118 4461 dominico
1135 4382 1193 4458 vel
1204 4382 1387 4458 nataliciis

167 4512 370 4601 martyrum
390 4500 512 4576 Gloria
531 4501 568 4575 in
586 4497 737 4575 excelsis
753 4500 827 4572 Deo
841 4522 978 4595 ymnus
995 4496 1184 4572 diceretur.
