3608 5498
807 439 843 452 -
873 405 1005 468 509-

223 546 225 551 ·
292 537 376 601 stra
393 529 559 601 nomana
571 526 732 602 ecclesiae
745 527 863 601 facere
877 524 1054 600 volumus,
1066 527 1168 598 Item.
1184 523 1398 620 Apocrisarii
1416 549 1514 597 man·

292 641 470 715 daverunt
484 641 633 736 Ignatio.
647 640 806 735 Diguare
823 640 945 715 adesse
959 650 1000 712 ut
1012 649 1219 736 cooperante
1238 640 1309 712 Deo
1326 638 1511 733 negotium

292 765 396 828 tuum
415 755 608 848 diligenter
626 754 884 849 investigatum
904 756 997 829 iusto
1023 766 1058 827 et
1084 762 1179 828 recto
1197 752 1328 827 iudicio
1346 751 1513 828 termine·

294 878 365 955 tur,
378 866 537 942 'consulit
563 866 677 961 igitur
702 866 883 941 sanctitati
910 878 970 941 tue
997 867 1220 942 mediocritas
1245 878 1376 953 nostra,
1395 874 1436 938 ut
1460 890 1514 939 se·

293 981 451 1054 cundum
471 980 641 1055 canonica
658 982 918 1067 auctoritatem,
936 990 972 1054 et
989 983 1155 1054 Romanae
1177 978 1348 1054 aecclesiae
1365 1002 1512 1053 consue-

294 1094 466 1181 tudinem,
484 1092 775 1168 inexcusabiliter
793 1102 828 1168 et
852 1093 947 1166 omni
973 1092 1157 1168 occasione
1175 1102 1307 1167 remota
1326 1092 1451 1165 venias
1468 1091 1513 1165 ad

292 1207 469 1304 synodum
496 1218 652 1280 nostram
680 1207 791 1281 multe
816 1207 911 1281 enim
938 1207 1184 1281 accusationes
1209 1214 1333 1280 contra
1359 1215 1393 1278 to
1419 1205 1513 1278 facte

291 1328 377 1391 sunt
401 1319 438 1390 in
457 1322 615 1392 Romana
632 1318 793 1393 recolesia
814 1318 907 1416 apud
924 1319 1146 1393 beatissimos
1163 1317 1347 1414 pontifices
1365 1317 1513 1390 Benedi-

291 1442 389 1505 ctum
416 1442 452 1504 ct
468 1431 692 1506 Nicholaum.
710 1433 812 1506 Unde
838 1434 973 1505 iustum
999 1432 1118 1504 visum
1140 1440 1194 1505 est
1212 1429 1311 1504 nobis
1328 1428 1511 1503 occultum

295 1545 429 1619 vulnus
444 1571 503 1643 per
516 1546 764 1620 auctoritatem
783 1545 990 1620 canonicam
1006 1570 1133 1619 curare
1147 1542 1314 1619 canterio.
1325 1545 1413 1615 Item
1425 1548 1512 1638 Apo·

291 1659 430 1732 crisarii
461 1660 720 1734 mandaverunt
738 1660 889 1754 Ignatio
908 1660 1084 1732 Miramur
1101 1657 1192 1755 qnod
1209 1655 1346 1752 expetis
1370 1680 1435 1729 nos
1460 1657 1513 1728 iu·

293 1798 370 1846 rare
389 1773 588 1868 evangelia.
608 1775 757 1860 Quando
779 1773 983 1870 apocrisarii
1002 1776 1167 1845 Romanae
1192 1769 1362 1845 acclesiae
1388 1768 1424 1840 iu
1444 1771 1510 1866 sy-

292 1887 379 1960 nodo
397 1887 516 1961 iurare
540 1888 685 1982 expetiti
705 1896 800 1974 sunt,
818 1896 859 1960 nt
884 1886 919 1957 in
938 1909 1002 1959 nos
1025 1885 1123 1958 modo
1141 1884 1310 1956 iuremus
1328 1886 1400 1954 Nos
1419 1882 1514 1954 iura·

188 2037 193 2048 ·
292 2010 452 2072 mentum
483 2024 565 2074 cum
597 1999 795 2074 sacerdotes
825 1999 938 2071 simus
968 1997 1149 2095 usquead
1176 1997 1298 2069 horam
1325 1995 1511 2091 hanc‚per

289 2113 445 2206 gratiam
465 2113 528 2186 Ilei
555 2125 590 2186 et
615 2112 838 2209 disciplinam
856 2111 970 2185 sancti
990 2109 1102 2206 patris
1119 2108 1229 2182 nostri
1250 2111 1353 2203 Papae
1371 2106 1511 2181 Nicolai

290 2250 403 2322 neque
421 2226 594 2310 iuramus,
611 2250 725 2322 noque
744 2225 944 2297 iurabimus
962 2249 1023 2321 pro
1049 2247 1181 2318 magno
1202 2221 1261 2295 vel
1283 2245 1388 2309 parvo
1407 2244 1513 2315 nego·

290 2338 348 2411 tio.
360 2343 406 2412 Et
423 2340 452 2411 si
472 2343 509 2411 in
527 2338 655 2413 ceteris
673 2337 859 2434 petitiones
878 2348 1016 2413 vestras
1034 2334 1378 2434 complevimnshoc
1396 2358 1511 2430 nequo

293 2452 521 2525 sanctitatem
539 2461 639 2524 tuam
658 2452 759 2525 decet
776 2461 950 2547 expetere,
963 2474 1077 2547 neque
1092 2473 1154 2522 nos
1168 2449 1293 2523 lacere.
1308 2451 1408 2522 Item.
1424 2453 1513 2544 Apo·

295 2566 434 2638 crisarii
448 2565 624 2638 dixerunt.
635 2569 706 2639 Nos
720 2588 781 2660 pro
795 2565 926 2637 iniuria
941 2575 1060 2637 nostro
1074 2563 1257 2659 Ignatium
1278 2561 1513 2658 condempna-

292 2705 328 2752 re
347 2704 415 2754 non
435 2704 622 2776 possumus
640 2680 698 2754 sed
726 2704 788 2776 pro
813 2678 929 2775 culpis
954 2677 1029 2750 suis
1054 2676 1084 2749 si
1111 2676 1141 2749 ei
1169 2673 1512 2770 fuerintaprobatae.

290 2795 379 2865 Item
391 2791 592 2865 Theodorus
610 2792 793 2888 opiscopus
807 2792 979 2866 LaodIciae
997 2789 1266 2865 dixitEcolesia
1284 2799 1404 2862 nostra
1422 2788 1513 2862 alias

289 2904 565 2979 consuetudines
583 2903 689 2979 habet
706 2930 813 3002 quam
835 2917 965 2979 vestra.
983 2905 1052 2978 Sed
1078 2904 1267 3002 imperator
1285 2913 1434 2976 sanctus
1453 2927 1511 2976 vo·

289 3018 422 3090 luntati
451 3028 581 3090 restrae
608 3018 826 3114 obsequitur.
852 3017 1071 3113 Apocrisarii
1101 3016 1278 3090 dixerunt.
1307 3017 1380 3087 Nos
1411 3015 1511 3087 iuxta

289 3131 582 3206 consuetudinem
601 3141 758 3204 nostram
777 3131 936 3204 iudicare
953 3153 1022 3202 uon
1048 3127 1216 3201 volumus
1242 3125 1302 3200 sed
1328 3126 1428 3198 iuxta
1455 3150 1513 3199 ca·

288 3243 453 3317 nonicam
471 3241 719 3316 auctoritatem
739 3251 775 3317 et
792 3240 1081 3317 constitutionem
1101 3243 1268 3313 Romanae
1285 3237 1466 3313 aeoclesire.

819 3428 909 3480 Actio
930 3429 986 3478 III.

386 3582 601 3681 Apocrisarii
630 3583 805 3656 dixerunt.
823 3581 944 3654 Nostis
970 3581 1098 3654 fratres
1115 3580 1206 3677 quod
1223 3578 1417 3653 transactis
1441 3579 1512 3652 die·

289 3693 355 3768 bus
372 3705 454 3767 ante
472 3694 601 3791 pascha
620 3719 765 3768 causam
788 3694 922 3788 Ignatii
941 3693 1135 3767 terminare
1153 3692 1393 3789 nequivimus.
1411 3689 1513 3764 Unde

289 3808 522 3904 praecepimus
536 3832 630 3894 eum,
640 3806 742 3880 hodie
755 3805 858 3879 nobis
871 3830 1058 3880 occurrere
1072 3816 1107 3879 et
1121 3805 1347 3879 sanctitatem
1357 3813 1514 3876 vestram

289 3920 489 3994 convenire.
507 3919 545 3991 Si
563 3918 678 4013 igitur
696 3917 812 4014 placet
831 3919 930 3992 vobis
948 3919 1069 3993 veniat
1086 3918 1262 4013 Ignatius.
1277 3916 1441 4016 Episcopi
1461 3915 1511 3988 di·

288 4040 429 4106 xerunt.
446 4034 586 4104 Iustum
605 4039 659 4104 est
676 4041 717 4105 ut
735 4031 866 4104 veniat.
884 4034 974 4105 ltem
989 4030 1124 4109 Bardas
1139 4030 1311 4127 patricius
1324 4028 1423 4101 dixit.
1438 4030 1511 4101 Vos

288 4144 373 4217 insti
393 4144 529 4218 iudices
546 4143 631 4216 estis
648 4168 668 4214 a
688 4167 819 4236 magno
836 4152 871 4217 et
889 4140 1130 4216 iustoiudicio
1157 4140 1290 4228 emissi,
1306 4139 1412 4215 cuius
1438 4163 1514 4236 per·

290 4281 411 4328 sonam
430 4255 577 4329 habetis
592 4258 692 4329 Item.
702 4254 918 4351 Apocrisarii
933 4254 1100 4328 dixerunt
1112 4254 1156 4327 ad
1169 4263 1396 4327 accusatores
1405 4254 1512 4346 Igna·

288 4368 340 4441 tii.
354 4371 520 4464 Experto
534 4380 652 4440 vestra
668 4366 812 4462 quidam
831 4376 1008 4441 venerunt
1022 4368 1168 4438 Romam
1183 4365 1419 4441 reclamantes
1433 4389 1515 4438 con·

288 4492 345 4553 tra
367 4480 560 4575 Ignatium.
583 4485 819 4553 Accusatores
840 4478 1017 4553 dixerunt.
1034 4480 1099 4551 Ita.
1120 4480 1167 4552 Et
1184 4488 1273 4552 tunc
1291 4502 1463 4576 pauperes
1479 4501 1515 4551 e·
