3608 5498
828 404 1045 469 -87-·

190 511 198 526 ’
305 529 475 617 evenerit,
496 539 538 603 ut
554 529 596 603 de
614 527 670 601 sui
689 527 860 604 electione
878 526 1094 603 successoris
1111 539 1153 600 ut
1171 552 1279 625 supra
1296 525 1432 624 placuit
1457 550 1528 601 nou

304 653 421 740 posset
445 652 528 716 ante
548 642 749 729 decernere,
766 640 941 739 siquidem
960 641 997 714 in
1024 666 1137 714 unum
1163 640 1273 716 totius
1297 640 1528 717 inclinaverit

304 753 540 831 ecclesiastici
557 755 693 829 ordinis
709 754 844 841 electio,
861 764 1089 830 consecretur
1112 754 1248 830 electus
1263 755 1469 854 Episcopus.
1489 755 1528 828 Si

304 869 400 944 enim
414 880 455 944 ut
468 870 556 944 solet
568 869 687 943 studia
700 868 860 967 ceperint
873 893 949 944 esse
962 869 1078 943 divisa
1092 869 1294 945 eorumdem
1312 869 1442 967 quibus
1454 895 1528 945 cer·

304 994 425 1059 tamen
442 982 628 1058 emerserit
649 981 842 1058 convincat
867 983 1044 1058 sententia
1063 983 1309 1082 plurimorum.
1327 985 1388 1058 Sic
1406 993 1527 1058 tamen

304 1106 345 1170 ut
361 1095 556 1172 sacerdotio
573 1105 705 1181 careat,
722 1095 783 1193 qui
802 1105 931 1192 captus
944 1094 1186 1192 promissione,
1199 1119 1268 1170 non
1284 1106 1380 1171 recto
1392 1094 1525 1170 iudicio

303 1213 345 1287 de
362 1212 534 1287 electione
551 1211 761 1286 decreverit.
779 1210 947 1309 synodus
964 1208 1055 1282 dixit
1073 1209 1212 1284 Placet:
1229 1208 1365 1283 dictum
1384 1218 1439 1284 est
1451 1212 1525 1282 X‘⁸·

303 1329 452 1424 Propter
469 1326 629 1402 occultas
645 1336 766 1400 autem
783 1325 930 1399 fraudes
947 1333 983 1396 et
1000 1321 1285 1396 coniurationum
1304 1333 1460 1397 secretas
1473 1323 1526 1397 in·

301 1438 410 1512 sidias
427 1463 516 1536 quas
529 1438 637 1512 huius
650 1437 828 1513 sententia
841 1436 1076 1512 districtionis
1089 1437 1263 1535 sequitur,
1276 1436 1306 1508 si
1320 1437 1402 1535 quis
1413 1438 1459 1512 ad
1470 1464 1525 1514 ec·

301 1552 539 1627 clesiasticam
549 1550 736 1648 pertulerit
745 1550 910 1624 notitiam
920 1550 1069 1625 consilia
1084 1574 1206 1625 eorum
1220 1550 1282 1648 qui
1296 1562 1419 1627 contra
1429 1551 1523 1629 hanc

305 1664 468 1739 sinodum
483 1664 526 1739 de
540 1664 734 1762 pontificali
748 1664 892 1759 egerint
907 1664 1044 1739 ambitu
1057 1675 1093 1740 et
1107 1664 1313 1740 rationabili·
1321 1667 1524 1764 probatione

301 1777 498 1853 convicerit
520 1778 710 1877 participes
727 1777 889 1866 actionis,
905 1777 1109 1852 huiusmodi
1127 1802 1196 1853 non
1214 1778 1329 1854 solum
1344 1791 1523 1878 purgatus

301 1890 344 1965 ab
361 1892 457 1965 omni
474 1891 580 1990 culpa
597 1893 655 1980 sit,
673 1892 858 1967 sedetiam
876 1890 1161 1967 remuneratione
1179 1916 1259 1989 quaa
1275 1914 1346 1966 non
1371 1893 1523 1990 indigna

301 2004 348 2078 sit
365 2004 582 2081 sublevetur.
600 2005 777 2081 Universa
792 2006 952 2103 synodus
965 2029 1120 2103 surgens
1132 2007 1358 2082 acclamavit.
1372 2008 1522 2084 Placent

300 2119 427 2193 omnia.
453 2124 499 2194 Et
523 2120 655 2198 adiecit
679 2120 817 2194 Exaudi
847 2124 936 2219 Xpe.
965 2120 1145 2219 Symacho
1175 2120 1261 2195 vita.
1291 2121 1435 2197 Dictum
1467 2133 1521 2197 est

301 2235 446 2307 XXX‘⁸·
469 2237 519 2309 Ut
534 2233 659 2307 nullus
675 2233 780 2309 aliter
797 2233 842 2306 ad
858 2235 1111 2332 Episcopatum
1129 2237 1329 2309 Romanum
1354 2235 1521 2336 deinceps

299 2346 421 2422 veniat
437 2371 636 2445 precamur.
654 2347 800 2422 Dictum
820 2357 874 2423 est
891 2351 964 2422 X‘⁸.
981 2351 1029 2423 Ut
1043 2359 1164 2423 nostra
1176 2351 1317 2425 decreta
1331 2351 1519 2426 confirmes

300 2484 477 2556 rogamus.
495 2461 640 2536 Dictum
658 2472 712 2536 est
728 2464 806 2534 Xe&

842 2694 965 2777 otuu.

392 2925 434 2996 In
451 2923 574 2998 eadem
592 2922 722 2997 sinodo.
739 2922 899 2996 Ennodio
915 2924 1087 3022 Episcopo
1104 2923 1271 2999 dictante.
1296 2927 1430 2999 Beatus
1456 2930 1519 3002 Pe·

295 3050 374 3112 trus
398 3060 589 3136 perennem
607 3036 816 3112 meritorum
841 3035 957 3113 dotem
983 3063 1066 3112 cum
1085 3036 1281 3111 hereditate
1303 3036 1517 3114 innocentia

296 3152 394 3227 misit
410 3152 455 3225 ad
473 3162 638 3250 posteros.
656 3152 755 3240 Quod
772 3152 826 3226 illi
843 3174 1052 3227 concessum
1071 3174 1133 3248 per
1157 3158 1306 3225 actuum
1332 3150 1450 3227 lucem
1471 3152 1517 3227 ad

295 3266 374 3343 illos
391 3266 545 3366 pertinet
560 3291 649 3366 quos
665 3292 728 3365 par
750 3263 994 3344 conversionis
1020 3263 1185 3361 splendor
1208 3263 1401 3339 illuminat.
1426 3265 1516 3352 Quis

295 3392 459 3458 sanctum
477 3407 554 3457 esse
571 3382 720 3471 dubitet,
737 3406 843 3480 quem
861 3406 950 3479 apex
965 3391 1076 3455 tantae
1092 3378 1281 3476 dignitatis
1297 3379 1457 3455 attollit?
1473 3384 1516 3456 In

294 3521 362 3596 quo
379 3496 409 3570 si
426 3496 543 3570 desint
554 3498 645 3570 bona
657 3495 833 3594 acquisita
848 3518 910 3592 per
926 3494 1107 3581 meritum,
1123 3492 1309 3568 sufficiunt
1322 3517 1400 3592 quae
1413 3519 1434 3566 a
1446 3491 1516 3570 loci

292 3610 472 3685 decessore
497 3619 722 3707 praestantur.
745 3615 819 3684 Aut
845 3609 941 3684 enim
958 3609 1073 3684 claros
1089 3608 1134 3681 ad
1150 3607 1217 3683 hoc
1233 3607 1382 3704 fastigia
1398 3607 1514 3704 eligit,

292 3735 355 3799 aut
371 3724 432 3822 qui
451 3723 640 3820 eliguntur
657 3723 824 3799 illustrat.
842 3723 1027 3798 Prenoscit
1039 3721 1124 3819 quid
1136 3719 1369 3796 ecclesiarum
1387 3719 1513 3794 funda·

205 3869 207 3874 ·
293 3848 411 3914 mento
424 3837 472 3910 sit
485 3835 602 3911 habile
619 3861 726 3935 super
743 3862 849 3935 quem
863 3837 939 3934 ipsa
953 3833 1062 3910 moles
1074 3833 1254 3909 innititur.
1267 3838 1357 3910 Item
1373 3833 1513 3909 ibidem.

293 3952 454 4028 Aliorum
472 3952 633 4026 omnium
651 3976 780 4026 causas
797 3954 894 4027 Deus
911 3950 1026 4026 voluit
1044 3974 1106 4048 per
1122 3949 1284 4024 homines
1308 3949 1512 4024 terminare.

292 4065 360 4140 Sed
376 4064 483 4139 istius
499 4065 593 4140 sedis
610 4064 809 4140 Praesulum
828 4088 892 4140 suo
908 4065 985 4140 sine
998 4064 1192 4162 quaestione
1207 4062 1406 4138 reservavit
1422 4062 1514 4137 arbi·

290 4177 368 4254 trio.
385 4179 512 4253 Voluit
524 4179 618 4254 beati
632 4179 730 4255 Petri
745 4179 903 4277 Apostoli
918 4201 1152 4266 successores,
1164 4177 1282 4253 celum
1295 4186 1438 4252 tantum
1455 4176 1512 4253 de·

290 4292 371 4367 bere
388 4293 629 4368 innocentiam
647 4304 683 4368 et
700 4292 928 4367 subtilissimi
945 4291 1157 4368 discussoris
1173 4290 1337 4386 indagini
1363 4289 1511 4363 inviola-

289 4416 362 4480 tam
376 4406 539 4482 exhibere
548 4407 812 4483 conscientiam.
823 4411 868 4482 Et
877 4407 981 4480 infra.
990 4406 1180 4506 Replicabo
1188 4415 1392 4481 sanctorum
1402 4426 1508 4481 voces

289 4520 502 4598 Pontificum
520 4521 746 4619 dignitatem,
764 4522 882 4598 sedern
900 4522 978 4597 eius
995 4522 1126 4596 factam
1141 4527 1213 4595 toto
1225 4519 1307 4595 orbe
1325 4517 1509 4595 venerabi·
