3608 5498
806 435 847 451 -
871 403 938 468 404
963 433 1003 451 ··

295 521 395 596 nulla
412 523 549 598 ratione
566 547 709 600 manere
732 531 856 620 potest.
882 524 1127 620 Hieronymus
1151 546 1259 622 super
1284 522 1522 600 Matthaenm.

293 638 399 711 Latro
416 637 512 713 enim
530 648 595 727 est,
612 648 648 713 et
665 639 839 736 templum
858 639 923 714 Dei
941 640 977 712 in
997 638 1176 713 latronum
1195 641 1374 715 convertit
1398 665 1521 738 specu,

294 752 355 849 qui
374 752 474 828 lucra
491 754 533 829 de
552 753 725 849 religione
739 763 907 835 sectatur.
922 751 1122 850 Cultusque
1135 752 1214 826 eius
1227 776 1296 828 non
1310 764 1383 829 tam
1398 755 1522 830 cultus

296 866 371 955 Dei,
388 891 495 963 quam
514 869 766 962 negotiationis
784 877 838 943 est
855 868 1002 943 occasio.
1020 866 1156 944 Cotidie
1174 868 1301 943 Ihesus
1314 868 1519 965 ingreditur

291 978 464 1075 templum
484 981 603 1054 Patris
620 991 656 1055 et
672 981 778 1056 eiecit
796 992 869 1055 tam
890 981 1081 1081 Episcopos
1105 1007 1212 1080 quam
1234 983 1465 1080 Presbyteros
1482 993 1520 1057 et

293 1092 468 1168 Diaconos
485 1105 521 1168 et
538 1094 648 1170 laicos
665 1107 701 1170 et
717 1096 888 1170 uniuersa
905 1096 1009 1171 turba
1027 1097 1070 1172 de
1088 1096 1250 1172 aeeolesia
1267 1121 1343 1186 sua,
1356 1104 1392 1171 et
1410 1095 1520 1170 unius

292 1203 457 1281 criminis
474 1205 607 1282 babent
623 1209 818 1284 vendentes
835 1211 968 1305 pariter
986 1221 1022 1286 et
1038 1222 1206 1287 ementes
1223 1212 1318 1286 Idem
1338 1235 1446 1308 super
1471 1213 1518 1285 0-

292 1343 359 1393 see.
377 1321 509 1396 Omnes
523 1321 671 1399 heretici
686 1322 798 1397 nichil
813 1322 982 1397 differunt
994 1324 1039 1399 ab
1051 1348 1169 1399 errore
1182 1324 1388 1421 gentilium.
1405 1324 1517 1397 Idem.

292 1435 370 1508 Non
389 1445 523 1534 oportet
540 1436 778 1512 hereticorum
795 1436 1057 1511 benedictiones
1073 1437 1248 1534 accipere,
1264 1436 1350 1534 qnia
1372 1436 1518 1509 maledi-

291 1547 428 1623 ctiones
447 1561 541 1625 sunt.
558 1550 758 1625 Niobolaus
775 1553 819 1624 II.
836 1554 936 1647 Erga
953 1550 1191 1625 simoniachos
1204 1551 1305 1624 nulla
1320 1550 1518 1626 misericor·

291 1659 348 1733 dia
362 1661 399 1735 in
414 1663 591 1758 dignitate
605 1676 780 1739 servetur.
796 1665 1013 1738 Ambrosius.
1026 1668 1106 1739 Non
1120 1676 1175 1740 est
1188 1689 1253 1738 vas
1266 1665 1420 1740 vendere
1438 1691 1517 1764 my·

292 1775 441 1848 sterium
469 1777 528 1851 sed
550 1777 683 1853 offerre.
699 1781 780 1853 Non
797 1778 893 1852 enim
911 1779 1023 1875 pretio
1039 1787 1184 1852 taxatur
1210 1778 1275 1853 Dei
1293 1778 1424 1874 gratia,
1449 1803 1516 1854 nec

291 1889 330 1961 in
355 1892 589 1966 sacramentis
614 1892 756 1968 luorum
783 1893 967 1991 quaritur,
992 1892 1053 1967 sed
1082 1892 1288 1991 obsequium
1315 1891 1517 1966 sacerdotis.

290 2003 369 2075 Non
387 2011 508 2078 tamen
526 2015 582 2079 sat
598 2017 652 2080 est
668 2007 697 2078 si
717 2004 859 2079 lucrum
878 2005 952 2103 ipse
970 2029 1039 2080 non
1053 2016 1204 2103 quaetas,
1217 2006 1363 2080 familiae
1375 2029 1515 2104 quoque

290 2123 362 2188 tuae
379 2115 583 2192 cohibendae
600 2128 685 2191 sunt
705 2143 841 2191 manus.
858 2121 934 2193 Neo
950 2118 1018 2194 hoo
1036 2121 1248 2217 exposcitur,
1273 2128 1314 2193 ut
1339 2130 1374 2194 te
1397 2118 1512 2193 solum

289 2226 560 2304 immaculatum
579 2240 790 2329 castumque
807 2232 994 2307 custodiat.
1011 2237 1090 2306 Non
1105 2233 1199 2308 euim
1218 2232 1306 2307 dicit
1324 2231 1516 2329 Apostolus

289 2352 324 2416 te
341 2342 467 2432 solum,
484 2345 544 2419 sed
561 2354 596 2419 te
613 2346 730 2442 ipsum
748 2355 888 2419 castum
906 2344 1054 2420 custodi.
1081 2345 1312 2443 Inexpiabilis
1336 2356 1390 2419 est
1415 2344 1512 2420 enim

288 2456 424 2531 venditi
441 2458 547 2555 culpa
565 2458 726 2532 misterii.
745 2457 905 2556 Denique
923 2460 1087 2533 Moabitae
1103 2470 1139 2534 et
1161 2459 1270 2534 ceteri
1296 2482 1365 2533 non
1391 2459 1515 2532 introi·

288 2569 376 2645 bant
393 2570 431 2643 in
449 2571 636 2646 ecclesiam
657 2572 799 2645 Domini
818 2572 985 2670 usquein
1011 2574 1063 2648 III
1085 2583 1121 2647 et
1142 2575 1211 2648 IIII
1232 2572 1514 2669 generationem,

288 2682 398 2758 donec
416 2683 559 2780 culpam
576 2695 763 2760 auctorum
782 2684 992 2782 multiplicis
1009 2687 1188 2762 successio
1210 2684 1454 2783 generationis
1478 2709 1514 2757 a·

287 2796 430 2873 boleret.
449 2799 518 2875 Sed
534 2825 618 2874 oum
636 2799 688 2872 illi
702 2799 763 2897 qui
778 2799 816 2872 in
831 2803 941 2874 Deum
958 2800 1130 2876 idolatriae
1144 2824 1262 2876 errore
1274 2799 1513 2897 deliquerant,

287 2923 329 2986 ut
342 2923 393 2987 tot
405 2914 655 3009 generationes
667 2923 787 2988 essent
801 2914 955 3003 multati,
969 2914 1123 3012 profecto
1136 2913 1257 2988 durior
1273 2913 1418 2986 videtur
1434 2936 1511 2986 esse

288 3027 478 3115 sententia,
494 3052 573 3126 quae
590 3027 691 3102 Giezi
708 3051 830 3119 semen
848 3053 961 3126 usque
986 3029 1023 3101 in
1041 3038 1216 3103 aeternnm
1233 3051 1295 3125 pro
1316 3025 1511 3124 eupiditate

286 3140 439 3216 habendi
454 3142 657 3239 prophetica
669 3142 882 3216 auctoritate
895 3144 1095 3217 damnatur.
1107 3141 1347 3237 Augustinus.
1356 3139 1510 3213 Nullum

286 3268 472 3352 peccatum
487 3258 564 3332 sine
578 3257 772 3354 cupiditate
785 3256 1034 3345 committitur,
1046 3265 1083 3329 et
1095 3254 1211 3329 omnis
1225 3253 1351 3327 illicito
1363 3253 1511 3349 appetit,

287 3371 394 3444 istius
409 3369 594 3444 aviditatis
607 3380 661 3444 est
674 3370 827 3445 morbus.
841 3368 1063 3466 Nullumquc
1077 3366 1224 3442 iustitiae
1238 3365 1275 3438 iu
1288 3364 1388 3439 nullo
1404 3363 1510 3438 corde

288 3483 484 3578 vestigium
503 3483 541 3556 in
558 3505 628 3580 quo
645 3483 713 3557 sibi
730 3483 884 3558 avaritia
901 3482 988 3557 feeit
1004 3480 1263 3557 habitaculum.

796 3647 1002 3733 LXXXVII.

382 3819 577 3896 Nicholaur
594 3845 722 3895 servus
738 3843 924 3894 servorum
944 3818 1021 3893 Dei.
1039 3815 1352 3892 Reverentissimis
1369 3826 1404 3889 et
1428 3838 1510 3888 san-

286 3932 459 4007 ctissimis
475 3933 538 4030 qui
554 3933 598 4006 ad
617 3931 818 4007 Concilium
833 3932 1062 4007 convenistis.
1076 3934 1175 4006 Inter
1188 3940 1316 4006 cetera.
1330 3933 1426 4024 Lege
1439 3932 1510 4002 Im·

287 4057 488 4146 peratorum
503 4068 573 4119 non
587 4045 625 4118 in
639 4045 803 4119 omuibus
816 4044 1080 4121 ecelesiasticis
1093 4043 1344 4120 controversiis
1355 4042 1509 4116 utendus

237 4176 244 4188 ·
288 4185 376 4247 esse,
394 4159 591 4257 praesertim
609 4183 692 4233 cum
710 4160 901 4233 conveniat
918 4159 1138 4254 evangelicas
1155 4183 1198 4233 ac
1223 4157 1403 4232 canonicas
1429 4181 1509 4229 san·

286 4273 395 4348 ctioni
413 4271 629 4370 aliquotiens
645 4272 798 4347 obviare.
815 4272 868 4346 Ad
886 4273 978 4370 quod
991 4271 1249 4347 ostendendum
1263 4270 1414 4344 duorum
1427 4268 1510 4345 heo-

287 4411 368 4459 rum
385 4387 585 4461 Innocentii
603 4385 742 4462 scilicet
759 4397 795 4460 et
813 4387 978 4482 Gregorii
993 4388 1081 4459 satio
1094 4385 1280 4459 sufficiunt
1293 4384 1508 4459 testimonia.

287 4504 442 4574 Sanctus
458 4501 602 4598 quidem
620 4501 850 4574 Innocentius
867 4502 904 4571 iu
922 4497 1091 4572 decretali
1110 4495 1258 4594 epistola
1279 4522 1345 4571 sua
1362 4496 1406 4570 ad
1426 4496 1507 4570 Ale·
