3608 5498
801 319 1001 383 -nlo-

290 441 592 537 transgredimur.
605 443 652 514 Et
670 440 968 536 Carthaginensis
985 439 1144 537 synodus
1160 442 1304 512 XXXV
1322 463 1396 536 cap.
1414 439 1511 514 dicit.

289 553 525 650 Praecipimus
542 563 583 626 ut
600 552 721 628 clerici
739 552 997 625 donatistarum
1017 577 1141 625 rursus
1159 551 1195 624 iu
1215 552 1402 626 ecclesiam
1422 553 1510 626 reci·

287 667 442 763 piantur,
460 667 627 763 quamvis
646 665 798 762 primum
814 690 833 736 a
848 667 983 762 syuodo
1008 665 1153 762 depositi
1180 666 1324 740 fuerint.
1343 668 1510 763 Synodus

286 780 394 854 etiam
413 780 590 877 synodum
604 781 721 865 solvit,
738 790 877 876 propter
890 779 1078 867 unitatem,
1091 789 1127 853 et
1141 803 1263 876 pacem
1278 779 1447 855 ecclesie.
1462 784 1509 856 Et

290 892 520 967 Innocentius
538 896 634 989 Papa
652 896 695 966 V.
714 892 829 988 cupite
847 892 943 966 dicit.
962 892 1032 978 Qui
1050 893 1199 990 promoti
1216 901 1302 965 sunt
1326 918 1347 964 a
1373 896 1509 967 Bonoso

287 1004 464 1092 haeretico,
478 1004 707 1101 recipiantur,
721 1029 765 1079 ue
778 1005 944 1079 scandala
958 1005 995 1077 in
1009 1005 1160 1080 ecclesia
1173 1005 1356 1102 pullulent.
1365 1009 1444 1079 Non
1456 1031 1508 1080 so·

286 1117 362 1190 lum
381 1128 501 1191 autom
520 1141 582 1214 pro
595 1116 711 1192 heresi
729 1117 896 1213 depositis
917 1119 1115 1219 Apostolica
1133 1119 1233 1193 sedes
1251 1119 1328 1215 paci
1343 1118 1509 1194 ecclesio-

285 1230 375 1304 stice
388 1231 536 1305 studens
549 1231 713 1306 adiutorii
728 1256 873 1303 manum
890 1233 1056 1329 porrexit,
1069 1233 1130 1307 sod
1143 1243 1179 1307 et
1187 1233 1508 1307 orthodoxissacer-

286 1343 426 1418 dotibus
440 1354 475 1420 et
489 1343 701 1440 patriarchis
710 1344 754 1417 ad
763 1369 839 1417 eom
850 1344 1153 1441 confugientibus
1164 1348 1259 1420 sicut
1267 1354 1303 1419 et
1313 1370 1409 1419 nunc
1422 1344 1508 1417 Pho·

286 1456 359 1531 tius
375 1457 462 1532 fecit
478 1459 611 1533 usitata
629 1458 855 1532 miseratione
873 1458 1051 1531 subvenit.
1068 1458 1190 1532 Nostis
1215 1458 1307 1555 quod
1332 1482 1506 1552 maguum

287 1570 519 1644 Anastasium
538 1568 821 1643 Alexandrinum
840 1569 1044 1666 episcopum
1062 1579 1097 1644 ct
1115 1569 1281 1644 Girillum
1302 1579 1337 1644 et
1351 1568 1509 1643 Polocro·

287 1683 386 1755 nium
407 1682 766 1757 Hierosolomitanum
781 1692 816 1755 et
828 1681 1021 1758 Iohannem
1036 1707 1141 1781 quem
1157 1684 1288 1757 caritas
1302 1693 1421 1757 vostra
1434 1680 1509 1777 gri·

287 1805 480 1870 sostomum
499 1807 602 1872 vocat
619 1804 655 1869 et
673 1795 886 1868 Flavianum
905 1820 926 1865 a
951 1797 1086 1893 synodo
1111 1795 1293 1892 depositos,
1318 1794 1509 1891 apostolica

286 1910 386 1983 sedes
404 1907 440 1981 in
459 1909 649 2006 pristinum
668 1909 834 1983 honorem
853 1907 1020 1981 restituit.
1038 1909 1077 1980 Si
1094 1906 1208 2003 igitur
1226 1908 1308 2004 quia
1322 1907 1509 1981 donatistis

286 2032 323 2097 et
338 2021 446 2097 bonos
463 2022 641 2096 ordinatos
654 2021 698 2095 ab
711 2021 915 2095 hominibus
932 2020 1131 2094 orthodoxae
1148 2020 1317 2095 aeoclesiae
1335 2047 1355 2093 a
1373 2020 1508 2118 syuodo

287 2135 446 2232 plenaria
464 2135 675 2232 sequestrati
694 2133 737 2206 ab
754 2133 823 2207 alio
840 2134 974 2231 synodo
993 2134 1216 2231 recipiuntur
1233 2144 1267 2208 et
1281 2133 1443 2229 catalogo
1456 2159 1509 2206 su-

286 2250 469 2324 cerdotum
500 2249 690 2335 habentur,
715 2272 760 2321 ne
789 2247 949 2322 {ecclesia
979 2247 1250 2322 diminutionem
1281 2247 1338 2320 vel
1368 2246 1510 2320 divisio·

290 2387 372 2437 nem
399 2364 569 2459 patiatur,
587 2361 855 2458 quantomagis
876 2360 1049 2433 ortodoxae
1072 2359 1150 2433 fidei
1170 2359 1265 2434 viros
1286 2369 1322 2433 ct
1338 2358 1510 2434 immacu·

285 2475 367 2549 latee
385 2475 469 2548 vitae
496 2500 564 2549 non
588 2482 723 2571 oportet
744 2485 1007 2571 contempnere,
1028 2483 1063 2547 et·
1084 2500 1104 2545 a
1127 2473 1316 2570 pristinum
1340 2473 1507 2548 honorem

287 2594 464 2662 revocare.
487 2588 590 2663 Sicut
606 2587 795 2685 apostolica
821 2589 922 2663 sedes
947 2588 1023 2664 haec
1049 2590 1158 2664 semel
1182 2588 1362 2686 accipiens
1387 2588 1508 2663 claves

287 2699 392 2796 regui
410 2700 577 2774 caelorum
596 2727 616 2773 a
634 2701 746 2799 primo
763 2711 799 2774 et
819 2725 949 2796 magno
968 2703 1133 2798 pontifice
1150 2702 1255 2776 Ihesu
1275 2701 1429 2789 Christo,
1446 2726 1507 2800 per
1595 2795 1600 2805 Ι

287 2815 484 2913 principem
499 2813 735 2913 apostolorum
755 2818 913 2903 Petrum,
930 2815 1071 2890 dicente
1088 2817 1133 2889 ud
1150 2841 1231 2890 eum
1250 2815 1315 2888 tibi
1333 2816 1420 2890 dabo
1437 2814 1507 2890 cla-

288 2954 351 3004 ves
369 2928 549 3016 celorum,
567 2937 602 3002 et
620 2953 854 3025 quaecumque
872 2928 1047 3024 ligaveris
1064 2953 1171 3026 super
1194 2939 1325 3002 terram
1343 2938 1450 3002 erunt
1466 2928 1507 3000 li-

288 3053 374 3139 gata
388 3052 424 3116 ot
438 3042 476 3115 in
490 3041 586 3129 cael0,
599 3053 635 3115 ot
652 3066 886 3139 quaecumque
905 3042 1054 3116 solveris
1067 3067 1174 3139 super
1189 3054 1319 3117 terram
1333 3051 1439 3116 erunt
1452 3068 1504 3117 sc·

287 3157 364 3231 luta
378 3166 414 3230 et
424 3156 461 3228 in
472 3155 568 3244 caelo,
579 3155 683 3229 habet
694 3166 900 3253 potestatem
912 3155 1166 3230 universaliter
1175 3157 1313 3252 ligandi
1325 3166 1360 3231 et
1369 3156 1508 3230 solven-

286 3271 334 3358 di,
350 3279 386 3345 ot
403 3270 599 3345 secundum
618 3270 837 3344 Hieremiam
856 3268 1031 3344 evellendi
1050 3280 1085 3343 et
1103 3269 1299 3367 plantandi,
1313 3279 1349 3344 et
1368 3279 1507 3366 propter

285 3385 351 3461 hoc
368 3408 431 3459 nos
448 3383 605 3458 eiusdem
625 3394 795 3480 potestate
809 3383 980 3483 principis
992 3385 1229 3481 apostolorum
1244 3384 1339 3458 Petri
1355 3394 1507 3471 utentes

290 3524 372 3574 cum
390 3497 486 3573 omni
504 3497 666 3571 aecclesia
684 3500 894 3572 mandamus
911 3496 1011 3570 vobis
1027 3507 1064 3570 et
1080 3496 1316 3572 sanctissimis
1337 3496 1508 3570 iratribus

287 3613 417 3686 nostris
432 3610 645 3708 patriarchis
661 3611 895 3699 Alexandriae,
911 3613 1119 3699 Antiochiae,
1132 3621 1166 3686 et
1181 3612 1507 3699 Hierosolimarum,

288 3740 325 3802 ct
351 3725 482 3800 ceteris
506 3725 690 3825 episcopis,
708 3736 743 3799 et
764 3725 858 3798 omni
869 3725 1092 3825 plenitudini
1119 3725 1507 3823 Constantinopolitano

286 3839 434 3915 ecclesie
465 3839 662 3914 secuudum
695 3838 897 3936 petitionem
929 3849 1086 3913 vostram
1119 3840 1261 3913 Fotium
1291 3839 1507 3935 patriarcam

287 3954 432 4027 fratrem
465 3961 502 4026 et
526 3951 809 4027 consacerdotem
837 3965 995 4028 nostrum
1024 3978 1086 4027 uos
1117 3953 1154 4026 in
1179 3952 1426 4028 comunionem
1454 3976 1506 4025 re·

288 4067 416 4166 cipere.
447 4070 536 4139 Item
570 4066 714 4166 recipito
742 4092 822 4140 cum
849 4067 926 4141 sino
952 4067 1190 4154 excusatione,
1214 4065 1336 4139 nullus
1361 4074 1507 4139 excuset

288 4204 350 4278 pro
384 4180 519 4277 synodo
544 4190 668 4253 contro
694 4205 774 4254 cum
802 4181 964 4279 peractis
988 4180 1122 4254 Nullus
1148 4190 1352 4254 sanctorum
1378 4178 1507 4274 praude-

288 4315 469 4366 oessorum
490 4316 647 4365 meorum
666 4293 806 4367 Nicolai
832 4305 867 4368 ot
895 4293 1043 4366 Adriani
1070 4292 1267 4367 sententias
1284 4300 1406 4366 contra
1424 4314 1506 4362 eum

288 4413 466 4481 causetur.
484 4406 535 4478 lle
553 4403 563 4475 i
567 4428 628 4503 pso
644 4416 846 4483 surrectum
866 4417 918 4482 est
936 4406 1018 4480 illis.
1037 4405 1169 4480 Nullus
1187 4393 1312 4480 contra
1325 4428 1405 4478 eum
1425 4401 1506 4477 sub·
