3608 5498
807 431 846 446 ..
870 397 934 459 441
961 426 1001 442 ..

287 544 332 595 ex
348 514 599 616 insipientibus
618 517 829 594 mulieribus
845 516 964 592 locuta
982 539 1030 591 es.
1048 511 1093 590 Et
1110 509 1214 588 infra.
1233 513 1426 588 Mandatur
1448 512 1508 589 'de-

287 632 395 730 nique
412 632 550 707 tradere
566 631 760 707 basilicam.
778 632 989 729 Respondeo.
1005 633 1081 706 Nec
1100 629 1187 703 mibi
1207 629 1266 703 ¹fas
1291 628 1346 704 est
1370 629 1511 704 tradere

287 746 485 834 basilicam,
502 770 567 823 nec
584 746 648 821 tibi
666 745 827 846 accipere
840 745 1030 844 imperator
1043 742 1195 841 expedit.
1209 739 1360 817 Domum
1378 741 1512 841 privati
1559 736 1563 743 ’

289 859 390 933 nullo
406 869 504 955 potes
522 859 601 935 iure
617 858 796 947 temerari,
812 859 955 932 domurn
973 859 1040 932 Dei
1058 852 1242 940 existimas
1254 855 1513 931 auferendam?

292 973 705 1071 Allegatmimperamri
715 966 824 1050 licere
832 966 1082 1070 omnia,ipsius
1091 994 1168 1045 esse
1176 969 1513 1066 universallespon·

292 1085 366 1159 deo.
373 1084 455 1159 Noli
466 1108 620 1180 gravare
628 1080 669 1160 'te
683 1085 873 1184 imperator
887 1095 928 1160 ut
940 1093 1044 1184 putes
1056 1094 1091 1158 te
1104 1082 1141 1157 in
1151 1080 1286 1181 eaque
1295 1080 1418 1156 divina
1427 1092 1514 1156 sunt

292 1195 476 1295 imperiale
488 1197 624 1297 aliquid
638 1198 695 1272 ius
708 1198 937 1274 habereNoli
950 1207 987 1274 te
999 1197 1178 1286 extollere,
1186 1197 1248 1273 sed
1259 1197 1296 1282 si.
1305 1192 1362 1270 rie
1374 1196 1512 1271 diutius

293 1310 479 1409 imperare,
492 1311 655 1386 subditus
671 1322 746 1386 esto
763 1313 869 1386 Deus.
880 1313 1063 1412 Scriptum
1077 1322 1132 1387 est
1148 1311 1253 1387 enim.
1266 1314 1355 1399 Qua
1372 1310 1514 1386 Cesaris

294 1423 995 1522 CesariquaeDeiDeoAdimperatorem
1007 1424 1138 1524 palatia
1149 1424 1389 1524 pertinent‚ad
1402 1448 1518 1498 saeer-

294 1537 410 1612 dotem
428 1536 597 1613 ecclesiae.
612 1536 841 1613 Publicorum
859 1538 924 1612 tibi
943 1538 1111 1613 maenium
1129 1538 1187 1611 ins
1204 1538 1434 1612 commissum
1451 1548 1517 1626 est,

297 1673 366 1724 non
381 1654 717 1726 sacrorumlterum
732 1652 864 1727 dicitur
879 1655 1065 1729 mandasse
1081 1653 1167 1726 mihi
1181 1653 1438 1750 imperatorem.
1449 1655 1516 1728 De·

295 1765 360 1840 beo
373 1775 410 1839 et
423 1787 490 1860 ego
503 1790 612 1838 unam
627 1764 756 1841 habere
769 1765 965 1842 basilicam.
978 1766 1188 1865 Respondeo.
1197 1770 1277 1841 Non
1292 1765 1378 1840 licet
1390 1767 1513 1841 Iudam

297 1879 437 1955 habere.
447 1880 540 1967 Quid
552 1879 618 1954 tibi
631 1905 715 1955 cum
728 1880 916 1956 adultera?
930 1880 1102 1955 Adultera
1116 1879 1210 1956 enim
1221 1890 1370 1978 est,quae
1379 1903 1449 1954 non
1462 1891 1517 1954 est

298 1993 460 2090 legitimo
470 1993 605 2068 Christi
620 1995 788 2090 coniugio
800 1989 1073 2093 copulatalmm
1085 1994 1152 2069 hoe
1164 2003 1288 2083 tracte,
1298 2004 1515 2090 suggestum

290 2117 345 2181 est
362 2106 450 2179 mihi
465 2107 621 2181 cortinas
639 2108 760 2204 regins
774 2133 851 2183 esse
868 2107 1047 2197 collectas,
1065 2109 1231 2183 refertam
1250 2121 1369 2183 autem
1395 2107 1517 2182 basili·

290 2245 369 2294 cam
387 2220 457 2295 mei
475 2220 700 2319 praesentiam
720 2244 872 2318 poscere.
887 2225 933 2295 llt
945 2222 1050 2295 infra.
1063 2220 1133 2309 Qui
1145 2221 1189 2295 ad
1203 2221 1441 2296 invadendam
1456 2220 1515 2296 he·

291 2334 477 2410 reditatem
493 2345 681 2424 venerunt,
691 2336 776 2410 facti
790 2345 876 2410 sunt
888 2335 1076 2410 coheredes
1087 2335 1159 2410 Dei.
1169 2334 1379 2409 Defensores
1392 2334 1514 2424 babae,

291 2472 378 2546 quos
394 2459 487 2524 ostes
504 2448 682 2546 putabam.
700 2449 820 2525 Socios
837 2459 1046 2545 tenco,quos
1058 2447 1280 2523 adversaries
1293 2446 1512 2522 estimabam.

293 2566 340 2636 Et
356 2562 461 2636 infra.
479 2563 631 2637 Tradere
649 2562 833 2640 basilicam
851 2585 921 2638 non
938 2585 1093 2662 possum,
1110 2562 1171 2637 sed
1188 2585 1351 2660 pugnare
1368 2585 1438 2650 non
1459 2562 1517 2636 de·

292 2675 364 2749 beo.
384 2679 507 2751 Postea
526 2699 610 2751 vero
626 2676 709 2774 quia
728 2700 965 2774 cognoveram
983 2675 1139 2751 cortinas
1157 2674 1277 2771 regias
1296 2699 1374 2750 esse
1399 2674 1516 2750 subla-

292 2800 359 2880 tas,
376 2789 469 2878 inde,
486 2816 569 2867 eum
587 2790 740 2891 populus
758 2817 813 2868 me
831 2816 871 2868 eo
887 2792 939 2865 ire
957 2790 1170 2888 deposceret,
1182 2788 1352 2864 direxisse
1371 2789 1517 2888 presby·

292 2913 396 2993 teme,
414 2928 469 2978 me
487 2914 606 2979 tamen
621 2904 776 2981 noluisse
791 2905 853 2980 ire.
867 2909 914 2980 Et
928 2904 1031 2978 infra.
1045 2904 1138 2991 Quid
1152 2913 1350 2978 moraretur
1362 2904 1469 2978 ferire
1483 2902 1514 2978 si

292 3028 491 3116 tyrannum
509 3023 674 3119 putaret?
691 3019 814 3094 Veteri
831 3020 908 3093 iure
922 3043 942 3090 a
956 3017 1198 3092 sacerdotibus
1212 3016 1340 3090 donata
1354 3015 1516 3114 imperia,

291 3156 361 3206 non
379 3142 562 3230 usurpata,
574 3144 609 3209 et
623 3132 736 3229 vulgo
748 3132 831 3222 dici,
844 3134 937 3230 quod
949 3133 1179 3229 imperatores
1192 3131 1429 3207 sacerdotium
1444 3157 1516 3205 ma·

294 3248 353 3343 gis
370 3247 698 3347 optaverintquam
713 3249 911 3324 sacerdotes
924 3246 1124 3344 imperinm.
1140 3250 1186 3320 Et
1199 3247 1303 3320 infra.
1316 3248 1394 3320 Nec
1408 3268 1516 3334 mora,

293 3360 483 3434 nuntiatur
500 3361 747 3457 imperatorem
765 3361 912 3435 iussisse
925 3369 967 3435 ut
981 3361 1186 3436 recederent
1200 3360 1331 3434 milites
1344 3360 1386 3435 de
1398 3359 1518 3434 basili·

295 3499 347 3549 ca.
360 3474 653 3570 Negotiatoribus
666 3499 804 3573 quoque
817 3475 908 3573 quod
921 3475 1037 3549 exacti
1051 3475 1093 3550 de
1107 3473 1424 3572 condempnatione
1439 3474 1513 3548 fue·

294 3597 376 3661 rant
395 3588 585 3663 roderetur.
602 3591 680 3676 Quo
696 3599 784 3665 tnnc
809 3588 921 3688 plebis
938 3588 1053 3664 letitia
1071 3589 1164 3664 fuit?
1182 3592 1270 3664 llrat
1294 3600 1414 3664 autern
1440 3589 1516 3663 dies

292 3723 362 3798 quo
378 3725 416 3774 se
433 3700 610 3798 pronubis
628 3701 800 3776 Dominus
817 3700 974 3793 tradidit,
990 3727 1060 3802 quo
1076 3703 1114 3776 in
1139 3703 1291 3779 ecclesia
1316 3703 1515 3802 penitentia

295 3813 484 3888 relaxatur.
503 3817 548 3888 Et
572 3814 676 3889 inlra.
695 3818 773 3911 Ego
796 3825 976 3914 tyrannus
1000 3817 1166 3917 appellor,
1183 3828 1218 3894 et
1242 3818 1432 3917 plusquam
1457 3829 1516 3916 ty·
1628 3904 1632 3910 p

295 3954 440 4002 rannus.
454 3932 546 4002 Nam
566 3953 648 4003 cum
667 3928 877 4027 imperatore
894 3934 1040 4009 comites
1057 3934 1293 4021 obsecrarent,
1302 3943 1342 4007 ut
1360 3933 1515 4031 prodiret

293 4042 338 4116 ad
355 4042 555 4130 ecclesiam,
572 4042 607 4117 id
625 4043 716 4141 qued
733 4044 884 4141 petitum
902 4046 1057 4121 militnm
1076 4047 1192 4122 faeere
1211 4071 1248 4121 se
1269 4046 1439 4136 dicerent,
1466 4071 1518 4122 re-

294 4156 443 4254 spondit.
460 4155 499 4228 Si
518 4155 616 4232 nobis
634 4157 690 4232 ius
707 4157 792 4231 ierit
810 4159 1029 4250 Ambrosius,
1045 4162 1210 4236 vinctum
1227 4187 1283 4236 me
1297 4161 1455 4237 tradetis.
1469 4165 1517 4237 Et

294 4269 398 4369 paulo
411 4279 497 4367 post.
511 4271 671 4370 Denique
684 4272 792 4346 etiam
806 4272 951 4369 speciali
965 4275 1189 4372 expressione
1204 4274 1373 4371 caliginis
1386 4298 1517 4376 praepo

293 4385 384 4459 situs
401 4385 559 4459 cubiculi
578 4387 745 4460 mandare
764 4386 852 4459 mibi
870 4412 981 4462 ausus
997 4399 1061 4463 est
1079 4392 1137 4463 Me
1156 4387 1239 4463 vivo
1256 4399 1296 4464 tu
1314 4390 1514 4465 contemnis

296 4497 603 4577 Valentinianum.
616 4499 734 4603 Caput
750 4498 815 4577 tibi
833 4499 928 4582 tollo.
944 4502 1133 4607 Respondi.
1146 4503 1244 4579 Deus
1257 4500 1436 4606 permittit
1452 4502 1518 4580 tibi
