3608 5498
817 407 990 470 ..17-

289 534 388 620 Quod
407 533 613 632 Presbyteri
631 532 704 607 sint
720 531 773 606 sal
790 542 895 606 terrae
911 539 947 604 et
960 528 1024 602 lux
1040 527 1174 602 mnndi.
1191 528 1276 626 Cap.
1294 531 1429 607 XXIII.

257 711 260 718 .
288 648 389 734 Quod
406 647 612 746 Presbyteri
629 646 691 745 qui
708 656 876 745 praesunt,
892 643 1047 718 habeant
1068 643 1207 739 ligandi
1224 653 1260 718 et
1281 643 1442 719 solvendi
1456 667 1514 741 po-

361 771 538 837 testatem.
556 763 641 859 Cap.
658 765 768 836 LXX.
786 762 915 836 CXIII.

290 879 341 951 De
358 876 527 951 Romanis
549 875 710 951 ecclesiis
727 884 763 951 et
779 873 980 972 cymiteriis
1005 871 1132 946 divisis
1158 871 1376 970 presbyteris
1402 870 1511 946 Urbis
1535 926 1538 931 «

361 993 489 1064 Romae.
507 990 592 1087 Cap.
609 993 727 1064 XXX.
744 990 945 1063 LXXXVI.
962 989 1182 1060 LXXXVII.

291 1102 390 1190 Quod
403 1102 486 1177 olim
496 1102 558 1176 alii
568 1102 773 1200 Presbyteri
786 1101 1031 1190 eeclesiarum,
1043 1100 1106 1174 alii
1119 1100 1390 1200 cymiteriorum
1400 1109 1513 1177 erant.

364 1220 448 1316 Cap.
465 1222 583 1294 XXX.
600 1220 790 1291 XXXVII.

292 1336 343 1408 De
361 1334 525 1408 terminis
542 1343 577 1407 et
594 1333 672 1407 inre
690 1331 959 1429 parrochiarum
978 1328 1193 1404 eorumdem.
1211 1329 1296 1427 Cap.
1312 1332 1430 1403 XXX.

213 1476 217 1482 ·
293 1448 392 1534 Quod
409 1446 526 1521 titulis
542 1445 718 1542 pertineat
742 1444 941 1542 baptismus
966 1453 1002 1517 ct
1026 1442 1235 1541 penitentia,
1260 1453 1296 1518 et
1317 1442 1514 1540 sepultura.

364 1561 449 1658 Cap.
465 1561 611 1632 LXXX.

292 1675 343 1748 De
360 1683 582 1749 sacramento
600 1672 776 1748 Dominici
793 1671 967 1770 Corporis,
984 1670 1077 1769 quod
1093 1670 1180 1769 ipsis
1198 1671 1355 1746 mittit-ur
1373 1696 1394 1745 a
1411 1674 1511 1746 Rom.

365 1788 546 1864 Pontifice.
565 1788 652 1884 Cap.
666 1790 856 1862 XXXVII.

295 1903 397 1990 Quod
411 1901 560 1976 Romani
575 1901 767 1975 Pontifices
776 1902 1001 1999 presbyteros
1015 1925 1098 1975 suos
1112 1901 1242 1976 fratres
1250 1912 1287 1976 et
1295 1900 1519 2000 compresby-

364 2027 457 2091 toros
473 2015 665 2114 appellant.
683 2016 768 2113 Cap.
785 2018 974 2090 XXXIIII.
992 2020 1145 2091 XXXV.
1161 2018 1333 2090 XXXVI.

295 2131 396 2218 Quod
414 2129 621 2229 Presbyteri
639 2129 714 2203 sint
731 2130 879 2204 secundi
895 2131 1030 2204 ordinis
1055 2142 1132 2228 post
1156 2129 1372 2229 Episcopum
1398 2156 1516 2205 suum.
1617 2154 1629 2176 ⁶

366 2242 760 2342 Ommmmmt

293 2360 393 2447 Quod
411 2358 621 2433 Sardicense
638 2356 830 2431 concilium
849 2361 947 2433 Rom.
965 2361 1139 2435 Ecclesia
1156 2359 1388 2458 Presbyteros
1400 2357 1518 2456 appel-

364 2475 415 2548 let
432 2473 598 2548 laterales
615 2472 760 2547 iudices
779 2473 862 2569 Cap.
880 2476 961 2547 XX.
979 2472 1016 2546 in
1036 2475 1068 2546 Ιο
1086 2473 1146 2548 lib.

294 2589 393 2676 Quod
410 2589 560 2663 Romani
574 2587 766 2663 Pontifices
782 2597 924 2660 tantum
937 2612 1020 2662 cum
1037 2587 1188 2664 concilio
1200 2586 1289 2664 cleri
1302 2587 1359 2661 sui
1373 2587 1517 2662 damna·

365 2715 497 2779 verunt
533 2726 614 2799 sepe
646 2724 734 2799 quos
771 2701 934 2799 oportuit.
972 2702 1056 2801 Cap.
1094 2705 1266 2777 XXXVI.
1307 2704 1515 2777 XXXVIII.

365 2818 620 2891 LXXXVIIII.

294 2931 392 3018 Quod
415 2930 620 3027 Presbyteri
645 2928 682 3002 in
709 2928 868 3004 Concilio
892 2929 1089 3005 secundum
1115 2940 1257 3028 tempus
1280 2929 1515 3005 ordinationis

365 3075 439 3122 sure
457 3048 622 3121 resident.
639 3047 724 3143 Cap.
741 3046 852 3118 XLV.
983 3067 990 3081 ·

294 3164 395 3252 Quod
411 3162 556 3237 absente
572 3163 671 3234 Rom.
688 3158 870 3246 Pontifice
888 3159 1016 3234 Clerns
1034 3159 1112 3234 eius
1129 3156 1371 3256 quorumlibet
1386 3182 1515 3234 causas

365 3274 547 3350 diiudicat.
565 3273 650 3369 Cap.
667 3273 803 3346 XXIII.
820 3274 949 3346 LXXI.
969 3272 1027 3347 CI.
1045 3273 1120 3347 CII.
1139 3272 1250 3347 CIIII.

295 3392 346 3464 De
362 3389 483 3463 eadem
502 3412 549 3475 re,
566 3384 605 3459 in
622 3387 655 3458 1⁰
673 3385 731 3459 lib.
749 3409 824 3482 cap.
842 3388 940 3460 LIIlI
958 3397 994 3462 et
1011 3390 1138 3460 LVIII.

295 3508 343 3579 Ut
359 3500 539 3576 sententia
558 3499 720 3597 Episcopi
737 3498 1034 3596 Presbyterornm
1057 3513 1093 3574 et
1106 3500 1343 3575 Diaconorum
1357 3500 1511 3575 subscri·

365 3616 484 3714 ptione
502 3615 675 3687 firmetur.
693 3615 777 3709 Cap.
794 3615 928 3687 XVIII.
945 3617 1021 3689 LV.
1038 3617 1128 3689 LVI.
1147 3617 1292 3690 LXIIII.

293 3735 347 3806 De
363 3731 485 3805 eadem
503 3753 550 3802 re.
568 3729 653 3824 Cap.
669 3729 850 3800 LXVIIII.
868 3727 961 3803 CVI.
980 3727 1176 3803 cxvnfl.

295 3849 344 3920 Ut
360 3844 556 3941 Episcopus
573 3841 728 3940 quolibet
743 3840 820 3916 loco
836 3841 974 3930 sedens,
990 3851 1085 3917 stare
1103 3842 1359 3940 Presbyterum
1373 3866 1443 3917 non
1457 3867 1516 3940 pa·

365 3957 486 4031 tiatur.
504 3955 589 4051 Cap.
606 3957 723 4029 XVII.

294 4074 343 4145 Ut
359 4069 565 4167 Presbyteri
579 4093 663 4144 cum
680 4091 744 4142 suo
756 4066 928 4166 Episcopo
941 4079 1151 4144 consecrent
1162 4077 1351 4167 sequentes
1363 4069 1514 4146 ordines.

366 4185 451 4282 Cap.
468 4184 595 4257 XLIII.

295 4301 344 4372 Ut
359 4296 556 4394 Episcopus
572 4294 705 4394 absque
722 4295 869 4369 consilio
885 4293 1180 4390 Presbyterornm
1198 4316 1344 4368 suorum
1363 4294 1514 4369 clericos

364 4431 435 4482 nou
452 4407 599 4482 ordinet.
618 4409 702 4503 Cap.
719 4411 800 4481 XX.
818 4410 953 4481 XXVI.

294 4523 385 4596 Cum
403 4522 524 4596 eodem
543 4521 708 4596 Chrisma
726 4531 945 4596 consecrent.
963 4521 1047 4616 Cap.
1061 4522 1247 4595 XCVIIII.

1316 4639 1333 4687 n
