3608 5498
801 399 997 459 -110-

287 520 448 595 actiones
474 519 562 594 utile
589 518 834 616 perspeximus
852 517 1062 592 uniendum.
1080 519 1127 589 Et
1148 525 1366 613 postpauca.
1384 519 1426 591 In
1444 539 1515 614 quo

287 633 396 708 etiam
421 633 476 707 tui
493 632 603 707 studii
621 632 669 706 sit
687 632 878 707 monachos
903 630 1074 728 deputare
1092 629 1154 727 qui
1171 628 1247 705 illic
1269 638 1426 728 tempore
1443 651 1515 728 quo

288 746 525 821 intervallum
542 746 584 820 de
602 745 701 820 hoste
720 744 831 819 fuerit
847 753 883 819 et
900 768 988 843 opus
1005 745 1070 821 Dei
1087 743 1268 820 celebrare
1293 754 1330 820 et
1346 744 1516 820 decenter

288 860 442 936 debeant
467 859 658 936 deservire.

862 1087 960 1172 obv.

384 1315 585 1411 Gregorius
603 1317 782 1392 Adeodato
800 1315 928 1390 Abbati
946 1314 1188 1412 Neapolitano.
1202 1318 1243 1389 ln
1261 1339 1371 1390 causa
1388 1314 1517 1389 Basilii

290 1429 454 1527 Episcopi
473 1430 634 1528 Capuani
656 1440 692 1505 et
717 1428 847 1504 Clerici
866 1431 1110 1528 Neapolitana
1127 1430 1296 1507 ecclesia.
1313 1433 1368 1505 Ne
1385 1429 1518 1505 consti·

269 1554 390 1618 tuere
415 1543 608 1641 quicquam
633 1543 739 1618 dubie
763 1542 978 1633 videremur,
1003 1544 1183 1642 deputatis
1199 1541 1445 1639 cognitoribus
1462 1542 1517 1616 in·

289 1658 476 1732 stituimus
500 1659 673 1734 interesse
697 1658 882 1734 iudicium.
908 1659 1048 1746 Quibus
1067 1657 1358 1734 renuntiantibus
1384 1677 1515 1753 cogno-

288 1772 409 1845 vimus
434 1772 646 1870 Capuanum
672 1772 885 1870 Episcopum
911 1772 1003 1848 nihil
1029 1771 1120 1846 iuris
1137 1771 1175 1844 in
1199 1770 1411 1845 monasterio
1428 1769 1515 1846 Cra-

290 1884 423 1959 terensi
450 1884 589 1960 habere.

842 2113 957 2198 GLVI.

388 2341 584 2437 Gregorius
609 2341 729 2415 Natali
749 2341 954 2415 salonitano
972 2342 1144 2440 Episcopo
1169 2342 1263 2416 inter
1280 2351 1409 2418 cetera.
1425 2342 1516 2415 Exe-

293 2454 472 2529 outionem
485 2479 570 2528 vero
582 2455 732 2529 antefati
746 2454 880 2551 negotii
900 2455 1080 2530 Antonino
1093 2455 1316 2531 sabdiacono
1334 2463 1453 2528 nostro
1470 2477 1516 2527 ex

296 2575 417 2641 nostra
443 2567 676 2664 praeceptione
694 2566 954 2643 mandavimus.
973 2573 1158 2657 Quatenus
1183 2572 1262 2645 eius
1285 2567 1458 2643 instantia
1481 2575 1519 2641 et

294 2704 374 2778 quaa
398 2688 484 2753 sunt
509 2679 652 2776 legibus
676 2681 858 2756 canonicis
882 2682 1015 2778 placita
1044 2683 1283 2757 decernantur
1307 2691 1344 2756 et
1373 2679 1518 2756 decreta

294 2793 444 2867 Domino
469 2796 617 2869 iuvante
643 2796 895 2893 mancipentur
920 2796 1073 2871 effectui.

833 3023 966 3108 oavll.

389 3250 589 3346 Gregorius
607 3249 721 3325 Heliae
743 3249 957 3348 Presbytero
982 3262 1018 3326 et
1044 3250 1183 3325 Abbati.
1200 3249 1335 3324 Filium
1358 3257 1521 3324 vestrum

294 3363 537 3461 Epiphaniam
564 3363 760 3437 mandastis
785 3372 826 3436 ut
851 3363 1056 3439 adsacrum
1075 3364 1233 3439 ordinem
1253 3361 1446 3461 provehere
1463 3358 1522 3436 de·

295 3475 458 3550 beremus
483 3475 653 3574 vobisque
679 3474 972 3551 retransmittere.
992 3478 1060 3552 Sed
1078 3479 1116 3551 in
1134 3501 1206 3551 uno
1222 3500 1286 3551 vos
1302 3474 1521 3561 audivimus,

294 3587 332 3659 in
358 3586 470 3660 altero
498 3611 582 3662 vero
600 3587 723 3662 audire
741 3586 889 3662 minime
907 3591 1097 3686 potuimus.
1116 3590 1295 3663 Diaconos
1312 3587 1455 3685 quidem
1472 3585 1524 3659 ia·

294 3711 375 3774 ctus
399 3709 454 3773 est
475 3699 536 3773 sed
553 3700 614 3798 qui
632 3700 670 3772 in
688 3699 840 3775 ecclesia
857 3699 925 3777 bac
943 3727 1085 3777 sacrum
1104 3701 1264 3775 ordinem
1282 3698 1393 3776 semel
1419 3722 1518 3773 acoe-

293 3816 387 3914 perit
403 3814 609 3911 egrediendi
628 3841 672 3891 ex
687 3839 729 3890 ea
747 3815 902 3891 ulterius
919 3814 1102 3891 licentiam
1125 3837 1194 3889 non
1213 3812 1365 3888 habebit.

831 4039 984 4126 oavffl.

390 4267 589 4362 Gregorius
606 4267 787 4342 universis
805 4267 987 4365 Episcopis
1005 4267 1175 4365 Hystriae.
1195 4266 1435 4341 Recordandae
1453 4291 1525 4342 rna·

296 4380 417 4454 moriar
442 4379 605 4476 Vigilius
624 4384 718 4479 Papa
744 4380 782 4453 in
801 4381 889 4456 urbe
905 4380 1006 4477 regia
1023 4381 1253 4469 constitutus,
1271 4389 1396 4455 contra
1414 4379 1525 4455 Theo-

217 4550 222 4562 .
293 4493 417 4569 doram
442 4504 532 4569 tunc
556 4500 761 4590 Augustam
788 4494 846 4569 vel
872 4492 1071 4592 Acephalos
1101 4494 1342 4570 damnationis
1371 4493 1527 4592 promul·
