3608 5498
676 413 872 478 -aol-

164 533 325 633 personis
341 533 510 607 iniuriam
529 532 654 608 fecerit
671 533 782 609 donec
798 532 836 607 in
853 544 1034 611 conventu
1047 533 1251 609 admonitus
1267 533 1386 631 legiti-

164 671 220 721 me
237 645 448 734 satisfaciat,
465 646 556 720 sciat
580 671 619 721 se
643 649 892 724 communione
916 650 991 725 fore
1016 649 1209 749 privatum.
1234 649 1273 723 Si
1297 671 1385 723 vero

162 768 240 860 post
257 760 449 835 secundam
466 770 503 836 ct
519 761 663 836 tertiam
680 763 953 838 conventionem
971 764 1089 839 coram
1108 763 1269 862 episcopo
1282 762 1385 837 satis·

161 875 277 950 facere
294 875 557 966 detrectaverit,
574 876 759 973 sacrilegii
777 877 934 976 periculo
950 877 996 952 ab
1019 876 1186 953 omnibns
1211 875 1383 951 obnoxius

162 1001 342 1081 tencatur,
367 991 418 1066 ita
444 1002 485 1068 ut
509 992 707 1068 secundum
734 990 944 1090 Apostolum
972 990 1109 1067 nemini
1135 988 1294 1066 fidelium
1320 989 1386 1065 mi·

164 1114 343 1180 secantur.

634 1201 809 1288 XLVIIH.
828 1197 907 1299 (aio)

491 1353 540 1404 Ex
558 1352 691 1405 coneilio
712 1350 858 1406 eiusdem
877 1363 949 1418 cap.
968 1351 1055 1404 XVI.

256 1469 393 1543 Verum
407 1465 492 1565 qnia
505 1475 591 1562 sunt
603 1465 775 1566 plerique,
788 1465 850 1565 qui
863 1463 1095 1565 prolationem
1113 1462 1289 1539 sententie
1302 1464 1386 1540 sub·

160 1582 342 1678 terfugere
364 1581 560 1681 cupientes,
576 1606 598 1655 a
622 1579 883 1656 matricialibus
908 1576 1071 1654 ecclesiis
1087 1577 1146 1652 vel
1163 1577 1384 1677 baptismali-

160 1696 227 1771 bus
244 1721 282 1771 se
299 1695 515 1785 subducunt,
532 1696 680 1797 placuit,
697 1705 738 1770 ut
753 1694 791 1769 hi
816 1693 879 1793 qui
904 1692 1001 1767 intra
1023 1691 1206 1789 regionem
1233 1692 1338 1791 positi
1363 1719 1385 1767 a

160 1809 313 1910 publicis
329 1809 574 1885 aecclesiarum
592 1836 629 1886 sc
646 1806 942 1885 convenientibus
959 1806 1055 1881 ultra
1073 1808 1125 1880 III
1142 1806 1218 1880 dies
1235 1806 1385 1881 domini-

160 1946 220 1997 cos
236 1921 438 1998 voluntarie
463 1924 679 1999 sententiam
705 1920 1000 2017 subterfugiendo
1023 1919 1247 2010 substraunt,
1271 1919 1383 1996 donec

160 2034 428 2112 subtisfactione
441 2060 479 2112 sc
492 2035 704 2132 corrigendo
716 2036 916 2126 obstruant,
924 2034 1173 2111 communione
1183 2034 1384 2133 priventur.

745 2203 801 2288 LI.

336 2359 419 2412 Item
438 2370 480 2415 ex
499 2358 616 2414 eodem
634 2360 770 2414 concilio
789 2369 862 2424 cap.
882 2360 958 2411 XXI
979 2357 1063 2411 inter
1080 2356 1201 2410 cetera

256 2494 480 2571 Auctoritatc
497 2496 630 2570 summi
648 2495 779 2571 iudicis
793 2493 934 2570 Domini
949 2493 1061 2570 nostri
1075 2491 1182 2568 Ibesu
1196 2489 1332 2568 Christi
1347 2504 1384 2570 et

159 2609 361 2707 principum
381 2609 629 2708 Apostolorum
647 2609 745 2686 Petri
762 2619 798 2685 et
815 2609 920 2684 Pauli
938 2606 1048 2684 simul
1064 2615 1101 2684 et
1117 2607 1278 2682 omnium
1296 2610 1385 2682 San·

159 2732 298 2798 ctorum
315 2723 554 2823 praecipimus
576 2723 813 2815 decernimus
831 2734 867 2800 et
884 2723 997 2799 modis
1013 2721 1179 2797 omnibus
1202 2721 1384 2799 interdici-

159 2862 251 2924 mus,
268 2845 310 2910 ut
325 2836 449 2911 amodo
466 2845 502 2911 et
518 2836 687 2937 deinceps
703 2835 842 2912 nullius
866 2836 1018 2937 quilibet
1041 2836 1145 2912 homo
1162 2844 1259 2936 petat
1275 2837 1385 2936 patri·

160 2950 278 3024 monia
290 2959 425 3025 sancta>
437 2959 568 3026 nostrae
580 2950 761 3026 aecclesiae.
774 2951 899 3052 Appiae
911 2951 1080 3027 videlicet
1092 2960 1128 3028 et
1139 2951 1384 3028 Lavicanense

158 3063 1236 3163 velCompanium,Tyburtinum,Traiectanum,Theatinum
1245 3073 1384 3140 utrum·

158 3198 239 3273 qne,
265 3174 488 3264 Savinicnse,
505 3186 541 3251 et
558 3177 709 3265 Tusoiae,
732 3179 909 3278 porticum
926 3179 1044 3254 sancti
1069 3179 1179 3270 Petri,
1203 3189 1381 3254 monetam

161 3293 370 3381 Romanam,
387 3291 567 3365 ordinaria
583 3302 620 3367 et
643 3292 840 3368 actionaria
864 3293 1019 3394 publica,
1044 3293 1169 3393 ripam,
1193 3296 1323 3370 Portus
1347 3304 1384 3371 et

163 3405 311 3480 Ostiam.
339 3405 408 3481 Sed
425 3415 461 3481 ct
478 3405 555 3482 baec
571 3408 690 3482 omnia
707 3407 745 3481 in
761 3435 867 3484 usum
886 3409 1007 3485 salarii
1025 3408 1120 3485 sacri
1134 3409 1266 3484 Palatii
1283 3412 1383 3486 Late·

163 3520 326 3595 ranensis
344 3520 598 3620 perpetualiter
616 3534 795 3616 maneant,
812 3525 863 3598 ita
880 3535 922 3598 ut
946 3523 1068 3598 solitos
1087 3522 1245 3598 redditus
1260 3533 1297 3599 et
1321 3548 1383 3598 an·

160 3634 283 3730 garias
300 3634 553 3734 perpetualiter
570 3635 703 3735 absque
720 3636 795 3711 ulla
811 3635 1091 3714 contradictione
1108 3635 1323 3736 persolvant.
1335 3639 1382 3711 Et

157 3747 187 3821 si
212 3747 294 3846 quis
311 3748 376 3824 hoc
398 3747 668 3839 beneficialiter,
693 3749 752 3825 vel
777 3751 848 3825 alio
872 3748 1029 3850 quolibet
1046 3750 1146 3826 modo
1169 3748 1380 3827 subtrahere

157 3861 284 3961 quovis
300 3871 457 3962 tempore
475 3862 642 3955 voluerit,
658 3864 850 3943 anathema
866 3865 923 3940 sit.
940 3868 987 3939 Et
1003 3864 1108 3939 infra.
1132 3865 1300 3966 Exceptis
1323 3864 1382 3941 his

157 4001 245 4075 qnos
270 3975 467 4052 familiares
484 3977 544 4053 vel
560 3988 700 4054 nostros
717 3981 775 4055 vel
796 3990 997 4055 nostrorum
1022 4003 1268 4056 successorum
1293 4004 1382 4072 esse,

157 4094 247 4168 ratio
260 4093 418 4192 proficua
431 4093 699 4170 evidentissime
716 4093 1022 4170 demonstraverit.
1036 4092 1179 4180 Quodsi
1192 4093 1381 4192 quisquam

70 4208 72 4211 ’
156 4207 243 4283 huic
259 4207 400 4282 decreto
415 4216 534 4283 nostro
550 4209 727 4284 contraire
744 4207 1021 4308 praesumpserit,
1033 4207 1171 4282 scilicet
1186 4207 1309 4283 eadem
1323 4232 1382 4307 pa·
1471 4306 1473 4310 .

155 4322 324 4395 trimonia
342 4324 377 4395 S.
396 4323 435 4394 a.
453 4321 625 4397 Ecclesia
640 4321 853 4412 beneficiali,
877 4346 941 4396 seu
967 4320 1124 4419 quolibet
1147 4343 1243 4397 more
1260 4320 1329 4396 sibi
1344 4347 1381 4396 a·

157 4435 257 4509 modo
275 4434 350 4508 dari
368 4434 523 4535 petierit,
539 4446 604 4510 aut
628 4435 762 4512 volenti
783 4435 867 4512 dare
892 4435 1122 4526 consenserit,
1138 4444 1174 4513 et
1190 4435 1252 4535 qui
1268 4435 1330 4511 dat
1345 4446 1381 4512 et

154 4547 217 4646 qui
235 4547 371 4648 recipit,
387 4548 579 4626 anathema
596 4548 653 4625 sit.
