3608 5498
298 565 342 629 n.
366 534 427 629 23
450 538 496 629 et
516 537 636 659 seq.)
662 537 742 659 qui
764 538 1059 660 praeclarum
1083 538 1139 633 de
1160 566 1213 632 eo
1235 539 1428 661 protulit
1448 541 1516 633 te·

296 697 582 793 stimonium.
613 731 638 786 «
660 698 764 793 Hoc
785 726 924 817 anno,
947 700 1129 794 vivente
1151 701 1305 794 adhuc
1327 698 1516 793 Victore

294 861 496 983 »Papa
528 860 786 955 Deusdedit
822 863 1067 984 presbyter
1100 860 1361 956 Cardinalis
1393 859 1516 954 tituli
1545 839 1550 850 ⁸

295 1054 320 1109 »
348 1022 608 1140 Eudoxiae‚
625 1023 1015 1118 commentarium
1038 1021 1292 1118 elaboravit
1308 1021 1382 1116 his
1398 1024 1516 1117 tem-

185 1214 189 1222 ·
294 1186 539 1307 »poribus
573 1189 889 1309 opportunum
920 1213 1005 1308 pro
1037 1185 1249 1280 Ecclesia
1276 1185 1516 1280 Catholica

295 1349 511 1442 »contra
553 1347 891 1464 schismaticos
924 1375 1062 1470 quern
1097 1351 1142 1441 et
1175 1346 1402 1441 dedicavit
1433 1347 1516 1441 Vi-

294 1538 319 1595 ›>
347 1507 462 1600 ctori
485 1508 658 1630 Papae.
683 1509 830 1602 Extat
851 1505 1080 1629 ejusmodi
1102 1506 1361 1601 lucubratio
1384 1508 1515 1600 tanto

293 1697 319 1755 s
346 1667 446 1762 viro
475 1668 620 1788 digna
650 1669 698 1763 in
719 1668 951 1762 Vaticana
971 1667 1261 1763 Bibliotheca
1282 1668 1515 1766 collectae

294 1863 319 1917 ›>
347 1857 612 1927 cortonam
644 1834 978 1953 nuncupata.»

311 2009 320 2093 ζ
418 1992 568 2086 Porro
592 1993 648 2088 de
670 1994 767 2088 vita
788 1993 927 2110 illius,
945 2021 1232 2117 quamqualn
1255 1990 1415 2088 infelix
1435 1993 1516 2087 illa

296 2158 423 2249 aetas
446 2157 576 2249 nulla
603 2155 659 2250 de
685 2156 788 2278 ipsa
809 2158 1116 2251 nronunrenta
1137 2155 1389 2249 nrenroriae
1410 2183 1517 2277 pro·

295 2313 425 2424 didit,
447 2314 658 2408 nonnihil
680 2344 782 2410 esse
803 2315 988 2410 videtur
1008 2315 1315 2410 innuendum.
1339 2314 1395 2409 ln
1422 2315 1516 2439 epi-

294 2477 427 2593 stola,
450 2505 593 2599 quarn
622 2476 800 2571 Victori
832 2474 903 2572 ΠΙ
924 2477 1177 2600 inscripsit,
1200 2477 1349 2572 utitur
1380 2478 1514 2572 titulo

295 2639 523 2763 carpetas
555 2639 847 2763 Presbyter
880 2639 1027 2735 lc'lrlll
1046 2640 1423 2760 Apostolorum
1456 2640 1513 2736 le
1600 2724 1605 2733 .

295 2799 565 2895 Eudemo.
601 2800 656 2894 ln
687 2800 768 2893 illa
800 2802 957 2894 autern
985 2828 1128 2921 quarn
1160 2800 1418 2921 praemittit
1450 2802 1515 2895 al-

295 2961 382 3056 teri
420 2965 584 3058 contra
625 2962 903 3056 simoniacos
946 2963 1151 3084 aliosque
1184 2963 1258 3057 sui
1289 2944 1513 3086 temporis

294 3125 552 3219 haereticos
575 3124 792 3220 eurndenr
824 3124 969 3218 ferme
1001 3124 1191 3222 titulum
1219 3124 1422 3241 adhibet,
1448 3126 1516 3218 vi-

296 3287 459 3383 delicet
490 3284 785 3382 Deasclcrlll
812 3286 1031 3379 allebata
1063 3285 1354 3410 Presbyter
1375 3288 1515 3408 Ape-

295 3451 551 3544 stolorum
576 3449 630 3543 tre
652 3448 922 3543 Eclecto.
947 3446 1165 3542 Dubitari
1192 3446 1368 3567 nequit,
1400 3428 1514 3567 quin

294 3609 434 3706 fuerit
444 3611 700 3732 Presbyter
710 3609 1075 3732 primariuS‚seu
1088 3608 1365 3723 Oardinalis
1375 3637 1516 3732 prou-

295 3773 330 3866 ti
363 3799 489 3866 nunc
522 3771 684 3865 eodem
715 3768 810 3865 fere
841 3771 979 3865 modu
1013 3771 1319 3890 assignantur
1353 3770 1516 3864 Cardi-

295 3933 480 4027 nalibus
507 3931 630 4026 t'tuli
651 3932 1009 4053 presbyterales
1031 3931 1104 4025 rel
1132 3930 1382 4023 diaconiae.
1411 3931 1515 4029 Hu-

286 4093 496 4216 jusmodi
518 4093 708 4187 t'tuluru
731 4093 829 4186 sive
851 4092 1208 4215 appellationem
1224 4091 1424 4216 carpel,
1440 4091 1514 4185 uel

292 4256 592 4351 alllraltunc
602 4256 824 4379 temporis
842 4255 1091 4351 adhibendi
1107 4282 1210 4348 mos
1227 4258 1342 4371 erat,
1354 4282 1515 4376 quern-

294 4419 546 4518 arlnrodunr
584 4422 700 4518 solet
737 4419 983 4519 Romanus
1021 4415 1240 4516 Pontilex
1272 4445 1323 4511 se
1359 4418 1516 4544 appel-
