3608 5498
800 378 996 442 -428-

291 495 441 595 pererit.
455 496 525 571 Cui
544 496 707 572 Pontifex
731 498 953 572 venerandas
978 498 1124 589 Cruces,
1149 499 1370 595 idestsigua
1393 500 1521 575 oviam

288 609 388 684 misit
403 622 440 686 et
458 610 647 685 universas
672 610 786 685 scolas
812 610 952 699 militie,
978 621 1012 686 et
1037 635 1165 706 pueros
1191 622 1371 710 portantes
1397 624 1521 688 ramos

289 723 488 822 palmarum
507 723 584 798 sive
600 718 787 798 olivarum.
812 727 891 822 Ipse
917 746 1002 798 vero
1027 723 1207 799 excellens
1233 728 1307 800 Rex
1332 725 1519 823 quahora

287 840 428 915 easdem
451 838 712 913 sacratissimas
738 839 883 926 Cruces,
909 846 946 911 et
970 837 1077 934 sigua
1102 837 1299 935 conspexit,
1323 839 1447 913 statim
1472 839 1521 915 do

288 976 378 1052 equo
395 952 622 1042 descendens,
635 977 718 1027 cum
733 954 808 1029 suis
821 957 866 1032 ad
880 958 1024 1033 beatum
1041 954 1189 1025 Petrum
1207 950 1384 1049 pedextr'is
1397 965 1520 1050 perre-

289 1065 353 1140 xit.
372 1069 484 1153 Quem
499 1065 725 1142 venerandus
743 1069 908 1146 Pontifex
932 1089 1027 1141 anno
1044 1062 1228 1140 Dominice
1255 1063 1520 1144 incarnationis

289 1180 553 1260 DCCLXXIIII
566 1177 603 1250 in
617 1178 761 1255 sabbato
775 1194 897 1259 saneto
913 1179 1050 1256 Pasche
1064 1177 1100 1252 in
1115 1176 1287 1273 gradibus
1301 1177 1414 1276 ipsius
1423 1183 1521 1277 Apo·

287 1292 422 1367 stolicae
441 1290 522 1366 aule
539 1316 623 1365 eum
642 1292 736 1368 clero
752 1302 788 1368 et
805 1295 932 1392 populo
950 1297 1106 1369 Romano
1123 1290 1347 1387 prestolatus
1363 1301 1428 1366 est.
1441 1292 1520 1380 Qui

289 1406 373 1480 dum
387 1402 591 1480 advenisset
602 1405 768 1481 omuibus
780 1408 955 1502 gradibus
964 1391 1064 1481 beati
1075 1403 1172 1479 Petri
1186 1402 1410 1494 deosculatis,
1418 1407 1518 1503 apud

288 1517 513 1593 nominatum
531 1519 694 1616 pervenit
712 1519 930 1596 Pontificem.
945 1521 1109 1616 Cumque
1127 1525 1252 1592 mutuo
1265 1543 1303 1593 se
1316 1519 1516 1617 amplexati

288 1642 418 1722 essent,
436 1631 552 1707 tenuit
570 1630 663 1707 idem
682 1631 1015 1708 Christianissimus
1032 1635 1109 1707 Rex
1127 1656 1273 1704 manum
1290 1632 1404 1731 ipsius
1426 1636 1519 1708 Pon·

288 1744 406 1821 tidcis.
423 1748 470 1819 Et
486 1744 537 1819 ita
553 1745 598 1819 ad
615 1745 709 1820 beati
728 1747 825 1821 Petri
852 1747 1110 1822 confessionem
1137 1771 1221 1821 cum
1247 1747 1420 1822 omnibus
1437 1749 1518 1823 suis

288 1884 489 1958 properans,
506 1870 611 1935 terrm
629 1869 837 1956 prostratus,
856 1864 928 1936 Deo
945 1871 985 1937 et
1001 1870 1126 1936 sancto
1142 1860 1220 1935 eius
1238 1860 1405 1958 Apostolo
1429 1871 1517 1936 vota

290 1972 582 2071 persolvit.Tune
595 1973 688 2048 idem
704 1997 766 2047 rex
777 1973 907 2050 obnixe
922 1984 1088 2074 precatus
1102 1983 1156 2049 est
1170 1973 1390 2064 Pontificem,
1404 1985 1445 2050 ut
1457 1975 1516 2051 illi

288 2086 470 2162 licentiam
489 2086 661 2162 tribueret
680 2090 826 2162 Romam
845 2089 1087 2185 ingrediendi,
1104 2087 1227 2163 orandi
1245 2088 1366 2184 gratia
1383 2114 1445 2188 per
1461 2090 1517 2163 di*

287 2225 409 2276 verses
427 2199 614 2277 ecelesias.
628 2202 674 2274 Et
690 2200 944 2277 descendentes
958 2202 1093 2300 pariter
1107 2202 1152 2275 ad
1165 2225 1292 2299 corpus
1305 2201 1400 2276 beati
1413 2203 1514 2276 Petri
1611 2287 1614 2291 7

287 2340 369 2390 cum
388 2313 567 2388 iudicibus
584 2317 823 2387 Romanorum
842 2324 878 2390 et
897 2320 1128 2405 Francorum,
1141 2340 1288 2414 seseque
1307 2326 1432 2391 mutuo
1449 2339 1514 2414 per

287 2437 511 2504 sacramenta
529 2427 742 2517 munientes,
762 2430 918 2526 ingressi
934 2440 1019 2504 sunt
1044 2429 1212 2506 contiuuo
1237 2432 1395 2504 Romam.
1413 2430 1514 2506 Cele-

286 2541 388 2616 brata
405 2565 489 2616 vero
505 2541 665 2641 paschali
682 2541 889 2632 festivitate,
907 2547 976 2619 IIII
993 2544 1093 2633 feria,
1110 2543 1237 2618 oblatis
1252 2544 1395 2640 magnis
1408 2545 1514 2621 donis

286 2655 388 2730 beato
407 2658 511 2728 Petro
527 2655 572 2729 ad
593 2654 808 2730 obsidionem
835 2657 942 2754 Papie
970 2683 1136 2732 reversus
1161 2666 1225 2746 est,
1250 2668 1286 2732 et
1311 2656 1512 2734 auxiliante

289 2772 363 2845 Deo
373 2769 536 2844 eteodem
548 2768 723 2866 Apostolo,
733 2771 955 2845 Desiderium
967 2771 1278 2867 Langobardorum
1291 2795 1411 2867 regem
1425 2796 1512 2847 cum

288 2882 442 2978 coniuge
460 2907 581 2958 secum
600 2883 798 2979 deportavit
815 2895 851 2959 et
868 2886 935 2960 sibi
954 2909 1056 2960 omne
1076 2909 1228 2982 regnum
1247 2885 1325 2960 eius
1338 2885 1511 2982 subiuga·
1551 2918 1554 2924 ·

289 2997 352 3070 vit.
370 3000 460 3072 Item
479 3023 562 3072 cum
588 3024 650 3073 rex
674 2997 898 3074 Hludovicus
924 3004 1069 3076 Romam
1095 2999 1316 3076 coronandus
1341 2999 1512 3091 venisset,

287 3112 466 3186 secundus
483 3115 579 3209 Papa
597 3112 748 3208 Sergius
764 3136 848 3187 eum
866 3114 905 3187 in
922 3114 1094 3211 gradibus
1111 3113 1206 3189 beati
1227 3111 1323 3187 Petri
1340 3113 1511 3210 suscepit,

286 3224 348 3299 sed
366 3225 479 3301 eidem
499 3225 661 3302 ecclesius
680 3228 825 3301 ianuam
847 3229 978 3326 aperiri
1003 3253 1074 3304 nou
1099 3227 1273 3327 permisit,
1289 3227 1399 3303 donec
1415 3227 1512 3303 idem

285 3362 322 3413 se
341 3338 439 3412 nullo
456 3338 550 3414 malo
567 3339 712 3436 ingenio
730 3341 918 3415 advenisse
944 3338 1137 3414 nuntiavit.
1156 3337 1318 3434 Cumque
1337 3337 1510 3434 praefatus

287 3452 453 3527 Pontifex
469 3453 626 3528 audisset
645 3479 726 3529 eum
745 3455 781 3527 in
801 3455 892 3531 hanc
907 3453 1180 3529 famosissimum
1194 3450 1318 3525 urbem
1332 3450 1510 3549 ospitaudi

285 3591 394 3641 causa
412 3566 504 3642 velle
520 3567 666 3656 intrare,
679 3568 813 3643 clausis
826 3580 862 3643 et
876 3567 1026 3642 munitis
1039 3567 1148 3664 portis
1161 3565 1197 3639 id
1210 3563 1288 3639 fieri
1306 3565 1510 3642 munimine

286 3682 472 3770 concessit,
486 3683 650 3758 eumdem
664 3693 784 3758 tamen
798 3682 836 3755 iu
852 3706 975 3778 regem
990 3679 1302 3777 Langobardorum
1315 3680 1512 3756 coronavit.

849 3849 951 3933 CXV.

602 3996 784 4061 Cyprianus
803 3995 857 4049 lib.
879 3997 955 4047 XIII
975 3995 1194 4048 abusivomm.

382 4131 480 4206 Sciat
497 4135 573 4207 Rex
588 4130 792 4229 quod-sicut
809 4131 846 4204 in
864 4131 990 4206 throno
1006 4129 1192 4205 homiuum
1214 4127 1352 4227 primus
1376 4128 1511 4207 eonsti-

286 4254 389 4320 tutus
406 4255 470 4333 est,
487 4245 540 4321 sie
557 4255 593 4320 et
611 4245 648 4319 in
668 4246 776 4343 paenis
793 4247 823 4320 si
842 4245 1016 4320 iustitiam
1035 4267 1105 4318 non
1124 4244 1249 4319 fecerit
1261 4241 1456 4341 primatum
1474 4268 1513 4317 a·

285 4356 428 4431 biturus
445 4369 508 4432 est.
522 4359 646 4432 Omnis
661 4384 814 4456 namque
832 4383 1076 4458 quoscumque
1090 4369 1304 4458 peccatores,
1317 4357 1384 4432 sub
1396 4381 1434 4433 se
1448 4356 1513 4432 ba·

286 4470 375 4561 buit,
393 4470 493 4546 modo
510 4470 644 4574 plagali
663 4496 772 4573 supra
789 4497 827 4547 se
845 4473 883 4549 iu
900 4471 964 4546 illa
982 4473 1105 4547 futura
1122 4495 1212 4572 pena
1230 4469 1382 4546 babebit.
