3608 5498
813 355 1009 418 -500-

257 522 260 527 Α
300 475 330 553 si
349 477 399 551 ita
416 475 536 574 aliqua
554 475 758 571 egritudine
776 475 911 550 luerint
923 476 1128 571 aggravati,
1150 486 1191 551 ut
1208 477 1300 574 quod
1314 477 1418 573 paulo
1435 489 1523 554 ante

300 591 490 687 poscebant
507 602 541 664 et
559 589 626 663 sub
643 589 839 686 prasentia,
857 589 1061 684 significare
1080 615 1149 665 non
1168 591 1301 678 valent,
1315 593 1523 666 testimonia

299 703 612 779 circumstantium
632 702 788 777 fidelium
808 702 881 774 illis
895 704 1056 799 prodesse
1070 705 1208 792 debent,
1226 706 1333 779 simul
1348 716 1467 781 tamen
1485 720 1524 782 et

139 901 142 905 ⁴
187 913 190 919 .
300 817 598 892 reconciliationis
610 816 824 892 beneficium
842 828 1114 913 consequantur.

574 1005 623 1056 Ex
642 1001 782 1056 decretis
801 998 1061 1057 PP.'1nnoeentii
1080 1016 1151 1070 cap.
1171 1006 1242 1057 vn.

371 1159 438 1230 ·De
452 1157 694 1257 penitentibus
707 1167 827 1231 autem
841 1158 900 1254 qui
915 1158 991 1232 sive
1005 1183 1051 1233 ex
1064 1158 1293 1254 gravioribus
1306 1158 1520 1246 commissis,

297 1270 374 1343 sive
387 1294 430 1343 ex
442 1270 636 1344 levioribus
649 1270 890 1369 paenitentiam
904 1270 1088 1364 gerunt,si
1103 1268 1203 1343 nulla
1217 1271 1413 1345 intervenit
1425 1271 1521 1366 egri-

297 1383 381 1457 tudo
398 1388 443 1457 V.
460 1384 550 1458 feria
566 1393 649 1458 ante
675 1408 781 1480 pasca
805 1383 858 1457 'eis
884 1383 1150 1470 remittendum,
1176 1387 1331 1458 Romane
1357 1383 1519 1458 aecelesie

295 1499 512 1574 consuetudo
525 1498 752 1571 demonstrat.
765 1499 932 1572 Ceterum
947 1497 988 1569 de
1003 1497 1153 1592 pondere
1166 1497 1363 1570 estimando
1376 1496 1520 1570 delicto·

298 1634 389 1696 rum,
402 1611 594 1684 sacerdotis
607 1621 661 1683 est
675 1610 843 1697 iudicare,
857 1621 898 1683 ut
910 1611 1070 1684 attendat
1083 1610 1127 1682 ad
1141 1610 1396 1697 confessionem
1412 1610 1520 1705 paeni·

296 1721 417 1808 tentis,
430 1732 465 1796 et
473 1722 517 1795 ad
530 1721 636 1796 fletus
649 1733 755 1818 atque
769 1721 936 1795 lacrimas
950 1723 1164 1816 corrigentis
1177 1747 1219 1796 ac
1230 1732 1315 1796 tunc
1326 1721 1447 1795 iubere
1462 1721 1520 1794 de·

296 1836 402 1921 mitti,
427 1841 509 1909 eum
529 1836 660 1910 viderit
685 1859 883 1930 congruam
902 1835 1191 1909 satisfactionem.
1210 1840 1302 1910 Sane
1321 1835 1350 1908 si
1377 1835 1457 1932 quis
1479 1836 1518 1907 in

295 1947 536 2041 egritudinem
557 1947 733 2035 inciderit,
751 1965 858 2045 atque
877 1949 1050 2044 usquead
1072 1948 1351 2047 desperationem
1370 1949 1519 2022 devene-

295 2062 354 2149 rit,
371 2063 401 2136 ei
420 2074 474 2136 est
496 2071 737 2160 ante'tempus
754 2062 894 2162 paschae
912 2060 1156 2149 relaxandum,
1174 2087 1219 2136 ne
1237 2062 1279 2136 de
1304 2060 1370 2135 hoe
1396 2063 1519 2136 seculo

294 2175 427 2272 absque
444 2176 691 2250 communione
709 2176 875 2251 discedat.

664 2365 712 2414 Ex
732 2363 865 2415 concilio
885 2363 931 2412 111
952 2360 1065 2414 Felicis
1084 2363 1146 2412 ΡΡ.

389 2516 635 2589 Cumraudum
650 2540 734 2589 vero
749 2515 912 2602 maxime,
929 2525 964 2588 et
981 2514 1077 2587 omni
1096 2515 1236 2588 cantela
1250 2525 1304 2588 est
1329 2514 1515 2612 previden-

292 2627 377 2700 dum
391 2653 435 2702 ne
449 2629 529 2724 quis
542 2628 694 2702 fratrum
709 2629 991 2726 coepiscoporum
1006 2638 1218 2713 nostrerum,
1235 2626 1420 2700 autetiam
1438 2651 1515 2723 pre·

293 2739 505 2813 sbiterorom
521 2740 557 2812 iu
572 2741 722 2814 alterius
735 2740 894 2826 civitate,
911 2739 969 2813 vel
983 2739 1112 2813 diecesi
1131 2741 1361 2836 penitentem,
1374 2740 1430 2814 vel
1448 2740 1515 2813 sub

291 2879 400 2926 manu
411 2855 527 2950 positu
542 2855 745 2942 sacerdotis,
758 2864 821 2926 aut
835 2879 915 2927 eum
931 2854 991 2950 qui
1008 2853 1276 2927 reconciliatum
1286 2854 1515 2937 essedixerit,

291 2967 369 3040 sine
387 2966 538 3063 episcopi
557 2968 616 3041 vel
633 2967 819 3064 presbiteri
838 2967 1038 3041 testimonio
1056 2976 1092 3039 et
1110 2966 1240 3041 litteris
1256 2978 1320 3040 aut
1341 2968 1379 3040 in
1397 2991 1515 3064 parro-

291 3078 372 3152 chia
391 3079 574 3176 presbiter,
589 3090 652 3153 aut
669 3080 705 3151 in
725 3080 871 3155 civitate
884 3080 1069 3176 episcopus
1083 3081 1265 3177 suscipiat.
1279 3081 1378 3167 Quod
1391 3080 1513 3178 aliqua

290 3191 540 3267 desimultione
557 3192 737 3288 eglectum
756 3193 845 3289 (sie),
865 3193 1005 3288 eulpam
1033 3195 1153 3288 tangit
1170 3193 1278 3267 etiam
1297 3193 1509 3269 clericorum

291 3304 353 3400 qui
378 3303 464 3377 loeis
490 3303 527 3376 in
552 3304 682 3400 quibus
707 3303 772 3379 hoo
798 3305 998 3378 curandum
1028 3306 1138 3379 fuerit
1163 3317 1439 3381 commorantur.
1464 3309 1512 3380 Et

290 3415 395 3514 paulo
412 3425 498 3512 post.
516 3417 618 3491 Sicut
630 3417 713 3490 nori
727 3416 863 3513 aliquid
881 3428 917 3492 et
930 3418 1020 3515 quod
1035 3419 1214 3515 praeterire
1228 3443 1296 3494 non
1311 3421 1425 3515 potuit
1438 3419 1514 3493 lue

290 3529 339 3602 rit
357 3529 567 3616 revelatum,
585 3529 781 3604 seeundum
800 3530 945 3605 beatum
964 3528 1116 3602 Paulum
1144 3530 1353 3630 apostolum,
1371 3543 1513 3606 tacente

289 3641 404 3736 priore
422 3640 571 3721 fidenter
588 3641 759 3731 insinuet,
776 3643 860 3740 quia
878 3643 1034 3740 Spiritus
1052 3655 1199 3720 sanctus
1219 3645 1278 3719 ubi
1293 3644 1374 3719 vult
1387 3645 1512 3741 spirat,

290 3754 444 3828 maxime
461 3779 543 3828 cum
562 3780 670 3830 causa
683 3781 750 3828 sua
763 3766 947 3830 tractetur.
965 3760 1040 3830 Nec
1054 3781 1117 3831 nos
1134 3757 1271 3856 pigebit
1287 3758 1410 3831 audire
1427 3757 1512 3830 etsi

289 3887 360 3960 qua
377 3877 462 3939 sunt
474 3867 604 3940 omissa
618 3890 687 3940 non
705 3878 916 3963 arroganter
929 3868 1096 3956 abnuere,
1109 3870 1169 3945 sed
1184 3870 1441 3944 rationabiliter
1458 3893 1511 3943 or·

290 3977 426 4052 dinarc.

666 4081 715 4130 Ex
734 4090 777 4130 cr.
797 4080 859 4130 ΡΡ.
880 4080 982 4133 Sirlcil
1001 4091 1073 4147 cap.
1093 4083 1131 4133 V.

384 4213 434 4285 De
452 4210 508 4283 his
525 4235 608 4286 vero
627 4235 694 4284 non
719 4213 929 4306 incongrue,
945 4213 1088 4289 dilectio
1112 4224 1176 4289 tua
1200 4214 1430 4313 apostolicam
1457 4239 1510 4288 se

287 4324 365 4397 dem
394 4326 545 4399 credidit
562 4327 814 4400 consulendam
834 4327 897 4424 qui
917 4338 1059 4423 peracta
1077 4327 1296 4424 penitentia,
1322 4339 1507 4426 tamquam

287 4460 445 4512 canesco
458 4461 540 4510 sues
552 4437 597 4510 ad
612 4439 768 4512 vomitus
782 4439 949 4534 pristinos
961 4451 997 4513 et
1010 4440 1054 4513 ad
1069 4440 1255 4515 volutabra
1273 4441 1461 4517 redeuntes
1473 4454 1511 4517 et
