3608 5498
799 385 930 449 -406
955 419 997 436 «-

285 507 353 582 bus
369 529 476 604 super
492 505 700 582 cathedram
717 506 847 605 Moysi,
866 506 1056 605 dequibus
1074 506 1248 581 Dominus
1269 507 1436 606 praeccpit
1457 509 1513 582 di·

286 644 382 696 cans.
400 623 621 718 Quocunque
638 619 796 696 dixerint
809 620 908 696 robis
920 621 1040 710 facite,
1052 621 1297 711 etobservate,
1310 622 1511 697 secuudum

287 758 392 833 opera
408 755 493 820 vero
510 756 631 809 eorum
645 732 756 809 nolite
772 733 899 809 facere.
925 737 1022 828 Ergo
1047 737 1244 831 Imperator
1268 734 1453 810 considera
1478 735 1511 809 si

289 847 369 924 illos
392 847 483 923 dixit
507 847 699 922 audiendos
725 847 785 945 qui
812 872 919 948 super
948 849 1153 925 cathedram
1182 849 1300 949 Moysi
1331 848 1513 938 sedebant,

289 971 422 1060 quanto
439 961 555 1059 potius
573 960 634 1059 qui
651 987 758 1061 super
775 961 981 1038 cathedram
1000 963 1097 1039 Petri
1110 962 1272 1038 'residant
1296 985 1373 1039 esse
1391 962 1513 1037 existi·

291 1075 398 1150 matis
422 1075 711 1152 obaudiendum?
728 1077 822 1151 Etsi
848 1077 990 1152 illorum
1015 1098 1086 1150 non
1115 1100 1220 1174 opera
1249 1076 1312 1151 sad
1340 1075 1436 1151 dicta
1461 1075 1514 1149 fa·

290 1211 371 1266 cere
388 1197 424 1264 et
443 1189 631 1264 ohservare
644 1188 743 1264 iubet
755 1200 888 1288 quanto
901 1190 1022 1288 potius·
1033 1187 1172 1279 horum,
1190 1179 1407 1289 quinamque
1425 1199 1513 1263 sunt

292 1301 554 1401 ipsorumdicta
562 1301 743 1377 etmonita
752 1302 981 1379 custodienda
991 1313 1077 1378 sunt
1086 1314 1122 1379 et
1130 1303 1514 1402 amplectenda‘lQuod

291 1425 412 1489 autem
429 1438 497 1490 nos
514 1414 599 1488 mali
617 1415 796 1505 volumus,
812 1417 897 1513 quia
914 1419 1048 1493 frustra
1068 1416 1311 1513 indignamini
1328 1424 1365 1491 et
1388 1426 1514 1491 contra

292 1528 526 1624 evangelium
540 1529 632 1627 quod
644 1528 732 1604 dicit
744 1531 806 1627 qui
819 1530 953 1606 dixerit
963 1530 1066 1604 fratri
1080 1555 1144 1605 suo
1157 1531 1266 1619 fatue,
1280 1555 1362 1605 rcus
1374 1529 1444 1605 erit
1451 1554 1514 1624 go-

292 1644 419 1719 hennae
436 1642 535 1737 ignis
551 1665 615 1716 nos
633 1641 762 1718 levitas
779 1644 921 1720 nomine
942 1643 1169 1720 lacessendos
1192 1643 1397 1744 opinamini,
1413 1644 1516 1719 vobis

293 1756 406 1833 nichil
422 1755 493 1830 nisi
510 1757 601 1854 quod
618 1766 674 1832 est
689 1758 841 1848 salubre,
859 1758 973 1834 nichil
987 1758 1056 1834 nisi
1070 1761 1162 1858 quod
1174 1768 1361 1857 acceptum
1380 1758 1429 1832 sit
1442 1760 1517 1833 Deo

294 1871 421 1947 offerre
435 1869 631 1945 studentes.
822 1889 824 1893 ·
959 1892 961 1898 ·

789 1990 1028 2148 LXXXVIIII.
1064 2124 1068 2130 -

757 2265 849 2320 Idam
873 2268 906 2319 in
927 2265 1053 2320 eadem.

393 2441 560 2513 Preterea
585 2435 779 2535 scripsistis
796 2437 944 2514 iussisse
968 2462 1030 2515 vos
1048 2441 1218 2539 quosdam
1244 2442 1305 2540 qui
1327 2442 1394 2516 sub
1418 2441 1521 2515 nobis

297 2554 459 2631 existunt
475 2552 587 2627 mittit
603 2552 647 2626 ad
665 2576 739 2642 vos
756 2554 848 2651 quod
865 2553 972 2649 longe
989 2563 1044 2629 est
1068 2579 1089 2627 a
1107 2555 1246 2653 piorum
1265 2556 1531 2653 imperatorum

298 2669 439 2743 affectu.
452 2669 611 2753 Quorum
626 2664 721 2741 sicut
734 2666 851 2742 locum
865 2667 1006 2757 tenetis,
1021 2669 1158 2744 utinam
1171 2670 1222 2746 ita
1238 2681 1274 2747 et
1287 2671 1454 2769 pietatem
1469 2695 1522 2745 se·

176 2783 179 2788 ’
298 2777 566 2866 ctemini.Quod
579 2777 684 2874 longe
697 2788 752 2853 est
764 2779 1180 2881 inquamaprincipibus
1194 2785 1295 2861 Sedis
1310 2783 1523 2882 Apostolicae

300 2892 536 2972 reverentiam
550 2892 831 2968 observantibus.
844 2896 924 2969 Non
937 2896 1066 2995 quippe
1078 2897 1146 2974 hcc
1157 2899 1246 2974 dicit
1256 2897 1445 2986 Honorius,
1458 2897 1522 2994 qui

301 3009 494 3085 reverendo
512 3007 662 3082 Praesuli
675 3009 853 3084 Bonifatio
869 3008 978 3085 scribi
991 3010 1122 3086 dicens.
1139 3012 1302 3088 Petimus
1318 3021 1360 3087 ut
1377 3010 1524 3087 cotidia-

301 3126 359 3199 nis
371 3122 588 3198 orationibus
602 3123 831 3221 Apostolatus
844 3123 1097 3198 tuusstudium
1112 3150 1155 3200 ac
1168 3135 1291 3201 votum
1302 3151 1409 3199 suum
1424 3125 1524 3200 circa

301 3238 454 3314 salutem
467 3247 575 3334 atque
588 3236 777 3335 imperium
791 3248 951 3313 nostrum
965 3237 1135 3333 dignetur
1147 3239 1361 3338 impendere.
1375 3241 1454 3313 Non
1469 3239 1523 3312 in·

302 3377 410 3451 quam
427 3350 495 3426 hoc
511 3349 601 3425 dixit
617 3351 865 3427 Valentiniani
883 3361 919 3428 et
931 3353 1106 3429 Marciani
1125 3353 1183 3451 pia
1200 3352 1368 3427 divalitas
1385 3353 1430 3426 ad
1442 3353 1526 3427 bea-

302 3477 381 3543 tum
399 3469 531 3564 Papam
550 3468 701 3541 Leonem
723 3467 891 3543 scribens.
911 3471 956 3541 Et
972 3476 1072 3540 tuam
1097 3466 1267 3564 inquietis
1292 3465 1523 3541 sanctitatem
1582 3534 1584 3536 ,

304 3579 545 3678 principatum
559 3578 596 3651 in
615 3579 819 3678 episcopatu
833 3580 966 3655 divium
983 3579 1063 3654 fidei
1081 3579 1316 3677 possidentem
1335 3578 1448 3654 sacris
1465 3577 1526 3653 lit·

304 3693 391 3769 teris
408 3693 446 3765 in
460 3691 633 3790 principio
651 3691 786 3767 iustum
800 3692 980 3768 credimus
995 3692 1244 3790 alloquendam
1262 3692 1460 3767 invitantes
1473 3703 1527 3767 at·

305 3831 374 3906 que
391 3814 559 3903 rogantes
572 3830 633 3905 pro
646 3805 814 3882 firmitate
827 3816 935 3904 atquc
948 3816 1044 3881 statu
1059 3806 1171 3881 nostri
1186 3805 1338 3904 imperii,
1352 3815 1525 3881 aternam

305 3917 529 3995 divinitatem
546 3929 610 3993 tua
626 3918 800 3994 sanctitas
817 3919 1034 4018 deprecetur.
1051 3922 1131 3994 Non
1152 3918 1219 3994 hoc
1244 3918 1333 3993 dixit
1358 3918 1529 3994 Iustinia-

306 4059 387 4123 nus,
400 4032 462 4133 qui
475 4033 563 4109 dicit
575 4043 699 4109 sancto
716 4036 821 4133 Papae
834 4031 994 4121 Iohanni,
1008 4031 1115 4108 etiam
1129 4031 1367 4130 promulgatis
1383 4031 1529 4128 legibus

308 4149 345 4224 id
361 4149 588 4223 interserens.
597 4147 757 4224 Petimus
771 4163 931 4223 vestrum
945 4156 1133 4245 paternum
1146 4146 1327 4237 affectum,
1340 4156 1381 4222 ut
1395 4148 1529 4223 vestris

306 4264 350 4338 ad
360 4286 424 4337 nos
431 4263 616 4338 destinatis
629 4261 770 4352 litteris,
784 4261 1014 4336 manifestum
1028 4263 1129 4337 nobis
1142 4261 1530 4360 faciatisquodcmnes

308 4376 370 4475 qui
383 4374 680 4475 predictas-recto
693 4377 919 4465 confitentur,
932 4374 1085 4472 suscipit
1098 4385 1218 4449 vestra
1230 4375 1414 4464 sanctitas,
1426 4386 1462 4450 et
1475 4400 1533 4451 eo-

309 4514 389 4565 rum
403 4488 466 4590 qui
482 4487 621 4567 iudaice
632 4491 712 4567 ausi
725 4499 811 4567 sunt
825 4498 959 4566 rectam
973 4489 1150 4587 denegare
1165 4489 1269 4566 fidem
1284 4490 1531 4588 condempnet.
