3608 5498
694 409 889 472 -219-

180 531 247 606 bus
265 531 460 607 renitentes
477 530 633 605 multum
650 529 877 605 addiuerunt.
894 533 983 606 Item
1003 530 1096 606 idem
1110 531 1149 606 in
1166 531 1237 604 alia
1254 529 1402 629 epistola

181 646 226 720 ad
243 646 392 721 eosdem.
409 649 455 720 Et
473 643 616 718 dilectio
633 645 836 720 communis
852 654 887 719 et
905 645 995 719 ratio
1006 644 1169 742 'exposcit
1186 644 1316 717 fratres
1341 643 1404 716 lra-

184 760 317 834 rissimi
336 758 425 853 nihil
443 758 672 834 couscientia
689 767 817 832 vestrae
834 757 1043 833 subtrahere
1061 758 1103 832 de
1127 756 1183 831 his
1208 781 1287 855 quae
1310 757 1404 856 apud

183 898 246 949 nos
263 883 454 971 geruntur,
471 883 513 946 ut
530 873 577 947 sit
593 873 694 948 nobis
707 873 804 947 circa
820 871 1015 948 utilitatem
1028 869 1281 946 ecclesiastica
1293 869 1404 943 admi-

181 987 404 1061 nistrationis
420 1010 608 1062 commune
626 986 826 1061 consilium.

771 1213 808 1294 G.

278 1441 485 1540 Cyprianus
501 1439 710 1535 Rogatiano.
727 1443 825 1513 Inter
842 1447 981 1513 caetera.
998 1437 1172 1512 Dominus
1194 1440 1290 1513 Deus
1315 1437 1403 1513 dicit

184 1556 221 1628 in
240 1553 521 1641 Deuteronomio,
538 1552 641 1626 homo
657 1552 875 1650 quicumque
893 1551 1056 1626 fueritin
1082 1551 1247 1649 superbia
1272 1561 1402 1625 utnon

184 1667 350 1742 exaudiat
367 1666 582 1742 sacerdotem
601 1675 664 1738 aut
681 1666 835 1741 iudicem
853 1664 1070 1762 quicumque
1089 1664 1200 1739 fueris
1218 1664 1256 1737 iu
1277 1663 1403 1739 diebus

184 1781 267 1869 illis,
280 1780 451 1854 morietur
463 1779 566 1853 homo
579 1779 648 1866 ille,
657 1789 692 1854 et
703 1779 820 1853 omnis
832 1778 982 1876 populus
990 1803 1073 1853 cum
1083 1777 1237 1853 audierit
1250 1777 1401 1866 timebit,

182 1904 218 1969 et
235 1917 304 1968 non
322 1903 433 1991 agent
450 1893 566 1990 impie.
584 1897 631 1966 Et
647 1900 689 1966 ut
705 1893 863 1968 sciamus
878 1891 972 1966 hauc
990 1891 1055 1966 Dei
1074 1913 1197 1965 vocem
1215 1915 1236 1962 a
1254 1915 1339 1966 vera
1364 1900 1401 1966 et

185 2032 325 2082 summa
343 2007 530 2081 maiestate
547 2005 625 2080 eius
642 2006 864 2103 processisse,
881 2005 926 2079 ad
949 2004 1169 2079 honorandos
1185 2030 1228 2080 ae
1245 2003 1404 2079 iudican-

183 2121 244 2195 dos
261 2120 459 2196 sacerdotes
477 2142 571 2208 suos,
587 2144 669 2194 cum
692 2118 863 2194 adversus
881 2123 1000 2193 Aaron
1017 2118 1247 2205 sacerdotem,
1264 2128 1339 2193 tres
1356 2119 1399 2193 de

185 2233 360 2307 ministris
378 2232 492 2308 Chore
510 2231 651 2306 Dathan
670 2242 705 2307 et
723 2232 856 2307 Abiron
881 2233 960 2306 ausi
986 2243 1072 2307 sunt
1096 2232 1239 2330 superbi
1256 2257 1344 2323 esse,
1367 2243 1405 2308 et

183 2348 355 2423 sacerdoti
373 2344 559 2446 praeposito
577 2369 639 2421 suo
653 2370 691 2420 se
704 2344 892 2443 adequare,
910 2345 1011 2420 hiatu
1029 2355 1133 2420 terrae
1146 2345 1278 2420 absorti
1291 2371 1334 2420 ac
1346 2346 1403 2420 de·

182 2462 310 2549 vorati,
323 2485 442 2558 paenas
455 2459 641 2555 sacrilegae
654 2458 813 2533 audaciae
827 2484 901 2532 suae
913 2458 1172 2556 persolverunt.
1184 2462 1260 2533 Nec
1270 2459 1335 2533 soli
1349 2458 1403 2533 illi

186 2575 246 2649 sed
259 2583 295 2649 et
307 2574 417 2649 aeteri
428 2573 586 2670 CCLqui
600 2572 653 2646 eis
666 2573 814 2647 comites
825 2573 1013 2647 audaciam
1026 2572 1174 2647 fuerunt
1186 2573 1310 2669 ignem
1323 2597 1405 2649 con·

183 2688 315 2790 sumpti
334 2698 430 2776 sunt,
446 2698 488 2762 ut
505 2687 712 2785 probaretur
729 2688 930 2762 sacerdotes
947 2687 992 2762 ab
1008 2711 1048 2762 ea
1065 2688 1125 2785 qui
1140 2688 1340 2763 sacerdotes
1352 2688 1403 2762 fa·

184 2801 235 2876 cit
250 2800 439 2875 vindicari.
456 2802 497 2873 In
515 2799 606 2873 libro
623 2821 761 2896 quoque
779 2825 972 2897 regnorum
992 2827 1073 2876 cum
1093 2801 1265 2877 Samuhel
1290 2826 1404 2877 sacer·

182 2917 281 2990 dosa
298 2915 487 2989 Iudeorum
505 2912 632 3012 populo
648 2913 690 2988 ob
708 2923 928 2990 senectutem
948 2924 1270 3012 contempneretur,
1287 2914 1405 2990 excla-

185 3028 299 3101 mavit
317 3027 489 3102 Dominus
506 3026 596 3100 dixit
612 3026 656 3100 ad
673 3051 755 3101 eum
768 3031 848 3102 Non
861 3038 897 3103 te
911 3038 1136 3127 spreverunt,
1149 3029 1210 3104 sed
1223 3053 1289 3103 me.
1303 3032 1349 3102 Et
1362 3038 1404 3103 ut

183 3143 250 3219 hoo
267 3142 515 3232 ulcisceretur,
531 3140 704 3216 excitavit
724 3140 756 3216 ei
774 3143 861 3216 Saul
879 3166 1013 3238 regem,
1030 3143 1091 3241 qui
1114 3167 1175 3241 per
1191 3166 1312 3218 omues
1324 3165 1405 3217 con·

184 3255 353 3331 tumelias
369 3266 405 3332 et
422 3281 541 3354 paruas
559 3255 752 3352 superbum
771 3255 940 3352 populum
958 3255 1114 3331 calcaret
1126 3265 1163 3331 et
1175 3267 1351 3353 premeret
1362 3263 1405 3329 ut

184 3378 408 3467 contemptus
426 3370 589 3444 sacerdos
607 3368 741 3443 ultione
758 3367 881 3442 diuina
898 3369 1152 3444 vindicaretur.
1170 3370 1238 3444 Sed
1255 3380 1290 3445 et
1307 3369 1405 3445 Salo

185 3504 266 3556 mon
284 3492 436 3557 testatur
447 3508 527 3580 quae
540 3481 588 3555 sit
600 3480 831 3556 sacerdotalis
843 3484 1039 3558 auctoritas
1051 3493 1087 3558 et
1100 3493 1254 3581 potestas
1271 3484 1405 3573 dicens,

184 3595 315 3668 honora
334 3596 524 3670 Dominum
543 3619 587 3670 ex
604 3603 677 3668 tota
693 3594 816 3668 anima
829 3605 903 3684 tua,
916 3604 952 3670 et
969 3597 1168 3672 sacerdotes
1185 3597 1272 3673 eius.
1289 3597 1407 3671 Domi-

184 3734 254 3783 nus
270 3709 377 3782 etiam
396 3718 517 3783 noster
534 3707 662 3783 Ihesus
679 3707 847 3783 Christus
860 3734 923 3785 rex
934 3718 971 3785 et
983 3710 1089 3786 iudex
1100 3721 1137 3787 et
1149 3712 1323 3801 sacerdos
1336 3734 1407 3786 ser·

185 3821 286 3897 ravit
301 3821 469 3897 honorem
488 3822 592 3895 malis
609 3821 862 3911 sacerdotibus,
881 3849 994 3922 usque
1012 3824 1056 3898 ad
1073 3851 1176 3898 suam
1194 3824 1404 3924 passionem,

186 3937 222 4008 in
237 3961 307 4034 qua
321 3937 538 4011 sacerdotem
552 3935 758 4034 appellavit,
770 3959 876 4032 quem
890 3938 1024 4013 sciebat
1036 3961 1112 4012 esse
1127 3937 1357 4033 sacrilegum,
1369 3946 1406 4012 et

184 4076 268 4127 cum
281 4053 420 4149 alapam
434 4052 629 4149 accepisset
641 4059 678 4126 et
689 4050 722 4126 ei
740 4050 884 4137 diceret,
895 4050 948 4125 sic
961 4050 1151 4148 respondes
1164 4048 1340 4136 Pontifici,
1353 4049 1408 4122 ni·

185 4165 257 4241 chil
270 4165 524 4241 contumeliose
540 4165 682 4241 locutus
694 4175 749 4240 est
761 4164 799 4237 in
813 4188 998 4263 personam
1010 4162 1200 4264 pontificia,
1213 4162 1275 4237 sed
1288 4162 1407 4257 magis

186 4280 429 4355 innocentiam
448 4305 549 4354 suam
567 4280 683 4355 tuitus
700 4288 754 4353 est
771 4279 902 4353 dicens.
920 4278 957 4350 Si
976 4276 1069 4351 male
1086 4275 1228 4351 locutus
1251 4301 1331 4348 sum
1357 4285 1407 4350 tc·

186 4395 393 4468 stimonium
412 4393 555 4495 perhibe
568 4394 610 4468 de
624 4393 728 4481 malo,
741 4401 783 4466 ut
795 4415 859 4466 nos
871 4392 949 4466 eius
962 4389 1178 4464 humilitatis
1194 4388 1406 4463 haberemus

187 4507 400 4609 exemplum,
416 4517 452 4583 et
468 4508 590 4587 docuit
606 4507 806 4587 sacerdotes
823 4528 926 4582 veros
943 4504 1107 4604 legitime
1124 4513 1162 4579 et
1177 4502 1281 4604 pleno
1300 4502 1405 4578 hono-
