3608 5498
811 381 1006 444 -496-

383 595 429 646 De
448 595 498 649 his
518 597 574 662 qui
592 596 661 650 aliis
681 594 885 651 sacrificandi
905 606 1023 648 causas
1042 595 1231 668 attulerunt,
1250 605 1322 659 eap-
1343 598 1429 649 VIII.

389 754 568 847 Quotquot
584 773 654 823 non
672 751 787 825 solum
806 749 873 849 ipsi
891 751 1140 844 deviaverunt,
1153 750 1214 824 sed
1231 750 1338 825 etiam
1358 751 1521 827 insurre·
1582 753 1599 778 ⁸

294 873 425 938 xerunt
438 873 473 938 et
486 864 741 962 compulerunt·
751 865 891 951 fratrea,
909 872 945 938 et
961 887 1089 938 causas
1106 863 1337 959 praebuerunt
1353 874 1396 937 ut
1412 887 1521 959 coge-

295 985 430 1064 rentur,
446 976 483 1049 hi
500 1001 563 1075 per
587 973 786 1051 triennium
812 976 954 1072 quidem
972 975 1088 1051 locum
1108 976 1202 1051 iuter
1218 977 1405 1051 audientes
1421 979 1520 1052 acci·

294 1089 404 1187 piaut.
418 1092 485 1164 Per
501 1088 599 1162 aliud
613 1112 696 1164 vero
709 1088 920 1164 sexennium
934 1088 1149 1185 paeuitentiae
1162 1072 1386 1164 subiciantur
1403 1090 1519 1164 acrio·

296 1203 339 1291 ri,
356 1213 392 1277 et
413 1201 483 1276 alio
507 1226 600 1276 anuo
625 1203 909 1278 communionem
935 1202 1012 1278 sine
1036 1202 1212 1278 oblatione
1238 1203 1446 1300 percipiant,
1472 1214 1519 1278 ut

294 1314 545 1410 perfectionem
563 1314 699 1413 expleto
716 1315 885 1390 decennio
899 1325 1171 1413 cousequantur.
1184 1318 1282 1390 Inter
1299 1315 1376 1389 haec
1393 1325 1517 1390 autem

296 1437 332 1501 et
350 1451 471 1502 eorum
486 1427 561 1502 vita
573 1428 753 1525 pensanda
770 1439 833 1503 est.

588 1616 635 1667 De
655 1615 803 1667 omieIdto
822 1626 864 1667 ex
876 1614 993 1667 eodem
1012 1628 1085 1682 cap.
1105 1616 1145 1666 11.

390 1766 458 1853 Qui
477 1765 689 1841 voluntariae
705 1767 937 1842 homicidium
957 1768 1118 1856 feceriut,
1140 1769 1345 1865 penitentiae
1369 1767 1513 1865 quidem

295 1879 432 1974 iugiter
446 1878 660 1953 submittant
672 1905 720 1966 se,
730 1880 981 1976 perfectionem
991 1883 1179 1957 verocirca
1193 1883 1277 1957 vitae
1290 1883 1423 1957 exitum
1433 1905 1517 1957 con·

293 2002 499 2088 sequantur.
509 1994 560 2065 De
573 1992 773 2067 homicidiis
789 2017 873 2068 vero
889 2019 959 2071 uon
973 2006 1095 2092 sponte
1108 1996 1317 2083 commissis,
1331 1996 1424 2092 prior
1437 1995 1516 2092 qui·

293 2105 373 2179 dem
390 2104 549 2179 definitio
566 2115 643 2204 post
656 2114 861 2203 septennem
875 2107 1114 2206 paenitentiam
1131 2109 1380 2205 perfectionem
1394 2130 1516 2183 couse-

293 2220 353 2318 qui
372 2218 552 2317 precepit,
568 2220 723 2295 secunda
741 2244 825 2296 vero
841 2222 1078 2318 quinquennii
1096 2231 1236 2318 tempus
1253 2220 1405 2319 explere.

729 2409 778 2459 Ex
798 2407 914 2460 eodem
934 2409 1079 2462 concilio.

389 2561 440 2633 De
454 2557 666 2632 mulieribus
679 2583 758 2657 qum
771 2560 1005 2651 fornicantur,
1018 2572 1190 2658 etpartus
1203 2585 1285 2635 suos
1298 2559 1512 2651 necant,ch

291 2672 374 2769 quia
388 2672 466 2766 agit
479 2696 599 2745 secum
614 2682 657 2745 ut
674 2682 774 2747 utero
791 2685 982 2772 conceptus
999 2675 1194 2763 excutiant,
1207 2676 1356 2772 antiqua
1367 2674 1512 2772 quidem

292 2786 406 2858 finitio
423 2809 537 2882 usque
554 2784 599 2858 ud
616 2786 752 2859 exitum
774 2786 859 2861 vitae
880 2812 940 2861 cas
960 2786 1003 2859 ab
1025 2786 1177 2861 ccclesia
1199 2795 1368 2875 removet,
1386 2787 1514 2860 huma·

290 2900 374 2973 nius
391 2910 511 2973 autern
529 2924 628 2974 nunc
645 2899 840 2974 diffinimus
859 2911 900 2974 ut
920 2899 971 2974 eis
989 2902 1025 2973 X
1045 2922 1221 2974 annorum
1234 2910 1375 2997 tempus
1389 2925 1514 2975 secuu-

291 3013 376 3086 dum
395 3013 555 3112 praefixos
572 3011 708 3106 gradus
725 3013 932 3109 paenitentia
950 3012 1138 3108 largiatur.

612 3197 660 3248 Ex
679 3199 813 3250 concilio
832 3198 1028 3251 nubercam
1048 3209 1120 3263 cap.
1139 3200 1194 3251 VI.

387 3350 529 3442 Delator
555 3351 585 3423 si
608 3350 688 3448 quis
702 3350 861 3425 extiterit
875 3351 998 3440 fidelis,
1010 3360 1046 3426 et
1059 3375 1120 3447 per
1133 3349 1343 3425 delationem
1358 3350 1435 3425 eius
1448 3349 1512 3421 ali·

290 3465 371 3562 quis
381 3462 538 3536 fidelium
551 3461 965 3560 fueritpraescriptusvcl
975 3462 1430 3560 iute1·fectus,placuiteum
1441 3484 1511 3534 non

290 3577 360 3650 uisi
375 3578 413 3649 iu
428 3577 531 3650 finem
546 3577 707 3673 accipere
721 3576 1016 3651 communionem.
1030 3576 1068 3648 Si
1082 3574 1194 3648 levior
1207 3599 1315 3648 causa
1330 3573 1449 3660 fuerit,
1459 3573 1512 3645 iu·

289 3699 345 3763 tra
362 3688 649 3787 quinquennium
666 3688 829 3784 accipere
842 3686 1125 3763 communionem
1140 3686 1278 3783 poterit.
1292 3687 1331 3759 Si
1344 3686 1512 3760 cathecu-

290 3803 411 3874 minus
432 3800 551 3876 factus
572 3799 682 3875 fuerit
697 3810 776 3897 post
792 3799 1077 3898 quinquennium
1103 3798 1318 3873 admittatur
1334 3798 1378 3872 ad
1396 3796 1509 3894 bapti-

289 3939 418 3987 smum.

703 4079 752 4129 Ex
771 4077 905 4130 concilio
925 4077 1093 4129 Anctrano.

383 4231 421 4303 Si
439 4229 543 4305 cuius
561 4255 649 4304 uxor
665 4229 828 4303 adultera
846 4229 965 4316 suerit,
978 4229 1038 4303 vel
1050 4229 1080 4302 si
1095 4228 1168 4325 ipse
1181 4227 1399 4302 adulterium
1413 4250 1507 4301 eom-

288 4345 697 4431 miserit,V11annorum
712 4343 917 4441 penitentia
929 4351 1064 4437 oportet
1073 4365 1154 4415 eum
1165 4339 1419 4437 perfectionem
1429 4363 1511 4413 con-

285 4455 386 4554 sequi
403 4454 602 4529 secundum
619 4455 787 4555 pristinos
804 4454 951 4550 gradus.
