3608 5498
806 424 1003 488 -417-

289 550 324 615 et
337 541 517 637 obligatus
530 543 573 617 ad
591 543 769 640 perhenne
784 543 939 618 traharis
956 534 1303 622 exitium.'Deterius
1319 548 1448 646 quippe
1473 550 1511 622 in

290 654 429 754 populis
443 655 580 752 praelati
600 655 815 755 delinquunt
826 682 868 732 ac
882 682 944 755 per
960 658 1027 735 hoc
1039 659 1107 757 ipsi
1120 659 1320 736 crudelium
1333 684 1441 758 quam
1457 686 1513 738 co·

291 767 357 840 teri
379 767 593 866 puniuntur,
612 781 652 843 ut
669 770 720 844 ait
736 770 862 846 beatus
879 773 1086 868 Gregorius,
1104 774 1202 850 Scire
1224 773 1356 849 etenim
1374 773 1511 872 praelati

290 880 417 956 debent
434 883 517 981 quia
542 884 572 957 si
594 908 704 980 prava
725 909 882 982 unquam
909 895 1114 986 perpetrant
1134 896 1188 962 tot
1213 886 1384 961 mortibus
1407 885 1512 984 digni

291 1005 387 1083 sunt,
404 1006 489 1094 quot
504 996 549 1070 ad
567 995 725 1071 subditos
742 1020 825 1072 suos
841 999 1048 1096 perditionis
1065 999 1230 1100 exempla
1250 998 1511 1074 transmittunt.

291 1108 393 1184 Unde
406 1133 550 1186 necesse
562 1119 617 1186 est
631 1120 672 1185 ut
684 1120 783 1185 tanto
796 1135 834 1186 se
845 1111 1141 1212 cautiusaculpa
1154 1111 1368 1198 custodiant,
1378 1119 1512 1210 quanto

289 1246 350 1321 per
369 1247 478 1320 prava
496 1249 574 1323 quae
592 1225 731 1302 faciunt
748 1249 817 1300 non
836 1225 901 1300 soli
922 1225 1133 1300 moriuntur.
1148 1230 1193 1301 Et
1210 1226 1315 1301 infra.
1329 1226 1508 1301 Caeterum

289 1359 450 1432 praecave
467 1362 512 1413 ne
529 1338 669 1436 quaudo
685 1362 749 1414 nos
766 1337 963 1413 secundum
982 1337 1123 1412 Domini
1145 1336 1361 1439 preceptum
1386 1340 1421 1411 II
1447 1346 1512 1411 sut

288 1451 341 1523 -lll
357 1460 466 1526 testes
482 1452 724 1542 adhibeamus,
741 1452 850 1526 immo
867 1475 951 1527 vero
974 1476 1019 1528 ne
1045 1451 1111 1528 hoc
1136 1452 1295 1528 ecelesiae
1320 1478 1395 1527 snae
1417 1451 1512 1526 dica·

289 1588 381 1651 mus,
398 1574 435 1639 et
451 1565 544 1662 quod
560 1589 629 1640 non
647 1576 811 1664 optamus
827 1565 869 1640 de
886 1575 1005 1641 cetero
1031 1567 1096 1640 fias
1122 1566 1264 1642 cunctis
1285 1566 1380 1642 sicut
1396 1563 1512 1641 ethni·

193 1730 196 1736 ·
289 1702 354 1750 cus
370 1687 407 1753 et
423 1678 645 1776 publicanus.
659 1681 757 1756 Idem
778 1681 816 1754 in
834 1687 985 1776 regesto.
998 1682 1128 1754 Petrus
1140 1677 1178 1752 in
1193 1678 1335 1753 Domini
1349 1677 1511 1775 passione

288 1790 401 1865 nichil
419 1792 456 1866 in
474 1793 589 1868 Maleo
606 1793 676 1868 nisi
693 1793 891 1868 auriculam
910 1791 1072 1880 abscidit,
1098 1800 1140 1866 ut
1161 1790 1262 1867 nobis
1286 1790 1365 1866 eius
1391 1789 1507 1865 vicem

288 1905 498 1997 gerentibus
522 1906 622 1982 daret
638 1906 808 2004 intelligi,
829 1906 947 1980 nullos
965 1928 1028 1980 nos
1047 1904 1164 2000 magis
1189 1904 1314 1981 debere
1340 1903 1508 2001 consequi

290 2039 396 2112 quam
415 2018 656 2115 quorumlibet
672 2018 948 2096 inobedientium
965 2018 1090 2093 surdos
1107 2016 1280 2093 auditus«

863 2184 937 2269 ΟΠ.

384 2354 558 2429 lohannes
592 2355 787 2454 Episcopus
812 2355 989 2431 Ludorico
1019 2355 1234 2451 imperatori,
1259 2355 1355 2430 inter
1378 2364 1509 2432 cetera.

289 2466 467 2542 blichahel
476 2468 652 2565 qnondam
664 2470 869 2544 Graecorum
881 2471 1087 2567 imperator,
1097 2468 1309 2568 Apostolicae
1322 2468 1415 2544 sedis
1425 2469 1507 2543 mis-

288 2603 344 2653 sos
361 2580 701 2679 Constantinopolim
719 2582 913 2657 destinatos
931 2607 1000 2657 non
1015 2582 1244 2679 recepiendo‚
1267 2582 1374 2657 etiam
1401 2608 1510 2682 paga·

288 2718 414 2767 norum
428 2695 580 2770 excessit
592 2695 832 2793 tyrannidem.
845 2697 914 2771 Sed
926 2697 1012 2772 licet
1024 2697 1099 2795 ipse
1111 2704 1211 2772 tanto
1221 2696 1314 2771 sedis
1328 2697 1510 2796 suscipere

288 2806 553 2904 parvipenderit
573 2809 680 2898 viros,
701 2818 821 2883 tamen
846 2820 980 2884 sanctae
1005 2811 1183 2884 memoriae
1208 2811 1392 2907 Nycolaus
1419 2821 1508 2886 tnnc

288 2920 521 3016 prodecessor
538 2931 669 3009 noster,
685 2921 857 2996 aditerato
874 2922 1015 2998 mittere
1033 2921 1182 2996 distulit
1195 2925 1272 2997 Neo
1289 2922 1411 2997 divina
1428 2923 1507 2996 vin·

287 3033 383 3107 dicta
396 3043 495 3110 tante
508 3034 610 3109 Sedis
622 3045 828 3133 contemptu
842 3035 979 3111 diutius
992 3034 1150 3132 inultum
1163 3035 1343 3112 dimittere
1357 3035 1509 3134 pertulit

288 3170 392 3244 quem
411 3147 528 3222 silicet
544 3171 666 3221 amara
682 3147 796 3244 gladii
814 3158 926 3223 morte
942 3148 988 3223 ab
999 3149 1130 3224 emulis
1146 3148 1321 3224 trucidari
1335 3149 1509 3247 permisit.

854 3313 944 3397 0111.

385 3482 558 3558 lohannes
582 3483 778 3584 Episcopus
805 3482 1003 3560 Hludovico
1032 3485 1235 3582 imperatori
1261 3485 1357 3560 inter
1380 3495 1510 3561 cetera.

289 3596 472 3693 Siquidem
491 3595 674 3671 Ciceronis
691 3606 745 3670 est
761 3590 824 3669 illa
847 3595 970 3670 multis
995 3597 1248 3698 experimentis
1272 3598 1344 3672 iam
1363 3598 1510 3696 probata

288 3711 477 3798 sententia,
494 3711 578 3808 quia
591 3710 686 3784 sicut
699 3709 907 3807 posteriores
920 3710 1100 3809 principes
1114 3735 1187 3786 reru
1202 3711 1416 3788 familiarem
1431 3711 1508 3785 sive

288 3823 518 3898 domesticam
537 3822 664 3897 melius
682 3823 817 3899 rexisse
835 3823 1004 3921 probatur
1023 3833 1060 3899 et
1085 3824 1232 3914 lautius,
1257 3825 1310 3900 sic
1334 3824 1508 3899 nimirum

289 3936 508 4033 antiquiores
520 3934 871 4012 RomaniPontilices
884 3935 1395 4034 melioribusgubernarerunt
1406 3946 1443 4013 et
1456 3937 1510 4010 in·

288 4049 426 4124 stitutis
443 4057 480 4123 et
495 4046 647 4143 legibus.
665 4048 760 4123 Hinc
777 4049 869 4146 quod
886 4058 940 4123 est
956 4049 1105 4146 antiqua
1129 4049 1347 4126 consuetudo
1364 4048 1510 4146 legibus

288 4161 468 4249 adiuvate,
484 4185 621 4258 semper
641 4160 806 4258 optinuit,
823 4171 864 4236 ut
883 4161 1119 4257 magistratus
1136 4162 1246 4237 honor
1264 4161 1360 4237 ultra
1377 4161 1509 4239 annale

288 4274 443 4373 spatium
462 4273 553 4347 nulli
571 4274 714 4371 penitus
731 4274 937 4370 largiretur.
950 4276 1028 4360 Quo
1044 4273 1227 4372 completo
1245 4273 1355 4371 legali
1369 4300 1510 4351 succes·
1584 4287 1586 4290 ⁴

288 4412 344 4462 sor
361 4384 574 4475 admittitur,
587 4386 727 4484 etprior
740 4386 851 4460 Iudex
864 4388 891 4458 L
903 4385 1028 4461 diebus
1044 4386 1140 4462 intra
1157 4388 1378 4486 provinciam
1398 4413 1509 4464 reme-

289 4499 416 4575 morari
431 4499 585 4591 iubetur,
597 4499 706 4575 donoc
720 4500 750 4573 si
764 4522 834 4598 qua
847 4498 1062 4574 distraxerat
1079 4499 1336 4598 possessoribus
1354 4501 1510 4576 referan-

791 4654 793 4658 .
1292 4615 1328 4670 rr
