3608 5498
687 428 885 492 -339-

172 551 234 648 qui
248 550 436 625 meliorum
452 550 697 626 cardinalium
712 550 885 625 electione
898 549 1171 639 intervenerint,
1179 557 1216 624 ct
1228 571 1297 624 uon
1312 573 1396 649 que·

173 689 248 736 ram
268 664 307 737 in
325 664 444 762 aliquo
463 664 625 739 minuere
641 663 731 738 bona
741 665 953 761 patrimonii
974 665 1067 740 beati
1085 664 1182 740 Petri
1199 689 1315 763 neque
1331 664 1393 738 ali·

172 778 337 875 quoinde
355 779 486 875 absque
504 788 595 852 nutu
608 778 735 851 Domui
751 782 855 876 Papae
871 779 931 854 vel
949 779 1112 854 fidelibus
1128 779 1300 854 ordinatis
1316 779 1395 854 eius

172 892 441 967 investitionem
459 892 518 968 vel
538 891 748 967 locationem
769 892 880 968 alicui
906 893 1047 981 faciam,
1064 917 1180 992 neque
1200 892 1325 991 ¹aliquo
1341 892 1394 966 in·

175 1006 319 1081 veniam
338 1005 455 1079 studio
472 1030 555 1081 cum
573 1005 695 1104 aliquo
713 1005 856 1082 homine
873 1007 970 1082 intra
995 1008 1055 1084 vel
1079 1019 1180 1083 extra
1204 1009 1393 1106 praefatum

174 1119 428 1217 patrimonium
447 1119 600 1194 faciendi
618 1119 677 1194 vel
695 1119 886 1218 recipiendi
913 1131 1190 1211 sacramentum,
1208 1131 1273 1197 aut
1296 1122 1396 1197 inve·

172 1232 294 1307 nieudi
311 1232 506 1308 divisiones
523 1257 602 1331 quae
626 1232 747 1331 aliquo
773 1234 872 1308 modo
889 1237 1055 1309 Romanae
1072 1232 1243 1310 aecclcsiae
1267 1234 1396 1324 obsint,

173 1371 288 1444 neque
305 1370 367 1444 per
386 1368 572 1445 maneque
590 1371 652 1445 por
676 1347 894 1447 suppositam
912 1370 1098 1445 personam
1117 1348 1265 1423 studebo
1281 1346 1395 1447 quali·

174 1484 328 1556 cumque
343 1461 443 1535 modo
457 1460 622 1536 reddendi
639 1462 772 1535 malum
787 1461 1040 1550 meritum,aut
1056 1461 1211 1537 faciendi
1224 1463 1395 1536 damnum

175 1574 324 1649 cuilibet
340 1574 384 1649 de
400 1574 563 1649 fidelibus
581 1584 714 1650 sanctae
732 1579 898 1650 Romanae
915 1573 1098 1663 aecclesiae,
1114 1573 1157 1651 de
1181 1574 1238 1648 his
1255 1598 1335 1672 quae
1351 1574 1396 1649 ad

174 1687 379 1762 fidelitatem
406 1687 485 1763 eius
509 1698 665 1784 egerunt
689 1688 748 1763 rel
772 1698 892 1785 agent.
910 1687 949 1762 Si
975 1713 1032 1763 mo
1049 1690 1147 1763 Deus
1172 1689 1344 1767 adiuvent
1360 1699 1396 1763 et

174 1800 252 1875 haec
269 1810 395 1876 sancta
420 1801 621 1896 evangelia.
639 1803 737 1891 Quod
765 1801 796 1875 si
821 1809 946 1877 contra
965 1800 1042 1877 haec
1059 1801 1179 1875 omnia
1195 1801 1255 1876 vel
1271 1812 1396 1876 contra

177 1915 312 2012 aliquid
330 1914 458 1989 horum
477 1915 668 2013 aliquando
685 1916 813 1992 secisse
829 1924 1022 1990 accusatus
1043 1915 1155 2004 fuero,
1171 1925 1208 1990 ct
1224 1915 1325 1989 iuxta
1342 1915 1396 1990 iu·

177 2028 311 2105 dicium
323 2029 450 2102 Domni
461 2033 566 2127 Papae
580 2030 639 2105 vel
655 2032 734 2105 eius
751 2029 863 2127 legati
881 2054 939 2104 me
957 2028 1040 2104 inde
1056 2052 1127 2103 non
1144 2039 1263 2126 potero
1278 2029 1397 2104 defen·

111 2183 112 2186 ¹
172 2143 267 2230 dere,
283 2142 343 2217 vel
372 2142 529 2234 noluero,
546 2168 630 2219 cum
656 2144 738 2219 inde
764 2145 864 2218 luero
889 2141 1150 2240 interpellatus,
1167 2141 1206 2216 in
1229 2142 1396 2242 praesenti

171 2256 452 2353 procurationem
470 2257 603 2355 absque
619 2256 739 2333 omnia
760 2256 1038 2333 controversiam
1054 2255 1245 2346 dimittam,
1262 2266 1298 2332 et
1316 2280 1393 2354 per·

170 2370 253 2442 iurii
272 2379 411 2445 reatum
428 2370 639 2445 omnimodis
656 2370 811 2447 iudicem
829 2371 1035 2447 incurrisse.

718 2598 835 2684 oevi.

270 2828 348 2921 Ego
366 2823 541 2898 Robertus
560 2825 624 2900 Dei
641 2825 762 2921 gratia
782 2833 819 2899 et
835 2823 961 2899 Sancti
979 2823 1076 2899 Petri
1094 2826 1177 2899 Dux
1194 2824 1334 2922 Apuliae
1358 2834 1396 2900 et

174 2939 360 3029 Calabria,
373 2948 408 3014 et
422 2948 572 3037 utroque
584 2938 772 3014 subvenite
786 2938 933 3014 iuturus
947 2938 1091 3028 Siciliae,
1104 2939 1149 3013 ad
1161 2940 1398 3016 confirmatio·

132 3134 138 3141 ,
174 3077 256 3128 nem
274 3053 488 3144 traditionis
500 3065 537 3128 et
553 3053 598 3127 ad
617 3053 897 3148 recognitionem
916 3051 1109 3141 fidelitatis,
1126 3053 1169 3129 de
1186 3053 1283 3126 omni
1300 3063 1397 3128 terra

175 3190 281 3263 quam
299 3191 367 3262 ego
384 3167 534 3265 propriae
552 3167 620 3241 sub
636 3166 791 3242 dominio
808 3189 895 3253 meo,
911 3175 948 3240 et
972 3189 1080 3263 quam
1097 3165 1215 3241 adhuc
1232 3165 1326 3239 nulli
1344 3165 1397 3239 ul·

175 3289 483 3354 tramontanorum
502 3281 552 3354 ita
570 3280 747 3356 concessit
763 3289 805 3354 ut
829 3287 961 3368 teneat,
977 3279 1143 3376 promitto
1160 3304 1218 3355 mc
1234 3278 1397 3353 annuali·

176 3404 232 3469 ter
249 3417 311 3492 pro
335 3417 546 3493 unoquoque
573 3397 660 3490 iugo
682 3394 799 3482 boum,
818 3393 1023 3491 pensionem
1040 3395 1112 3468 XII
1129 3392 1268 3468 scilicet
1292 3393 1397 3467 dena·

176 3506 255 3580 rior.
273 3507 452 3604 papiensis
477 3516 628 3582 monetae
646 3507 909 3606 persoluturum
935 3506 1038 3581 beato
1057 3509 1162 3581 Petro
1186 3516 1223 3581 et
1246 3506 1311 3581 tibi
1329 3509 1397 3581 Do·

174 3620 269 3694 mino
296 3642 371 3694 meo
388 3618 550 3719 Nycolao
568 3622 673 3718 Papa
697 3630 733 3696 et
749 3620 915 3695 omnibus
940 3618 1206 3696 successoribus
1230 3619 1315 3708 tuis,
1332 3629 1396 3695 aut

172 3732 247 3806 tuis
263 3744 326 3808 aut
343 3742 487 3807 tuorum
505 3756 752 3809 successorum
769 3733 919 3809 nuntiis.
933 3732 1052 3806 Huius
1071 3741 1193 3808 autern
1212 3732 1396 3830 pensiona-

174 3846 236 3920 riae
253 3846 459 3921 redditionis
476 3846 545 3922 crit
561 3848 801 3945 sempiternus
815 3847 914 3922 finito
927 3869 1066 3946 quoque
1079 3868 1173 3920 anno
1187 3857 1320 3922 sanctae
1330 3849 1396 3923 Re·

174 3958 406 4034 surrectionis
430 3959 505 4034 dies
530 3958 739 4036 dominicus.
761 3961 837 4036 Sub
861 3959 930 4036 hac
954 3983 1040 4035 vcro
1063 3958 1270 4035 condicione
1286 3958 1397 4033 huius

175 4070 405 4169 persolvendo
418 4071 609 4169 pensionis,
621 4073 741 4169 obligo
759 4099 825 4162 me,
841 4085 878 4148 ct
894 4096 1017 4147 omues
1034 4095 1130 4147 meos
1142 4072 1221 4146 sive
1234 4069 1392 4162 heredes,

175 4183 251 4256 sive
269 4206 493 4258 successores
517 4183 582 4258 tibi
602 4186 752 4259 Domino
769 4210 847 4262 meo
862 4190 896 4261 N
897 4186 1025 4284 ycolao
1043 4189 1147 4284 Papae
1162 4197 1200 4261 et
1216 4209 1397 4263 successo

176 4295 275 4368 ribus
292 4295 374 4370 tuis.
392 4297 430 4370 Si
448 4321 505 4372 mc
523 4300 620 4372 Deus
637 4299 795 4389 adiuvet,
812 4310 848 4374 ct
864 4299 940 4375 haec
958 4309 1084 4374 sancta
1102 4299 1313 4395 Evangelia.
