3608 5498
820 433 860 446 -
887 399 928 461 68
954 433 993 444 -
1033 459 1035 464 .

293 521 340 593 sit
356 520 515 620 omnium
533 522 778 596 ecclesiarum.
796 526 843 596 Et
861 520 964 620 paulo
983 530 1068 617 post.
1082 520 1260 617 Quicquid
1273 543 1360 617 ergo
1374 521 1451 597 sine
1465 522 1516 596 di·

291 633 467 708 scretione
485 632 645 723 iustitiae,
662 643 698 708 ct
715 643 839 709 contra
863 635 972 708 huius
996 634 1223 731 disciplinam
1248 644 1371 710 actum
1394 636 1515 727 fuerit,

291 755 425 820 statum
443 746 572 823 habere
590 748 680 822 ratio
697 735 798 821 nulla
811 749 995 845 permittit.
1008 749 1187 824 Ieiunium
1202 772 1287 823 vero
1299 750 1392 847 quod
1405 759 1460 825 ter
1474 751 1512 824 in

292 884 385 934 anuo
401 861 495 958 apud
512 885 575 935 nos
592 862 766 938 celebrari
784 862 943 938 didicisti
961 863 1234 938 convenientius
1251 890 1349 940 nunc
1368 890 1430 964 per
1443 868 1514 940 IIII

291 983 448 1072 tempora
467 976 543 1051 fieri
560 976 796 1065 decernimus,
814 976 915 1051 iuxta
932 978 1137 1076 prophetam
1158 978 1365 1054 Zachariam
1384 979 1446 1079 qui
1465 980 1516 1054 di·

293 1087 345 1162 cit
361 1089 539 1163 Ieiunium
560 1092 639 1163 IIII.
652 1100 689 1165 et
701 1094 745 1164 V.
758 1099 794 1165 et
808 1093 886 1165 VII.
900 1101 936 1167 et
947 1092 1122 1167 ieiunium
1137 1091 1215 1167 ΧΨ
1228 1103 1264 1168 et
1276 1102 1405 1169 cetera.
1418 1094 1514 1168 Idem

292 1201 330 1274 in
349 1203 514 1277 secunda.
533 1204 569 1276 Si
589 1205 784 1303 Episcopus
803 1204 973 1311 utilitatis⁴
988 1229 1097 1280 causa
1115 1205 1225 1280 fuerit
1243 1208 1436 1282 mutandus
1451 1232 1515 1283 au·

295 1317 461 1416 ctoritate
480 1315 591 1391 huius
608 1330 741 1393 sanctae
760 1318 950 1394 Sedisfiat.

868 1550 955 1633 LXI.

364 1774 546 1847 Favianus
563 1773 796 1850 dilectissimo
812 1777 916 1851 fratri
935 1779 1086 1875 Hylario
1104 1778 1197 1854 inter
1219 1789 1348 1855 cetera.
1375 1783 1512 1854 Revera

293 1886 343 1960 ibi
360 1911 499 1984 semper
516 1912 625 1963 causa
642 1900 785 1984 agatur,
805 1891 865 1964 ubi
884 1891 1018 1966 crimen
1045 1893 1257 1967 admittitur.
1282 1897 1330 1967 Et
1354 1895 1415 1992 qui
1442 1916 1512 1967 non

292 2001 493 2097 probaverit
511 2003 603 2100 quod
620 2004 759 2092 obiecit,
777 2029 903 2102 penam
923 2020 1030 2102 quam
1056 2007 1221 2081 intulerit
1245 2008 1321 2105 ipse
1346 2008 1514 2105 patiatur.

292 2115 434 2191 Placuit
451 2116 558 2190 etiam
577 2127 618 2191 ut
635 2119 665 2190 si
684 2119 879 2217 Episcopus
896 2134 1087 2195 accusatus
1108 2121 1343 2219 appellaverit
1367 2126 1516 2219 Aposto-

290 2229 396 2305 licam
416 2232 546 2321 sedern,
564 2233 599 2308 id
616 2235 845 2309 statuendum
859 2235 951 2333 quod
965 2236 1125 2309 ciusdem
1144 2236 1237 2310 sedis
1255 2235 1420 2311 Pontifex
1433 2261 1514 2311 con·

290 2346 414 2420 suerit.
432 2349 517 2421 Haeo
535 2357 654 2422 tamon
671 2349 814 2423 omniuo
831 2349 868 2421 iu
887 2350 1110 2424 sacerdotum
1127 2373 1237 2424 causa
1255 2349 1368 2424 forma
1394 2375 1512 2425 serve·

289 2466 360 2545 tur,
378 2450 593 2557 quemquam
612 2462 791 2535 sententia
808 2485 878 2536 non
896 2486 917 2534 a
935 2485 1001 2535 suo
1018 2461 1134 2537 iudice
1152 2462 1247 2537 diota
1266 2461 1503 2557 constringat.

849 2690 954 2774 LXII.

382 2909 590 3011 Anycerius
600 2915 677 3014 (ric)
687 2915 1090 3014 Episcopuslrarissimis
1099 2916 1271 2991 fratribus
1281 2941 1340 3013 per
1350 2916 1511 2991 Beticarn

289 3038 396 3126 atquc
406 3029 610 3103 Toletanam
624 3029 843 3126 provinciam
854 3030 1038 3128 Episcopis
1052 3030 1267 3105 constitutis.
1277 3033 1511 3105 Interoetora.

289 3143 340 3215 De
359 3141 554 3215 mutatione
573 3142 825 3240 Episcoporum
844 3143 938 3218 unde
951 3154 1114 3218 sanctam
1128 3143 1255 3217 Sedem
1269 3138 1509 3240 Apostolicam

287 3255 532 3343 consuluistis,
550 3254 675 3331 scitote
692 3256 859 3354 quoniam
878 3279 949 3330 non
967 3255 1112 3329 transiit
1128 3254 1171 3330 dc
1188 3255 1337 3330 civitate
1353 3254 1398 3328 ad
1422 3254 1511 3329 civi·

289 3379 399 3443 tatem
417 3369 567 3467 quinon
585 3393 649 3444 suo
674 3370 779 3444 libitu
805 3381 869 3444 aut
893 3369 1039 3445 arbitrio
1063 3370 1129 3445 hoc
1155 3368 1254 3458 facit,
1270 3368 1331 3443 sed
1353 3367 1510 3442 utilitate

288 3482 441 3579 quadam
459 3482 608 3557 aliorum
628 3493 767 3558 ortatus
785 3493 821 3558 et
838 3482 987 3558 consilio
1005 3483 1179 3581 potiorum
1193 3480 1420 3555 transfertur.
1433 3483 1510 3556 Neo

177 3645 182 3656 .
288 3596 504 3670 transfertur
517 3596 559 3670 dc
574 3596 700 3670 minori
718 3596 865 3671 civitate
882 3596 927 3670 ad
942 3595 1120 3680 maiorem,
1133 3594 1195 3692 qui
1208 3594 1276 3669 hoc
1288 3616 1358 3667 uon
1370 3591 1510 3667 ambitu

288 3731 354 3782 nec
372 3709 512 3806 propria
526 3709 711 3784 voluntate
725 3709 822 3796 lacit,
836 3709 898 3784 sed
909 3716 974 3782 aut
989 3709 1024 3780 vi
1038 3733 1058 3779 a
1073 3707 1211 3804 propria
1224 3706 1361 3804 pulsus,
1372 3712 1437 3778 aut
1449 3729 1510 3779 ne·

286 3821 450 3895 cessitate
467 3831 613 3896 coactus
630 3847 699 3897 non
717 3822 867 3920 superbo
885 3821 946 3895 sed
958 3818 1143 3894 humiliter
1156 3818 1200 3892 ab
1213 3818 1294 3892 aliis
1308 3817 1509 3893 translatus

285 3942 321 4007 et
338 3934 575 4010 intronizatus
591 3946 655 4010 est.
671 3936 763 4023 Quia
780 3934 882 4011 homo
898 3933 997 4009 videt
1018 3933 1055 4006 iu
1082 3932 1173 4008 facie
1199 3935 1296 4006 Deus
1321 3941 1442 4004 autom
1468 3929 1506 4002 iu

288 4045 401 4120 corde.

835 4187 959 4271 LXIII.

384 4385 533 4495 Anicius
551 4385 627 4482 (rio)
641 4389 807 4459 Romanae
824 4385 996 4460 Ecclesiae
1013 4385 1209 4482 Episcopus
1228 4382 1407 4458 universis
1425 4383 1508 4481 Epi·

278 4501 399 4595 scopis
417 4501 510 4573 inter
527 4508 664 4574 coetera.
683 4500 721 4572 Si
740 4497 1039 4594 Archiepiscopus
1052 4497 1095 4571 de
1107 4497 1174 4572 hoc
1186 4495 1317 4571 saeculo
1329 4495 1457 4570 obierit
1469 4506 1506 4570 et
