3608 5498
795 428 836 445 -
861 396 926 460 354
952 428 990 445 -

287 535 372 591 vero
380 515 461 614 quis
471 515 642 592 laicorum
656 515 700 591 ad
714 516 991 593 concertandum
1005 525 1042 593 et
1055 520 1311 618 cooperandum
1326 519 1503 594 inritatur

286 630 332 706 ab
345 630 918 722 ecclesialicethuiusmodicum
928 634 1129 707 reverentia
1142 633 1173 707 si
1186 634 1275 710 torte
1284 633 1504 731 volueritop-

286 753 484 844 temperare
497 769 534 820 se
543 745 812 828 asciscentibus,
825 743 958 820 Taliter
971 745 1066 820 enim
1080 746 1232 843 dignum
1246 756 1421 845 pastorem
1435 747 1503 820 sibi

286 857 502 959 regulariter
526 859 571 932 ad
595 885 696 933 suam
719 859 917 935 aecclesiam
943 857 1096 938 salutern
1118 871 1309 957 promovet.
1331 861 1502 959 Quisquis

287 979 410 1058 autem
427 971 655 1046 saecularium
670 972 872 1071 principum
887 985 923 1050 et
936 973 1133 1072 potentium
1146 973 1206 1049 vel
1223 973 1372 1050 alterius
1389 974 1505 1070 digni·

285 1083 372 1174 tatis
388 1076 504 1160 laicus
520 1085 693 1161 adversus
709 1110 933 1163 communem
952 1111 994 1163 ac
1010 1095 1262 1163 consonantem
1280 1096 1387 1184 atque
1400 1109 1503 1161 cano

286 1197 407 1272 nicam
424 1197 631 1274 electionem
649 1200 883 1278 ecclesiastici
901 1200 1036 1277 ordinis
1047 1224 1156 1298 agere
1168 1201 1409 1300 temptaverit,
1421 1225 1504 1274 ana·

286 1308 408 1385 thema
423 1311 481 1400 sit,
493 1311 605 1390 donec
616 1312 754 1389 obediat
767 1324 804 1390 et
816 1316 1016 1392 consentiat
1028 1315 1120 1414 quod
1133 1316 1296 1394 aecclesia
1308 1316 1350 1392 de
1364 1316 1504 1392 electio-

286 1446 331 1497 ne
347 1432 384 1498 et
399 1424 619 1504 ordinatione
637 1427 770 1529 proprii
788 1430 953 1527 presulis
969 1454 1007 1506 se
1020 1430 1119 1512 uelle
1137 1431 1400 1506 monstraverit.

836 1632 949 1717 XIIII.

663 1833 891 1900 Apostolorum
911 1848 984 1904 cap.
1004 1837 1121 1888 xxxl.

316 1979 320 1986 ¹
385 1994 424 2067 Sr
446 2020 523 2078 ovis
542 1959 730 2095 episcopus
754 1996 990 2072 saecularibus
1015 1996 1249 2096 potestatibus
1273 2023 1361 2072 usus
1385 1997 1508 2072 aeccle·

287 2103 378 2177 siam
391 2129 453 2204 per
466 2106 561 2205 ipsas
572 2109 740 2207 optineat,
753 2109 948 2207 deponatur
960 2123 997 2187 et
1009 2121 1234 2209 segregetur,
1246 2134 1438 2209 omnesque
1451 2111 1506 2183 illi

288 2222 559 2299 commonicant.

831 2410 963 2496 XVIII.

590 2616 641 2666 Ex
659 2616 794 2669 concilio
813 2614 996 2668 Laodlesno
1017 2625 1090 2679 cap.
1110 2615 1198 2666 xnr.

382 2779 463 2851 Non
480 2785 535 2851 est
552 2776 829 2875 permittendum
847 2777 951 2853 turbe
963 2775 1154 2851 electiones
1167 2798 1287 2850 eorum
1302 2773 1429 2864 facere,
1443 2774 1506 2872 qui

288 2892 433 2966 suntad
451 2891 688 2968 sacerdotium
708 2893 945 2990 promovendi.

821 3085 972 3170 XVIIII.

602 3290 651 3340 Ex
669 3255 798 3342 concilii
817 3286 1006 3340 antiocheni
1024 3297 1094 3352 cap.
1115 3284 1186 3336 x11.

385 3462 425 3532 Sr
443 3485 522 3543 ovrs
538 3483 560 3532 a
576 3460 716 3558 propri0
734 3459 904 3558 Episcopo
917 3455 1110 3553 Presbyter
1126 3465 1190 3528 aut
1204 3455 1393 3542 Diaconos,
1406 3465 1469 3526 aut
1485 3477 1508 3524 a

289 3574 410 3648 sinodo
427 3573 535 3649 suerit
552 3573 737 3672 episcopus
753 3573 844 3648 forte
861 3573 1087 3667 dampnatus,
1104 3580 1140 3644 et
1163 3571 1389 3667 Imperatoris
1413 3570 1507 3641 auri·

288 3689 356 3763 bus
374 3689 544 3763 molestus
560 3686 730 3776 extiterit,
746 3696 883 3785 oportet
898 3683 943 3758 ad
962 3706 1090 3756 manus
1103 3680 1346 3779 episcoporum
1363 3702 1510 3755 conver-

288 3802 317 3877 ti
336 3802 540 3890 concilium,
557 3813 594 3878 et
610 3825 690 3899 quae
708 3800 917 3899 putaverint
933 3796 1064 3872 habere
1081 3796 1179 3869 iusta
1196 3795 1360 3892 plurimis
1377 3794 1509 3892 episec

288 3917 343 4013 pis
356 3924 568 4011 suggerant,
581 3936 776 4012 eorumque
789 3911 1027 3989 discussiones
1039 3934 1082 3985 ac
1099 3909 1232 3984 iudicia
1249 3907 1509 4007 prestolentur.

289 4028 327 4102 Si
345 4051 430 4103 vero
446 4027 512 4101 hoc
529 4025 631 4124 parvi
649 4026 853 4127 pendentes,
878 4023 1016 4100 molesti
1042 4024 1180 4099 fuerint
1203 4022 1420 4122 imperatori,
1445 4021 1508 4096 hos
1573 4085 1576 4090 .

288 4139 389 4213 nulla
407 4139 513 4214 venia
530 4138 658 4234 dignos
675 4163 763 4228 esse,
780 4163 845 4214 nec
862 4138 979 4214 locum
1000 4135 1256 4211 satisfactionis
1273 4134 1415 4224 habere,
1439 4159 1509 4220 nec

288 4275 386 4348 spem
405 4251 537 4326 futurae
554 4251 791 4325 restitutionis
808 4251 951 4349 penitus
967 4249 1130 4347 optineri.
