3608 5498
811 397 985 458 ..39-

864 630 944 715 XII.

385 853 519 930 Nullus
544 855 739 956 Episcopus
762 857 912 934 alterius
934 856 1216 934 Parroohianum
1238 867 1433 956 presumat
1458 883 1511 935 re·

287 969 412 1058 tinere,
428 978 493 1044 aut
508 970 672 1047 ordinare
688 971 821 1072 absque
839 973 917 1047 eius
934 970 1131 1061 voluntate,
1148 968 1207 1046 vel
1224 969 1395 1058 iudicare,
1408 975 1509 1047 salva

288 1082 462 1156 tamenin
479 1083 645 1158 omnibus
658 1083 862 1182 Apostolica
875 1083 1097 1161 auctoritate.
1110 1083 1204 1171 Quia
1216 1084 1312 1160 sicut
1325 1084 1427 1159 irrita
1440 1085 1510 1160 erit

288 1193 366 1270 eius
382 1195 566 1286 ordinatio,
584 1195 634 1270 ita
652 1206 689 1272 et
705 1193 987 1272 diiudicatio.¹
1144 1192 1146 1197 ’
1315 1210 1317 1214 ’
1425 1219 1427 1223 ·

852 1425 949 1510 XIII.

388 1650 899 1728 SalvoinomnibusRomanae
911 1650 1511 1750 EcclesiaeprivilegionullusMe·

290 1762 527 1861 tropolitanus
544 1765 895 1862 obsquevceterorum
913 1765 1074 1839 omniurn
1092 1764 1448 1861 comprovincialium
1467 1769 1513 1839 E-

289 1878 1513 1977 piscoporuminstantiaaliquorumaudiatcausas‚quiairritaeerunt

287 1991 392 2066 aliter
400 2000 490 2078 acte,
503 2017 610 2090 quam
620 1992 658 2065 in
672 2003 863 2091 conspectu
877 2017 999 2069 eorum
1012 1991 1173 2067 omnium
1183 1991 1376 2080 ventilatas,
1387 2003 1424 2068 et
1437 1993 1511 2091 ipse

290 2104 319 2177 si
337 2104 473 2191 fecerit,
490 2115 698 2180 coerceatur
714 2131 736 2178 a
754 2106 937 2181 fratribus.

776 2308 805 2346 ·’
843 2334 958 2419 mm.
1082 2267 1084 2269 ¹

385 2559 526 2635 Alienis
541 2560 719 2634 erroribus
736 2559 950 2648 sauciatum,
974 2559 1071 2636 vela
1095 2559 1152 2634 sui
1178 2559 1345 2659 propositi
1370 2561 1514 2638 tramite

293 2673 526 2754 recedentem.
543 2682 606 2747 aut
623 2674 736 2750 sacris
752 2699 929 2750 canonum
944 2674 1164 2750 iussionibus
1181 2673 1439 2750 inobedientem
1456 2701 1514 2751 su·

292 2786 427 2883 scipere
444 2810 513 2861 non
533 2811 731 2883 possumus,
750 2814 816 2863 nec
842 2788 1014 2887 impedire
1033 2797 1128 2862 recte
1146 2787 1343 2875 credentes,
1360 2786 1418 2863 vel
1435 2813 1515 2862 san·

293 2908 430 2974 ctorum
446 2913 588 2998 patrum
602 2901 845 2977 sanctionibus
858 2901 1142 2998 obtemperantes
1155 2900 1405 2999 permittimus.
1423 2902 1514 2989 Quia

295 3014 389 3087 inter
406 3014 526 3089 fidelos
543 3025 579 3090 et
596 3015 757 3091 infideles
774 3038 908 3111 magna
924 3013 1028 3089 debet
1043 3039 1120 3090 esse
1137 3013 1313 3089 discretio

865 3245 941 3329 xv.

391 3474 439 3548 Ut
447 3474 678 3571 provincialis
691 3476 850 3574 synodus
869 3479 1038 3549 retractet
1050 3495 1113 3568 per
1126 3469 1281 3545 vicarios
1295 3468 1403 3546 Urbis
1416 3472 1514 3545 Rom.

295 3584 472 3684 Episcopi,
489 3587 519 3661 si
537 3587 613 3686 ipse
626 3589 835 3665 decreverit.

861 3818 954 3904 XVI

390 4044 566 4121 Primates
574 4058 784 4122 accusatum
793 4043 1250 4143 discutientesllpiscopum
1264 4064 1335 4115 non
1348 4050 1432 4116 ante
1441 4065 1520 4117 sen-

294 4155 441 4230 tentiam
461 4158 642 4254 proferant
659 4159 897 4234 damnationis
913 4183 1020 4256 quam
1040 4155 1242 4254 Apostolica
1266 4153 1350 4229 freti
1366 4153 1520 4229 auctori-

296 4277 380 4359 tate‚
403 4280 467 4345 aut
494 4297 592 4347 reum
618 4298 655 4349 se
676 4273 751 4372 ipso
767 4273 991 4361 confiteatur,
1005 4279 1071 4345 aut
1087 4294 1149 4367 por
1165 4269 1374 4345 innocentes
1398 4276 1435 4342 et
1459 4292 1517 4343 oa-

296 4384 424 4460 nonicc
439 4388 659 4462 examinatos
676 4397 785 4463 testes
803 4383 1021 4483 regulariter
1037 4383 1283 4460 convincatur.
