3608 5498
932 399 1130 461 -310-

417 526 477 601 bet
494 518 699 623 provincias
715 518 881 608 venditae,
897 514 955 595 rel
969 517 1042 594 ullo
1054 519 1124 594 alio
1136 528 1239 618 pacto
1250 518 1405 595 alienate
1419 530 1514 608 sunt,
1527 520 1572 596 ab
1584 519 1642 596 his

416 638 478 738 qui
492 659 677 737 perperam
686 645 794 733 atque
803 643 928 710 contra
937 633 1038 730 leges
1047 659 1106 709 eas
1119 633 1292 722 detinent,
1301 633 1401 706 nulla
1411 632 1644 733 longitempo-

333 743 336 750 ’
420 751 469 826 ris
482 746 738 851 perscriptione
751 747 928 822 officiente
946 744 1109 824 iubemus
1128 747 1340 839 restitui,ita
1356 757 1397 824 ut
1409 772 1476 825 nee
1488 750 1643 848 pretium

417 864 560 964 quidem
578 859 713 959 iniquis
729 859 1015 959 cOoPeratoribus
1032 885 1215 961 reposcere
1232 861 1349 938 liceat.
1375 863 1467 937 Data
1493 866 1526 935 V
1552 867 1643 939 Non.
1769 846 1781 864 ’

419 976 486 1055 Iul.
504 973 761 1052 Valentiniano
776 983 813 1050 et
830 972 1000 1072 Eutropio
1016 979 1098 1052 VV.
1116 976 1186 1054 CO.
1204 975 1430 1055 Consulibus.

947 1141 1118 1227 CXLIIII.

630 1296 680 1348 Ex
698 1295 784 1349 libro
803 1296 1005 1350 novellarum
1024 1296 1193 1351 Iustiniani
1211 1298 1433 1364 Imperatoris.

513 1437 708 1532 Imperator
729 1430 953 1507 Iustinianus
979 1436 1180 1529 Augustus.
1201 1431 1351 1508 Iohanni
1373 1433 1577 1511 beatissimo
1602 1461 1645 1511 ac

417 1546 642 1624 sanctissimo
660 1545 933 1644 Archiepiscopo
949 1555 985 1622 et
1002 1545 1221 1621 Patriarchae
1240 1545 1374 1622 veteris
1389 1550 1517 1623 Romae.
1535 1551 1581 1622 Et
1594 1548 1643 1625 le·

417 1687 508 1760 gum
525 1659 703 1755 originem
719 1660 900 1758 antiquior
913 1663 1023 1735 Roma
1037 1658 1162 1733 sortita
1175 1669 1241 1748 est,
1257 1668 1296 1735 et
1312 1660 1443 1734 summi
1461 1661 1648 1737 Pontifica-

417 1787 477 1854 tus
493 1774 631 1874 apicem
648 1774 743 1874 apud
760 1799 838 1850 eam
856 1799 934 1851 esse
950 1796 1053 1850 nemo
1070 1781 1125 1849 est
1149 1771 1210 1870 qni
1229 1771 1377 1847 dubitet.
1399 1774 1503 1851 Unde
1521 1785 1557 1851 et
1581 1799 1645 1850 nos

419 1889 663 1966 necessarium
685 1887 854 1963 duximus
874 1888 1026 1987 patriam
1048 1887 1183 1984 legum,
1201 1887 1333 1963 iontem
1351 1889 1550 1978 sacerdotii,
1570 1913 1648 1987 spe-

421 2003 503 2080 ciali
521 2003 634 2078 nostri
648 2001 809 2077 numinis
821 2002 903 2099 lege
916 2001 1109 2076 illustrare.
1123 2004 1170 2076 Et
1182 2000 1287 2099 paulo
1300 2012 1387 2100 post.
1401 2002 1555 2080 Centum
1569 2012 1648 2077 tan·

419 2117 601 2193 tummodo
616 2127 791 2192 annorum
805 2116 944 2215 lapsum
959 2115 1189 2213 temporalem
1203 2116 1446 2215 exceptionem
1460 2117 1647 2216 possessio-

421 2231 527 2307 nibus
548 2229 627 2306 eius
641 2229 768 2329 opponi
785 2230 978 2318 sancimus,
1001 2239 1042 2304 ut
1066 2240 1236 2306 maneant
1260 2255 1323 2330 per
1347 2240 1461 2307 totum
1487 2233 1648 2332 supradi-

419 2353 520 2424 ctum
543 2352 685 2444 tempus
708 2341 852 2440 integra
868 2342 949 2416 iura
967 2342 1231 2433 aecclesiastica,
1248 2353 1284 2419 et
1301 2366 1371 2419 non
1389 2345 1500 2442 possit
1516 2346 1549 2421 ei
1574 2345 1648 2420 alia

421 2469 551 2561 praeter
567 2457 784 2533 Cannarum
801 2456 945 2533 obviare
962 2457 1132 2557 excepti0,
1144 2483 1227 2534 cnm
1241 2458 1307 2534 hoc
1324 2467 1467 2557 tempus
1484 2457 1569 2533 ritae
1586 2458 1649 2534 bo·

422 2573 560 2648 minum
578 2569 788 2669 plerumque
805 2570 888 2644 finis
908 2596 985 2648 esse
1006 2571 1213 2650 dinoscitur.
1232 2576 1278 2648 Et
1302 2573 1406 2648 inira.
1432 2573 1646 2649 Huiusmodi

421 2686 516 2784 legis
540 2683 814 2783 prerogativam
840 2682 936 2763 sicut
952 2710 1061 2784 supra
1078 2686 1215 2762 dietum
1229 2695 1294 2776 est,
1306 2710 1376 2761 nou
1391 2687 1503 2761 solum
1523 2685 1561 2760 in
1578 2687 1649 2764 oci-

422 2797 795 2897 dentalibuspartibus
805 2800 971 2874 Romanae
984 2799 1144 2876 eeclesiae
1157 2802 1409 2890 condonamus,
1417 2799 1477 2877 sed
1486 2800 1593 2875 etiam
1608 2800 1647 2876 in

423 2912 668 3002 orientalibus,
684 2911 722 2985 in
740 2910 871 3010 quibus
883 2913 1052 2988 aeeelesiae
1066 2913 1165 2989 urbis
1179 2918 1308 3005 Romae,
1321 2915 1538 3014 possessione
1550 2926 1648 3007 sunt,

421 3027 481 3104 vel
498 3035 618 3126 postea
636 3024 782 3115 fuerint,
798 3024 938 3102 scilicet
955 3027 1120 3104 omnibus
1137 3028 1316 3105 iudicibus
1334 3029 1395 3128 qui
1409 3029 1597 3106 christiani
1610 3041 1648 3106 et

422 3137 604 3218 orthodoxi
621 3148 707 3213 sunt
723 3138 817 3213 hanc
834 3149 991 3214 nostram
1010 3142 1300 3219 constitutionem
1322 3144 1560 3220 servantibus.
1584 3144 1648 3220 Ni·

423 3253 640 3334 chilominus
662 3253 865 3328 huiusmodi
883 3253 977 3351 legis
989 3257 1262 3333 temeratoribus
1274 3266 1351 3355 post
1363 3256 1513 3333 celestes
1526 3282 1647 3356 penes,

424 3369 533 3446 etiam
547 3365 752 3463 legitimum
767 3390 907 3465 semper
919 3367 1082 3464 vigorem
1100 3371 1447 3469 pertimescentibus,
1459 3382 1495 3447 et
1508 3396 1645 3470 paenam

425 3483 634 3560 Llibrarum
647 3480 727 3555 auri
740 3481 1023 3558 formidantibus.
1032 3483 1214 3560 Sanctitas
1226 3484 1347 3583 itaque
1360 3493 1423 3559 tua
1437 3495 1647 3584 praesentem

425 3607 555 3675 nostre
579 3595 867 3671 mansuetndinis
888 3597 1005 3693 legem
1023 3597 1207 3696 pissimum
1232 3598 1310 3672 sive
1334 3607 1597 3674 sacrosanctam
1614 3621 1649 3673 o·

425 3711 618 3788 blationem
635 3734 743 3809 quam
757 3712 830 3787 Deo
845 3709 1052 3788 dedicamus
1069 3709 1261 3809 accipiens,
1286 3710 1381 3787 inter
1406 3710 1649 3787 sacratissima

427 3851 514 3901 vasa
530 3834 686 3924 reponat.

429 4004 526 4082 Hoc
540 4006 860 4082 PRIVILEGIVM
874 4007 1086 4082 Concussvu
1101 4031 1161 4081 nsr
1174 4029 1327 4080 ouurnvs
1341 4007 1554 4081 Occrnnurrs
1567 4009 1651 4080 AEc·

480 4143 610 4193 onasus
627 4121 770 4194 Gnsrrs
787 4122 951 4194 Rousnre
968 4122 1397 4194 AEocnnsrre.Snorosrns
1414 4144 1461 4193 ns
1478 4144 1651 4211 excurre,

478 4258 632 4307 ouurnvs
650 4259 815 4308 snosrvu
834 4259 896 4308 ssr
921 4258 993 4308 asc
1019 4256 1294 4307 cousrrrvrroun
1321 4256 1472 4305 nrvsonu
1494 4232 1650 4307 Consors.

525 4399 722 4497 Imperator
743 4397 967 4474 lastinianus
989 4403 1190 4495 Angustus,
1207 4395 1382 4471 Theodoto
1405 4396 1500 4471 inter
1523 4405 1653 4473 cetera.

435 4510 707 4598 venerabilibus
722 4512 886 4592 ecelesiis
901 4523 939 4592 et
956 4510 1190 4603 monasteriis,
1208 4521 1248 4591 et
1264 4508 1502 4601 xenodochiis,
1517 4518 1555 4588 et
1569 4508 1653 4590 aliis
