3608 5498
684 447 724 462 -
748 416 815 481 255
840 447 881 463 -

700 588 878 673 XXXVII.

352 753 400 803 Ex
421 751 562 815 epistola
580 751 736 815 Simplicii
753 753 816 804 PP.
837 751 998 805 Florentio
1020 751 1054 805 et
1071 752 1212 819 Equitio.

266 890 318 963 De
328 886 524 962 redditibus
537 885 774 962 acclesiaevel
787 887 961 963 oblati0ne
978 888 1134 963 fidelium
1145 887 1219 962 sola
1231 886 1392 986 episcopo

170 1026 213 1075 cx
231 1001 287 1074 his
306 1025 379 1075 una
396 1001 508 1101 portio
527 1000 743 1091 remittatur,
756 1001 835 1075 duae
848 1000 1100 1077 ecclesiasticis
1114 999 1260 1076 fabricis
1272 1008 1308 1075 et
1321 1023 1394 1075 ero·

168 1113 306 1211 gationi
316 1114 585 1212 peregrinorum
600 1122 635 1189 et
648 1099 844 1212 pauperum
854 1113 1090 1211 profuturae
1104 1114 1311 1214 presbytero
1324 1112 1391 1188 sub

169 1226 327 1325 periculo
344 1228 400 1302 sui
418 1227 552 1301 ordinis
570 1227 832 1302 ministrentur.
849 1227 985 1303 Ultima
999 1227 1141 1303 clericis
1154 1251 1216 1325 pro
1232 1227 1393 1322 singulo

170 1367 250 1415 rum
269 1341 409 1416 meritis
427 1340 619 1415 dividatur.
632 1344 679 1416 Et
696 1340 800 1416 iufra.
819 1341 887 1418 Cui
905 1341 996 1416 idem
1011 1341 1214 1417 Gaudentio
1230 1340 1392 1438 episcopo

169 1453 372 1551 specialiter
390 1453 426 1527 in
445 1453 511 1530 hoc
528 1455 756 1555 praecipimus
774 1454 965 1547 immineri,
980 1465 1019 1531 ut
1032 1466 1106 1532 tres
1119 1454 1200 1531 illas
1212 1455 1391 1555 portiones

171 1592 260 1666 quas
276 1567 431 1644 triennio
447 1568 516 1643 sibi
532 1569 778 1644 tantummodo
795 1568 927 1646 dicitur
943 1570 1163 1662 vendicasse,
1181 1569 1359 1645 restituat.

687 1772 884 1857 XXXVIII.

409 1975 458 2026 Ex
476 1973 609 2028 decreto
628 1973 751 2029 Gelasii
768 1978 871 2043 Papae
889 1988 962 2042 cap.
982 1977 1146 2031 xxv1111.

263 2137 440 2223 Quattuor
456 2146 577 2211 autem
594 2145 669 2211 tam
686 2136 728 2212 de
747 2138 886 2213 redditu
904 2163 1013 2236 quam
1038 2139 1082 2214 de
1107 2137 1282 2214 oblatione
1308 2139 1390 2214 fido-

170 2249 260 2323 lium
270 2259 375 2347 prout
383 2249 577 2326 cuiuslibet
590 2250 761 2326 aecclesiae
773 2250 949 2326 saccultas
966 2250 1135 2342 admittit,
1148 2252 1243 2327 sicut
1255 2251 1390 2327 dudum

167 2362 423 2439 rationabiliter
440 2372 495 2439 est
511 2364 706 2454 decretum,
723 2365 893 2441 convenit
911 2365 988 2440 ficri
1014 2366 1201 2466 portiones.
1227 2368 1388 2453 Quarum

166 2478 214 2552 sit
231 2502 304 2552 una
321 2479 509 2577 pontilicis
526 2479 640 2553 altera
657 2478 881 2569 clericorum,
898 2503 1094 2578 pauperum
1120 2481 1237 2571 tertia,
1262 2489 1391 2579 quarta

167 2589 311 2667 fabricis
328 2591 549 2690 applicanda.
567 2593 618 2668 De
634 2592 765 2691 quibus
784 2593 879 2669 siout
895 2594 1088 2670 sacerdotis
1107 2594 1284 2685 intererit,
1302 2596 1392 2671 inte·

38 2792 40 2797 Ι
166 2727 271 2800 gram
289 2704 465 2779 ministris
482 2704 653 2781 acclesiae
671 2716 903 2781 memoratam
921 2709 1120 2807 dependere
1143 2708 1393 2807 quantitatem,

168 2819 221 2894 sic
238 2817 393 2895 clericus
410 2817 507 2893 ultra
525 2819 728 2915 delegatam
747 2818 815 2894 sibi
829 2846 1006 2896 summam
1020 2821 1112 2896 nihil
1127 2821 1321 2898 insolenter
1333 2844 1392 2896 no·

167 2932 261 3006 verit
278 2933 525 3033 expetendum.
541 2935 594 3007 Ea
611 2955 697 3009 vero
714 2957 794 3032 quae
810 2934 1066 3011 ecclesiasticis
1077 2936 1205 3012 officiis
1217 2935 1391 3011 attributa

169 3055 265 3136 snut,
282 3046 368 3122 huic
380 3047 478 3145 operi
491 3047 668 3122 veraciter
685 3057 896 3145 praerogata,
909 3047 1067 3124 locorum
1080 3050 1203 3126 deceat
1215 3049 1393 3123 instaura·

168 3161 218 3234 tio
236 3159 426 3236 manifesta
442 3170 658 3236 sanctorum.
673 3159 766 3248 Quia
779 3158 914 3258 nephas
927 3168 992 3250 est,
1007 3160 1038 3234 si
1056 3160 1169 3236 sacris
1186 3159 1310 3236 edibus
1334 3159 1393 3235 de·

169 3272 318 3363 stitutis,
335 3272 373 3346 in
391 3272 534 3348 luorum
552 3298 658 3347 suum
677 3272 808 3371 praesul
825 3271 1005 3370 impendia
1021 3270 1080 3347 his
1095 3272 1286 3369 designata
1310 3295 1391 3348 con·

167 3397 293 3461 vertat.
319 3390 400 3486 Ipsa
425 3386 681 3463 nichilominus
716 3383 910 3482 ascriptam
941 3384 1156 3482 pauperibus
1185 3385 1392 3483 pertinuem,

168 3499 333 3596 quamvis
346 3499 479 3574 divinis
493 3499 690 3575 rationibus
698 3523 737 3574 se
750 3498 958 3595 dispensare
974 3507 1238 3575 monstraturus
1251 3522 1328 3575 esse
1339 3499 1392 3571 ri·

167 3613 304 3703 deutur,
321 3622 441 3689 tamen
460 3612 560 3688 iuxta
578 3612 670 3711 quod
689 3612 864 3711 scriptum
882 3619 947 3685 est.
964 3613 1014 3686 Ut
1035 3610 1181 3687 videant
1205 3635 1309 3710 opera
1333 3634 1394 3687 ve·

168 3734 242 3800 stra
259 3725 360 3817 bona,
375 3735 412 3803 et
423 3726 627 3823 glorificent
645 3735 782 3825 patrem
799 3732 961 3798 vestrum
975 3723 1037 3822 qui
1054 3723 1092 3798 ln
1105 3723 1203 3800 caelis
1216 3733 1281 3815 est,
1297 3746 1394 3822 opor·

167 3846 220 3913 tet
235 3839 344 3913 etiam
362 3839 529 3939 prasenti
547 3837 797 3916 testificatione
814 3834 1010 3937 predicari,
1023 3846 1059 3912 et
1071 3835 1170 3913 bonae
1186 3835 1290 3912 fama
1307 3855 1394 3936 pras-

169 3949 282 4026 coniis
299 3974 368 4027 non
386 3950 509 4028 taceri.

675 4091 890 4176 XXXVIIII.

264 4291 508 4390 Symmachus
527 4294 621 4390 Papa
639 4291 677 4365 in
695 4289 846 4366 concilio
866 4288 965 4366 CCX
981 4298 1018 4366 et
1034 4293 1122 4366 VIII
1147 4291 1391 4391 episcoporum

168 4405 361 4499 presidens
377 4405 416 4480 in
432 4405 582 4480 basilica
598 4403 692 4480 beati
711 4402 811 4480 Petri
829 4402 990 4500 Apostoli
1006 4402 1105 4479 dixit.
1119 4407 1290 4480 Mansuro
1307 4429 1391 4480 oum

168 4514 234 4592 Dei
247 4517 359 4593 nostri
368 4517 649 4594 consideratione
662 4515 804 4593 decreto
814 4515 1012 4610 sancimus,
1020 4526 1062 4594 ut
1074 4517 1167 4594 nulli
1181 4517 1393 4618 Apostolicae
