3608 5498
926 412 1123 476 -324-

415 559 499 608 oum
517 531 682 607 omuibus
699 531 733 606 oi
758 529 1027 630 pertinentibus.
1044 531 1141 606 Idem
1166 530 1204 604 in
1229 532 1360 607 eodem.
1378 531 1526 606 Iohanni
1552 556 1633 608 con·

416 646 498 736 suli,
517 648 646 721 fossam
665 670 744 744 quae
768 645 901 720 dicitur
917 644 1134 718 Vaianicum
1160 645 1260 718 iuxta
1286 671 1451 744 eampum
1470 648 1634 734 Veneris,

416 759 505 835 mill.
521 760 566 834 ab
582 759 678 836 Urbe
695 761 806 833 Roma
819 758 901 858 plus
918 757 1038 830 minus
1055 759 1128 831 XX
1145 782 1191 832 ex
1212 781 1355 855 corpore
1374 784 1500 832 massae
1516 761 1636 834 Forte·

417 871 509 962 iane,
533 870 737 973 patrimonii
759 870 891 968 Appia,
908 880 1053 969 praestat
1077 870 1156 944 auri
1183 872 1320 946 solidos,
1337 873 1445 959 Idem,
1462 883 1636 948 monaste·

414 986 509 1061 rium
528 985 643 1061 saneti
661 985 827 1060 Silvestri
845 985 883 1058 in
903 995 1020 1060 monte
1035 987 1178 1060 Soracte
1196 986 1469 1086 imperpetuum,
1482 986 1634 1060 fundum

413 1099 660 1186 Scantianum,
686 1124 731 1174 ex
751 1121 894 1196 corpore
920 1124 1046 1172 massae
1072 1096 1309 1186 Castellianae,
1334 1099 1537 1198 patrimonii
1567 1102 1637 1172 Tu-

412 1213 496 1289 soiae
513 1201 747 1311 suppensione
770 1234 795 1282 a
820 1233 853 1286 ‘u
877 1212 1087 1309 siliquarum
1114 1211 1203 1284 auri.
1221 1211 1316 1285 Idem
1335 1213 1372 1286 in
1390 1213 1510 1286 eodem
1531 1216 1635 1286 Petro

413 1328 606 1424 magnifico
622 1327 776 1415 tribuno,
793 1325 966 1402 coloniam
993 1327 1143 1423 positam
1169 1325 1207 1398 in
1234 1351 1350 1399 massa
1369 1326 1483 1414 Pauli,
1501 1350 1545 1400 ex
1562 1351 1636 1401 eor-

411 1463 494 1539 pore
512 1441 715 1539 patrimonii
735 1441 869 1540 Appiae,
895 1449 1039 1537 prastat
1060 1463 1179 1514 annue
1198 1461 1269 1537 unq
1285 1440 1365 1513 auri
1384 1440 1520 1515 solidos.
1538 1441 1633 1515 Idem

411 1552 451 1626 in
475 1554 607 1629 eodem.
624 1552 757 1627 Basilio
782 1580 816 1626 v.
841 1552 875 1626 h.
900 1552 1072 1627 coloniam
1101 1553 1236 1641 nmini,
1264 1577 1309 1627 ex
1337 1576 1480 1650 corpore
1510 1578 1634 1627 massar

414 1665 526 1754 Oanis,
549 1666 801 1763 patrimonium
825 1666 960 1763 Appiae,
978 1666 1016 1738 in
1040 1666 1173 1754 Aricia,
1190 1677 1334 1763 praestat
1350 1691 1469 1741 annue
1487 1688 1538 1739 an
1556 1667 1635 1740 auri

410 1778 547 1853 solidos.
560 1780 658 1854 Idem
677 1779 833 1874 Georgio
849 1777 1069 1878 presbytero,
1088 1778 1241 1852 fundum
1260 1779 1426 1876 crispinis
1444 1789 1480 1853 et
1496 1803 1635 1854 amone

412 1890 471 1980 tis,
484 1893 545 1964 via
560 1891 739 1966 Lauicano
758 1890 846 1965 mill.
860 1890 940 1990 plus
959 1891 1078 1964 minus
1090 1894 1180 1966 XIII
1193 1917 1237 1966 ex
1250 1915 1392 1989 corpore
1406 1919 1532 1967 massae
1545 1894 1634 1968 fistis

412 2004 624 2101 patrimonio
642 2005 820 2079 Lauicano
844 2014 989 2102 prestat
1013 2029 1143 2079 annuae
1160 2027 1199 2078 ar
1221 2007 1301 2079 auri
1318 2005 1454 2079 solidos.
1472 2006 1569 2081 Idem
1596 2007 1634 2079 in

409 2117 539 2192 eodem.
562 2117 714 2194 Gemulo
730 2118 888 2208 diacono,
917 2117 1068 2192 fundum
1087 2121 1340 2209 Dometiorum,
1357 2120 1416 2193 via
1438 2122 1631 2194 Ardeatina

409 2229 500 2305 mill.
517 2232 597 2329 plus
610 2232 732 2305 nimus
746 2234 851 2306 VIIII
864 2231 908 2306 ab
922 2232 1010 2306 urbe
1024 2235 1132 2307 Roma
1148 2259 1191 2309 ex
1205 2257 1347 2332 corpore
1365 2233 1560 2307 suburbani
1579 2257 1636 2330 pa·

408 2343 567 2419 trimonii
593 2345 729 2443 Appiae,
754 2353 901 2443 praestat
931 2369 1061 2422 annum
1090 2373 1156 2447 asq
1183 2349 1263 2422 auri
1289 2347 1447 2444 siliquas,
1473 2347 1569 2422 Idem
1596 2347 1632 2420 in

408 2456 539 2532 eodem.
557 2457 693 2553 Sergia
717 2457 752 2531 h.
777 2458 800 2531 I.
826 2458 977 2532 fundum
997 2460 1243 2548 Severianum,
1268 2485 1313 2533 ex
1338 2483 1481 2556 corpore
1507 2485 1633 2532 massae

407 2570 589 2647 iuniorum
614 2573 822 2671 patrimonii
848 2573 1031 2662 Lavicani,
1048 2583 1194 2675 praestat
1217 2600 1347 2648 annuae
1370 2599 1422 2646 au
1448 2574 1528 2647 auri
1554 2573 1634 2647 soli·

410 2685 481 2758 dos.
499 2685 596 2759 Idem
616 2686 652 2758 in
672 2686 803 2760 eodem.
821 2686 991 2761 Diaaonie
1016 2687 1132 2763 saneti
1160 2687 1342 2762 Eustathii
1372 2688 1633 2784 imperpetuum

407 2797 559 2871 fundum
585 2797 704 2874 olivus
720 2798 872 2872 fundum
892 2802 1148 2896 Querquetum,
1174 2810 1210 2874 et
1223 2800 1480 2874 Placonianum
1499 2823 1543 2873 ex
1559 2823 1633 2873 oor·

408 2931 490 3005 pore
522 2936 648 2984 massar
673 2908 864 2998 calcians,
893 2911 1097 3007 patrimonii
1123 2913 1306 3001 Liviani,
1331 2922 1476 3009 praestat
1504 2935 1633 2985 annuae

406 3046 516 3120 »ursq
541 3025 620 3096 auri
639 3022 776 3098 solidos.
794 3024 889 3097 Idem
914 3024 950 3097 in
976 3026 1096 3100 eodem
1118 3025 1306 3101 Anastasio
1331 3024 1464 3112 comiti,
1481 3023 1631 3097 fundum

408 3135 555 3210 launam
571 3163 616 3212 ox
632 3162 775 3235 corpore
794 3164 919 3212 massae
936 3137 1182 3226 laurentiana,
1199 3147 1371 3236 praestant
1386 3161 1516 3211 annuae
1539 3161 1632 3236 ansq

407 3250 487 3323 auri
505 3251 643 3340 solidos,
661 3261 696 3326 et
709 3251 861 3348 fundum
879 3252 1132 3339 Toranianum,
1150 3264 1185 3327 et
1203 3277 1247 3326 ex
1265 3274 1406 3349 corpore
1425 3276 1550 3324 massae
1575 3250 1633 3324 Ci-

406 3365 588 3454 trasarius,
612 3375 806 3462 utrumque
835 3363 1038 3462 patrimonii
1064 3364 1237 3452 Caietam,
1266 3373 1476 3462 praestantes
1500 3388 1631 3436 annuae

405 3503 499 3576 arrsq
512 3479 592 3553 auri
609 3478 746 3553 solidos.
762 3479 860 3554 Idem
874 3479 911 3551 in
925 3479 1055 3553 eodem.
1071 3477 1324 3552 nonasterium
1343 3486 1478 3550 sanctae
1496 3481 1631 3571 Agnes

406 3613 486 3689 quae
501 3591 719 3690 diciturssdua
732 3593 844 3679 forna,
862 3617 1016 3665 massam
1036 3590 1180 3678 Maruli,
1198 3599 1233 3665 et
1247 3614 1400 3662 massam
1419 3589 1631 3674 Sestianam

408 3711 587 3802 utrasque
597 3704 802 3803 patrimonii
816 3703 939 3804 Appioe
953 3716 1124 3800 praestant
1136 3728 1255 3778 annue
1268 3730 1293 3773 a
1311 3703 1469 3801 quinque
1486 3702 1567 3775 auri
1581 3723 1632 3774 so

407 3818 506 3894 lidos.
524 3820 619 3895 Idem
638 3821 676 3893 in
697 3820 831 3895 eodem·
846 3818 1024 3893 Theodoro
1049 3816 1185 3893 consuli
1205 3816 1242 3889 in
1260 3817 1366 3888 annis
1383 3817 1562 3889 XXVIIII
1579 3813 1632 3885 in-

406 3931 522 4006 sulam
541 3933 668 4033 Capris
691 3959 774 4009 cum
791 3930 1003 4005 monasterio
1029 3930 1146 4005 sancti
1165 3928 1347 4028 Stephani,
1364 3953 1446 4003 oum
1465 3926 1630 4001 omnibus

406 4045 473 4119 sibi
483 4045 755 4143 pertinentibus,
763 4054 1047 4145 praestatannuae
1060 4044 1098 4116 in
1107 4067 1194 4116 auro
1203 4041 1344 4140 quidem
1355 4041 1632 4116 solidos‘CVIIII

407 4157 689 4255 iunimegaricos
706 4159 745 4234 O.
758 4160 848 4232 Item
858 4157 894 4230 in
909 4157 1042 4232 eodem.
1059 4154 1238 4234 Theodoro
1255 4153 1392 4228 consuli
1407 4152 1524 4228 casale
1537 4151 1629 4250 quod

407 4268 541 4344 dicitur
563 4271 690 4347 Castro
708 4269 851 4356 maiore,
868 4268 960 4366 quod
977 4279 1122 4365 praestat
1138 4293 1258 4343 annue
1276 4285 1378 4366 unsq
1395 4267 1475 4341 auri
1493 4265 1631 4354 solidos,

407 4392 444 4457 et
468 4382 586 4458 casale
603 4383 665 4481 qui
683 4383 818 4459 dicitur
835 4381 987 4469 Niufise,
1012 4381 1082 4457 sita
1099 4392 1253 4481 utraque
1270 4379 1364 4456 infra
1391 4379 1547 4456 Insulam
1566 4378 1632 4453 Ca·

408 4495 497 4594 pris,
516 4498 721 4592 patrimonii
746 4494 970 4594 Neapolitani
997 4504 1143 4596 praestat
1166 4519 1285 4569 annue
1311 4509 1362 4564 tu
1384 4492 1465 4565 auri
1491 4491 1629 4594 solidos.
