3608 5498
804 406 1002 470 -314-

290 533 414 600 sancta
426 524 505 599 eius
512 525 732 601 confessione
739 535 920 626 ponentes,
929 536 1002 602 tam
1014 527 1089 629 ipse
1099 531 1318 605 Francorum
1328 556 1392 607 rex
1403 557 1512 631 quam

289 640 367 714 eius
384 639 532 729 iudices,
549 639 651 715 beato
668 644 773 716 Petro
790 642 922 716 eteius
944 640 1089 715 Vicario
1114 642 1339 718 sanctissimo
1358 644 1515 719 Adriano

288 756 393 850 Papae
409 761 633 827 sacramento
651 777 729 829 sese
745 754 865 828 omnia
881 764 1156 830 conservaturos
1172 778 1253 853 qum
1269 755 1308 830 in
1321 756 1443 832 eadem
1457 757 1514 833 do

288 865 431 943 natione
449 864 678 941 continentur
695 866 943 965 promittentes
960 867 1192 943 tradiderunt.
1209 874 1386 967 Apparem
1399 871 1514 969 ipsius

287 980 487 1055 donationis
502 979 667 1055 eumdem
686 979 875 1055 Etberium
893 980 1024 1056 ascribi
1042 980 1179 1056 faciens
1196 980 1270 1082 ipse
1288 980 1514 1059 christianis·

292 1094 407 1168 simus
424 1095 644 1169 Francorum
663 1095 750 1183 Rex,
767 1092 866 1168 intus
883 1117 990 1193 super
1007 1116 1134 1193 corpus
1150 1093 1246 1170 beati
1262 1094 1360 1171 Petri
1385 1096 1513 1172 subtus

287 1206 480 1303 evangelia
492 1230 572 1305 quae
584 1199 721 1282 ibidemw
734 1208 956 1294 osculantur,
970 1229 1032 1305 pro
1050 1207 1205 1281 firmisse
1218 1207 1361 1283 cautela
1373 1218 1410 1284 et
1423 1219 1513 1285 eter-

289 1323 326 1396 ni
344 1319 499 1397 nominis
515 1320 572 1395 sui
590 1346 633 1396 ac
652 1322 756 1419 regni
781 1324 1001 1397 Francorum
1027 1321 1197 1396 memoria
1223 1322 1373 1422 propriis
1398 1323 1513 1396 mani·

288 1433 356 1509 bus
375 1433 502 1535 posuit.
522 1433 673 1534 Aliaque
699 1434 858 1511 eiusdem
883 1433 1081 1509 donationis
1105 1434 1267 1533 exempla
1292 1459 1354 1533 pro
1378 1435 1513 1513 scrina-

288 1549 383 1624 rium
401 1549 509 1624 huius
525 1560 659 1626 sauctae
676 1559 805 1625 nostrae
823 1553 990 1625 Romanae
1008 1546 1179 1622 aecclesiae
1191 1548 1359 1647 ascripta,
1372 1549 1449 1624 eius
1465 1549 1512 1625 ad

273 1658 478 1738 ‘exellentia
497 1687 620 1738 secum
639 1663 849 1762 deportavit.
863 1663 932 1738 Sed
949 1671 985 1736 et
999 1663 1035 1735 in
1049 1661 1163 1758 gestis
1176 1661 1324 1737 secundi
1338 1662 1511 1762 Stephani

288 1778 334 1851 Pa
341 1801 393 1873 poe
402 1774 662 1872 legunturesse
673 1771 884 1874 patrimonia
893 1776 989 1852 beati
998 1774 1095 1852 Petri
1105 1779 1286 1867 Ravenna,
1294 1777 1511 1868 Ariminum,

290 1889 739 1978 Pensaurum,·Oatholica,
760 1892 912 1979 Fanum,
933 1890 1081 1979 Cesena,
1103 1889 1308 1985 Senogallia
1334 1890 1426 1980 Esis,
1447 1893 1513 1967 Fo-

287 2000 542 2101 rirmpompilii,
556 2002 779 2092 Forumlivii,
792 2012 829 2077 et
846 2004 1016 2080 Castrum
1031 2004 1260 2093 Sussubium,
1273 2005 1510 2081 Monsferetri.

290 2122 420 2193 Acerte
434 2116 528 2212 agie,
545 2118 648 2192 Mons
661 2115 797 2207 lucani,
811 2141 921 2205 serra,
934 2113 1133 2191 Castellum
1147 2115 1263 2190 sancti
1276 2115 1436 2205 Martini,
1448 2119 1513 2192 Bo

287 2230 398 2320 bium,
416 2229 529 2307 Callis
547 2228 729 2319 Luciolus,
746 2229 970 2326 Eugubium,
985 2227 1220 2317 Comiaclum,
1233 2236 1270 2303 et
1282 2228 1412 2304 civitas
1424 2232 1515 2304 Nar-

290 2347 364 2435 nia,
377 2355 413 2420 et
426 2343 612 2434 Faventia,
625 2354 660 2419 et
674 2344 843 2419 Castrum
857 2343 1096 2443 tyberiacum,
1109 2353 1145 2418 et
1158 2342 1334 2419 Gabalum
1348 2354 1385 2419 et
1396 2344 1513 2419 omnis

287 2459 440 2535 ducatus
466 2458 639 2533 Ferraria.
664 2457 831 2533 Iohannis
857 2461 927 2532 VII
949 2461 1054 2558 Papae
1078 2457 1296 2555 temporibus
1321 2458 1511 2558 Aripertus

289 2600 351 2650 rex
369 2572 681 2670 Langobardorum
698 2572 922 2647 donationem
940 2569 1146 2671 patrimonii
1161 2570 1308 2672 Alpium
1325 2572 1512 2663 cotiarum,

289 2712 369 2787 qum
394 2686 504 2782 longa
535 2710 597 2784 per
612 2695 783 2784 'tempora
806 2710 828 2759 a
852 2686 931 2760 iure
955 2683 1125 2760 aeclesia
1153 2683 1294 2783 privata
1323 2685 1444 2776 fuerit,
1467 2711 1511 2762 ac

287 2800 333 2875 ab
349 2800 471 2876 eadem
488 2809 596 2896 geute
613 2800 849 2889 detinebatur,
866 2799 905 2873 in
930 2797 1060 2873 litteris
1084 2797 1205 2873 aureis
1230 2809 1412 2875 exaratam
1438 2799 1511 2875 iuri

287 2914 427 3016 proprio
453 2914 547 2990 beati
573 2914 820 3013 Apostolorum
846 2911 1024 3009 Principis
1046 2911 1143 2986 Petri
1165 2912 1382 2987 reformavit.
1401 2914 1512 2990 Cono-

287 3030 345 3104 nis
363 3031 468 3130 Papae
485 3028 705 3128 temporibus
721 3026 946 3102 Iustinianus
963 3026 1154 3124 imperator
1173 3025 1268 3100 filius
1282 3027 1509 3102 Constantini

290 3142 467 3218 relevavit
484 3141 545 3217 CC
562 3141 680 3242 capita
697 3164 857 3227 annona,
870 3164 950 3238 qum
967 3137 1180 3238 patrimonia
1201 3139 1325 3214 Britiae
1342 3148 1378 3215 et
1398 3142 1509 3215 Luca-

290 3256 360 3330 nia
387 3254 644 3355 persolvebant.
668 3255 765 3332 Idem
792 3253 950 3328 restituit
975 3252 1212 3354 suprascripti
1236 3254 1477 3352 patrimoniis
1495 3297 1510 3311 ·

289 3369 419 3458 milias,
432 3378 469 3443 ot
482 3368 626 3458 Sicilire,
639 3392 719 3466 quaa
731 3368 769 3441 in
783 3368 932 3466 pignore
949 3367 1210 3443 detinebantur.
1223 3367 1415 3444 Zacharias
1427 3393 1511 3469 pon·

286 3482 376 3557 tifex
400 3481 540 3582 accepit
564 3505 585 3552 a
611 3480 846 3556 Constantino
871 3479 1043 3579 principe,
1064 3480 1288 3556 donationem
1306 3480 1344 3554 in
1365 3481 1511 3581 scriptis

288 3604 457 3697 perpetuo
475 3595 545 3669 iuri
563 3597 730 3670 Romana
748 3593 918 3670 eecclesiae
934 3594 976 3668 de
994 3593 1133 3669 duabus
1151 3594 1289 3684 massis,
1303 3620 1383 3694 quae
1396 3599 1509 3694 Nym·

287 3710 376 3809 phas
393 3721 429 3784 et
446 3709 611 3784 Normias
627 3708 865 3807 appellantur,
883 3731 962 3806 qum
980 3707 1072 3781 iuris
1096 3706 1229 3805 publici
1256 3716 1368 3782 crant.
1389 3707 1510 3783 Huius

288 3824 507 3923 temporibus
525 3822 728 3899 Theodorus
744 3821 841 3896 filius
859 3821 1014 3917 Megesti
1039 3821 1270 3909 catacsancti,
1295 3821 1391 3897 dedit
1407 3822 1510 3898 beato

287 3943 395 4015 Petro
414 3937 580 4037 Apostolo
597 3936 850 4038 patrimonium
869 3960 987 4022 suum,
1005 3932 1114 4008 situm
1134 3936 1167 4004 V
1185 3931 1273 4007 mill.
1289 3933 1333 4008 ab
1353 3934 1420 4009 hac
1446 3937 1511 4010 Ro-

286 4079 392 4127 mana
410 4052 516 4141 Urbe,
534 4052 593 4128 ria
611 4050 824 4150 Tybu'rtina,
841 4048 932 4148 quod
951 4048 1076 4122 domus
1093 4045 1227 4122 cultam
1247 4055 1380 4123 sanctae
1406 4049 1511 4124 Ceci-

286 4165 344 4241 liae
361 4166 503 4241 dicitur.
521 4166 590 4240 Hic
607 4164 794 4241 constituit
810 4163 918 4238 aliam
936 4162 1079 4236 domurn
1105 4161 1240 4236 cultam
1267 4164 1390 4236 XlllI⁰
1415 4162 1505 4238 mill.

287 4279 331 4354 ab
349 4277 438 4352 urbe
455 4281 567 4353 Roma
585 4277 808 4376 patrimonia
825 4277 977 4366 Tusciae,
993 4275 1159 4372 obligans
1175 4276 1322 4351 eandem
1337 4286 1509 4376 perpetuo

289 4391 370 4466 usui
382 4394 550 4466 Romanae
560 4392 786 4472 aecclesiam
795 4391 938 4467 domum
949 4389 1086 4466 cultam
1097 4393 1345 4481 Lauretum,et
1355 4414 1510 4467 massam

288 4504 540 4591 Fontinianam
558 4530 639 4614 quaa
655 4506 787 4590 dicitur
805 4504 992 4599 Paouaria,
1009 4514 1046 4583 et
1068 4529 1205 4584 massas
1228 4530 1309 4610 quaa
1333 4513 1510 4584 vocantur
