3608 5498
666 467 705 487 -
733 433 797 497 sor
822 465 863 483 -

690 587 834 673 XLIIII.

237 767 286 817 Ex
304 766 446 830 epistola
462 767 564 831 Papae
583 765 744 820 Anaswslt
763 765 808 818 ad
825 767 1060 831 Imperatorem
1074 765 1290 820 nummatum.

248 904 292 976 Iu
310 902 523 977 Accathium
543 901 677 998 prolato
693 926 714 973 a
733 904 829 1000 Papa
845 902 965 979 Felice
982 902 1124 992 iudicio,
1141 928 1221 1001 quae
1238 902 1277 976 in
1295 927 1376 979 con·

154 1016 422 1104 sectationibus,
434 1016 493 1091 vel
507 1015 544 1089 in
557 1015 769 1113 baptismate
780 1016 980 1091 ministeria
989 1017 1121 1091 tradita
1130 1028 1376 1118 susceperunt,

154 1154 200 1204 ne
217 1130 320 1205 irrita
336 1131 457 1204 divina
475 1130 646 1207 beneficia
663 1129 865 1219 videantur,
889 1128 1121 1204 meminerint
1144 1129 1181 1203 in
1199 1128 1268 1206 bac
1293 1155 1376 1228 quo·

152 1267 222 1341 que
234 1254 334 1344 parte
347 1246 542 1320 tractatura
557 1243 749 1343 prevalere
762 1242 1084 1341 superioremquia
1096 1265 1167 1317 uon
1181 1243 1258 1318 siue
1272 1243 1376 1319 usur·

153 1357 294 1454 patiore
312 1358 499 1434 sacerdotii
515 1358 741 1433 adiudicatus
758 1356 825 1432 hoc
841 1356 929 1453 egit,
947 1356 982 1434 in
1002 1380 1071 1456 quo
1095 1356 1266 1433 virtutem
1288 1359 1375 1434 obti-

155 1471 325 1546 nentibus
342 1471 523 1563 misteriis,
544 1471 582 1547 iu
599 1471 668 1548 hoc
683 1494 822 1571 quoque
846 1469 929 1546 aliis
953 1470 1020 1545 sibi
1047 1494 1106 1546 roa
1132 1495 1277 1570 persone
1302 1495 1372 1547 uon

153 1585 264 1660 novit

711 1680 815 1766 XLV.

597 1810 690 1864 Idem
708 1808 753 1862 ad
771 1808 933 1863 eumdem.

249 1914 341 1991 Illud
355 1939 440 1991 vero
458 1915 676 2015 peculiarius
697 1940 759 2016 pro
778 1937 897 1992 amore
913 1915 1055 2013 imperii
1067 1910 1188 1992 'vestri
1211 1928 1246 1994 et
1266 1918 1376 1993 beati·

154 2028 278 2104 tudine
304 2052 383 2128 quae
407 2030 575 2129 consequi
600 2029 730 2128 poterit
755 2052 928 2125 regnum,
953 2053 1015 2128 pro
1043 2029 1234 2126 apostolico
1263 2031 1378 2108 officio

153 2142 398 2240 praedicamus,
414 2154 456 2217 ιιι
473 2144 569 2218 sicut
585 2144 686 2219 decet
702 2153 738 2218 et
755 2142 912 2241 Spiritus
930 2154 1079 2219 sauctus
1095 2143 1208 2218 dictat
1232 2146 1377 2221 monitis

154 2256 285 2331 nostris
309 2256 508 2333 obedientia
533 2256 742 2355 praebeatur,
768 2266 809 2330 ut
829 2256 920 2331 bona
937 2256 1067 2345 omnia,
1089 2265 1246 2332 vestram
1273 2261 1311 2333 P.
1337 2262 1376 2333 R.

157 2382 433 2469 consequantur,
449 2371 544 2446 sicut
561 2371 597 2444 in
616 2371 737 2445 Exodo
757 2369 986 2469 promittitur.
1003 2370 1043 2443 Si
1067 2369 1225 2446 audieris
1250 2392 1374 2447 vocem

154 2483 218 2559 Dei
237 2484 379 2559 Domini
397 2485 464 2573 tui,
480 2494 517 2559 et
533 2509 612 2582 quae
629 2485 772 2583 placent
788 2481 865 2557 fieri
883 2505 1001 2558 coram
1022 2482 1107 2580 ipso,
1124 2493 1160 2558 et
1177 2483 1379 2560 obaudieris

154 2597 339 2696 praeceptis
355 2597 444 2686 eius,
461 2607 497 2673 et
513 2598 690 2674 custodire
707 2620 848 2672 omnem
865 2595 1041 2670 iustitiam
1058 2597 1146 2685 eius,
1163 2619 1301 2673 omnem
1326 2598 1379 2672 in·

154 2709 360 2785 firmitatem
378 2735 485 2810 quam
504 2711 694 2809 importavi
713 2709 870 2808 Egiptiis
894 2733 964 2783 non
990 2709 1173 2807 inportabo
1199 2711 1274 2785 tibi.
1299 2714 1379 2808 Ego

154 2822 250 2897 euim
267 2848 348 2897 sum
365 2824 540 2898 Dominus
556 2824 618 2921 qui
636 2822 780 2898 salvum
800 2823 893 2898 lacio
910 2833 954 2898 te.
974 2825 1021 2899 Et
1038 2822 1114 2898 illic
1134 2825 1265 2899 iterum
1291 2824 1378 2900 tuba

154 2936 568 3033 potentissima‘canitur.
585 2939 632 3011 Et
649 2960 747 3012 nunc
763 2936 875 3013 Israel
889 2936 981 3034 quod
994 2937 1170 3011 Dominus
1182 2939 1280 3013 Deus
1291 2953 1379 3013 tuus

124 3077 128 3085 ·
154 3050 310 3148 postulat
324 3076 347 3125 a
363 3053 522 3142 tealiud
537 3076 646 3150 quam
663 3062 707 3126 ut
722 3052 850 3126 timeas
866 3050 1059 3125 Dominum
1077 3053 1193 3127 Deum
1210 3061 1326 3140 tuum,
1343 3062 1380 3128 et

154 3164 316 3242 ambules
332 3189 455 3241 omnes
472 3166 551 3240 vias
564 3165 653 3254 eius,
669 3175 707 3240 et
722 3164 855 3261 diligas
872 3189 967 3253 eum,
984 3175 1020 3240 et
1041 3165 1179 3240 servias
1195 3163 1229 3240 ei
1246 3189 1290 3240 ex
1306 3174 1380 3240 toto

155 3279 259 3354 corde
272 3288 344 3366 tuo,
361 3289 397 3354 et
415 3304 459 3354 ex
472 3288 545 3355 tota
556 3278 678 3351 anima
690 3287 753 3352 tua
766 3277 944 3354 custodire
962 3288 1137 3378 praecepta
1154 3279 1295 3354 Domini
1313 3278 1380 3354 Dei

52 3467 59 3479 ,
154 3390 221 3476 tui,
238 3401 275 3467 et
291 3392 450 3467 iustitias
467 3392 545 3468 eius
562 3415 651 3488 quas
668 3413 736 3486 ego
753 3391 880 3465 mando
897 3390 990 3466 tibi?
1007 3394 1084 3466 Hoc
1101 3415 1158 3468 me
1179 3414 1380 3488 suggeren-

155 3510 227 3576 tern
250 3503 473 3600 frequentius
497 3526 567 3577 uon
593 3511 738 3600 spernat
762 3502 875 3603 pietas
896 3511 970 3591 tua,
991 3511 1075 3578 aute
1099 3502 1220 3578 oculos
1243 3500 1379 3578 habeus

156 3617 299 3691 Domini
316 3618 355 3695 iu
373 3616 564 3714 evangelio
579 3616 697 3692 verba.
710 3615 780 3703 Qui
794 3608 857 3688 ios
873 3615 985 3704 audit,
998 3640 1054 3691 me
1067 3615 1178 3704 audit,
1191 3615 1302 3713 etqui
1315 3639 1380 3691 vos

156 3729 304 3826 spernit,
318 3755 374 3805 me
386 3730 532 3827 spernit.
550 3730 619 3817 Qui
636 3738 757 3803 autem
771 3729 827 3802 me
840 3727 988 3826 spernit,
1000 3729 1137 3827 spernit
1148 3754 1230 3805 eum
1244 3728 1307 3828 qui
1323 3753 1381 3804 me

158 3842 264 3918 misit.
281 3846 373 3918 Nam
392 3854 428 3919 et
445 3843 635 3940 Apostolus
646 3840 833 3918 continens
854 3841 1032 3916 Salvatori
1057 3852 1177 3917 nostro
1194 3842 1245 3916 ita
1270 3841 1382 3940 loqui·

156 3966 225 4032 tur.
253 3960 475 4056 Quapropter
498 3955 559 4055 qui
585 3956 652 4031 hoc
675 3953 823 4055 spernit,
848 3976 918 4030 uou
939 3952 1120 4030 homiuem
1146 3954 1294 4052 speruit,
1318 3953 1381 4029 sed
1428 3969 1430 3973 “

158 4072 284 4157 Deum,
300 4071 363 4168 qui
380 4069 477 4144 dedit
494 4069 668 4168 Spiritum
685 4092 792 4142 suum
809 4076 976 4141 sanctum
989 4066 1028 4140 in
1041 4066 1152 4141 nobis.
1167 4069 1298 4143 Pectus
1311 4066 1382 4142 cle·
1404 4056 1408 4063 ⁸

157 4182 300 4256 mentiae
316 4192 445 4257 vestrae
462 4182 658 4258 sacrarium
673 4190 729 4255 est
745 4176 896 4276 publicae
909 4178 1104 4268 felicitatis,
1118 4190 1160 4254 ut
1172 4203 1234 4277 per
1247 4178 1383 4254 instan-

156 4294 242 4368 tiam
261 4306 416 4371 vest-ram
434 4320 544 4394 quam
561 4294 663 4371 velut
679 4291 855 4368 vicarium
882 4291 1071 4390 praesulem
1093 4293 1200 4368 iussit
1220 4292 1259 4367 iu
1276 4294 1385 4369 terris

156 4406 378 4500 evangelicis
390 4407 661 4505 apostolicisque
674 4406 860 4506 preceptis
872 4430 942 4482 uon
956 4406 1045 4481 dura
1058 4406 1225 4507 superbia
1239 4408 1383 4483 resista·

157 4531 217 4590 tur
234 4518 295 4592 sed
313 4542 375 4616 per
391 4518 627 4593 obedientiam
645 4529 828 4615 quaesunt
844 4517 1030 4593 salutifera
1046 4519 1301 4617 compleantur.
