3608 5498
797 448 840 465 ·-
864 414 930 481 228
954 444 998 462 -·

240 517 246 535 ⁸
287 562 399 613 unum
417 540 512 612 sunt.
529 536 653 616 Niclril
669 539 825 644 sanctior
841 538 923 637 plus
939 525 1092 633 arroget.
1110 536 1229 632 Ipsum
1244 531 1339 609 enim
1355 556 1437 631 pars
1453 538 1509 607 est
1629 568 1631 573 ¹

287 678 364 728 esse
380 651 619 728 humiliorem.
637 653 705 728 Sed
722 678 789 729 nec
806 678 991 753 personam
1008 657 1158 734 alterius
1170 654 1391 753 accipiamus
1404 653 1441 727 in
1455 654 1510 728 iu·

286 765 387 841 dicio.
404 764 529 840 Gratia
545 765 649 854 absit,
666 791 784 842 causae
801 768 928 844 merita
943 770 1151 846 decernunt.
1167 766 1290 844 Nicbil
1309 766 1361 842 sic
1378 765 1510 864 opinio

286 903 379 989 nem,
395 879 504 954 immo
521 879 625 956 fidem
643 890 785 976 gravat,
801 905 908 981 quam
927 883 959 957 si
975 883 1014 958 in
1032 881 1230 971 iudicando,
1244 879 1432 980 potentiori
1455 879 1511 954 do

286 1017 351 1068 nes
367 1014 514 1069 causam
532 991 712 1069 inferioris
730 995 785 1070 vel
804 1020 995 1095 pauperem
1013 997 1243 1072 innocentem
1261 1018 1407 1092 arguas,
1420 992 1510 1069 divi·

286 1115 360 1181 tem
378 1131 527 1184 excuses
544 1133 645 1184 reum
662 1108 776 1208 culpe.
793 1112 841 1185 Et
857 1110 962 1185 infra.
979 1109 1175 1209 Episcopus
1193 1118 1234 1183 ut
1252 1107 1421 1183 membris
1433 1105 1510 1181 suis

285 1228 410 1294 utatur
426 1218 568 1297 clericis
583 1231 648 1295 aut
661 1223 814 1298 maxime
828 1222 1016 1311 ministris,
1032 1223 1093 1323 qui
1107 1232 1193 1297 sunt
1205 1245 1289 1297 vere
1303 1220 1377 1294 filii.
1395 1223 1509 1307 Quem

286 1331 416 1430 cuique
433 1332 564 1408 viderit
580 1343 702 1408 actum
721 1334 855 1410 muniri
869 1344 905 1410 et
921 1336 1075 1434 deputet.
1094 1336 1186 1411 Cum
1203 1332 1300 1409 dolor
1317 1342 1372 1408 est
1388 1357 1510 1430 ampu-

200 1503 201 1506 ,
286 1454 385 1519 tatur
402 1447 508 1521 etiam
528 1471 607 1546 quse
624 1449 764 1546 putruit
780 1474 862 1548 pars
880 1450 1046 1548 corporis,
1063 1458 1099 1524 et
1116 1447 1177 1522 diu
1203 1455 1381 1523 tractatur
1406 1444 1436 1519 si
1454 1467 1511 1543 po

286 1568 357 1634 test
374 1562 495 1634 sanari
513 1562 793 1638 medicamentis.
811 1564 848 1637 Si
867 1586 938 1638 non
962 1571 1087 1662 potest,
1103 1570 1192 1637 tunc
1214 1585 1236 1633 a
1261 1559 1398 1636 medico
1421 1559 1511 1634 bono

286 1671 493 1749 absciditur.
510 1675 570 1750 Sic
589 1675 752 1774 Episcopi
765 1676 914 1752 affectus
930 1675 1013 1750 boni
1026 1684 1092 1765 est,
1109 1686 1150 1749 ut
1166 1683 1261 1774 optet
1275 1673 1395 1747 sanari
1414 1671 1511 1746 infir·

287 1808 374 1876 mos,
392 1787 571 1886 serpentia
597 1788 753 1880 auferre,
773 1789 896 1866 ulcera
917 1789 1079 1879 adurere,
1094 1787 1215 1887 aliqua
1227 1811 1305 1862 non
1322 1786 1511 1862 abscidere.

287 1899 470 1974 Postremo
487 1900 579 1999 quod
598 1900 718 1975 sanari
736 1925 806 1975 nen
825 1911 949 2001 potest,
967 1927 1048 1977 cum
1067 1900 1183 1976 dolore
1201 1900 1393 1975 abscidere.
1409 1898 1512 1975 Unde

286 2009 546 2110 pulcerrimum
575 2013 664 2089 illud
697 2027 913 2114 praeceptum
944 2015 1062 2113 magis
1086 2015 1231 2104 eminet,
1253 2024 1295 2090 ut
1311 2014 1511 2112 cogitemus

286 2148 356 2200 non
374 2150 453 2224 qum
469 2137 590 2202 nostra
607 2138 693 2202 sunt
710 2128 770 2204 sed
787 2154 867 2229 quae
883 2129 1047 2220 aliorum,
1067 2128 1135 2205 hec
1160 2129 1256 2204 enim
1282 2128 1382 2203 modo
1398 2127 1510 2203 nichil

286 2239 355 2314 erit
375 2240 466 2338 quod
484 2240 541 2316 vel
560 2240 644 2315 irati
662 2251 781 2317 nostro
796 2243 1013 2340 indgeamus
1029 2242 1172 2334 affectu,
1193 2243 1253 2318 vel
1272 2243 1434 2317 faventes
1451 2263 1511 2315 no-

285 2361 369 2427 strae
381 2353 463 2451 plus
476 2353 569 2428 iusto
582 2354 783 2430 tribuamus
795 2355 1060 2445 voluntati,hoc
1071 2356 1270 2431 maximum
1284 2355 1510 2432 incentivum

288 2467 539 2543 misericordiae
552 2477 593 2542 ut
606 2469 866 2568 compatiamur
877 2471 1006 2547 alienis
1019 2469 1294 2547 calamitatibus.
1310 2469 1511 2547 Necessita-

287 2588 341 2654 tes
365 2578 519 2656 aliorum
543 2592 719 2680 quantum
744 2607 933 2682 pessumus
959 2584 1137 2672 iuvemus,
1163 2592 1200 2658 ct
1225 2581 1306 2680 plus
1330 2581 1510 2657 interdum

287 2717 394 2792 quam
408 2717 606 2792 possumus.
628 2693 759 2771 Melius
775 2705 829 2771 est
845 2696 942 2771 enim
958 2719 1021 2795 pro
1043 2683 1285 2771 misericordia
1306 2720 1435 2771 causas
1451 2719 1512 2794 pa·

287 2830 366 2881 rare
382 2806 440 2882 rel
459 2807 631 2882 invidiam
648 2832 755 2908 quam
773 2808 991 2909 pretendere
1007 2808 1244 2886 clementiam.
1263 2812 1310 2883 Et
1325 2818 1455 2884 cetera.

847 3037 954 3122 evil.

384 3255 588 3330 Possidius
608 3255 804 3357 Episcopus
821 3252 859 3326 in
877 3253 953 3329 vita
969 3255 1085 3329 sancti
1104 3252 1314 3349 Augustini.
1340 3250 1512 3325 Valerius

287 3369 525 3469 Ypponiensis
542 3369 738 3467 Episcopus
756 3367 963 3462 Augustino
980 3366 1197 3464 Presbytero
1214 3389 1279 3441 suo
1300 3373 1509 3462 potestatem

287 3484 384 3559 dedit
397 3508 434 3558 se
450 3507 569 3559 coram
583 3483 620 3557 in
635 3482 796 3559 aecclesia
811 3479 1043 3577 evangelium
1060 3477 1287 3578 praedicandi,
1299 3487 1335 3553 et
1347 3477 1510 3574 frequen·

287 3595 426 3671 tissime
442 3595 622 3671 tractandi
639 3606 763 3671 contra
775 3620 881 3670 usum
896 3603 934 3670 et
945 3593 1240 3670 consuetudinem
1255 3591 1510 3666 Africanarum

289 3709 534 3787 ecclesiarum.
558 3709 661 3785 Unde
684 3709 794 3784 etiam
823 3718 860 3786 et
886 3704 1052 3782 nonnulli
1079 3705 1243 3804 Episcopi
1267 3703 1511 3780 detrahebant.

289 3822 359 3898 Sed
375 3821 437 3897 ille
454 3821 512 3895 vir
528 3821 746 3897 venerabilis
762 3846 804 3897 ac
830 3820 1001 3919 providus
1017 3820 1055 3893 in
1080 3817 1315 3895 orientalibus
1338 3817 1511 3893 ccelesiis

290 3936 326 4011 id
342 3960 388 4012 cx
404 3958 500 4010 more
518 3935 594 4010 lieri
612 3934 741 4024 sciens,
756 3944 793 4009 ct
809 3931 959 4010 utilitati
984 3931 1153 4009 aecclesiae
1179 3930 1380 4031 providens,
1397 3928 1511 4004 obtre·

289 4049 466 4125 stantium
489 4071 559 4124 non
576 4047 726 4126 curabat
751 4046 910 4144 linguas,
928 4045 1118 4120 dummodo
1143 4044 1375 4121 fuctitaretur
1396 4068 1417 4116 a
1435 4065 1511 4140 pre

293 4160 449 4260 sbytero,
465 4161 596 4258 quoda
620 4185 658 4236 se
681 4160 844 4258 episcopo
868 4157 1009 4257 impleri
1036 4156 1183 4233 minime
1209 4179 1310 4255 posse
1331 4154 1510 4232 cernebat.

289 4278 416 4350 Postea
433 4298 518 4351 vero
534 4284 702 4352 currente
719 4284 754 4351 et
771 4274 913 4350 volante
932 4271 1137 4347 huiusmodi
1155 4269 1261 4360 lama,
1278 4269 1367 4344 bono
1381 4266 1511 4366 praece·

290 4387 394 4462 dente
407 4386 577 4486 exemplo,
594 4398 740 4486 accepta
757 4386 802 4461 ab
819 4384 992 4485 episcopis
1009 4392 1193 4482 potestate
1205 4380 1406 4481 presbyteri
1424 4403 1510 4454 non-

290 4498 383 4574 nulli
401 4520 519 4576 coram
538 4499 711 4598 episcopis
727 4509 884 4574 tractare
901 4506 1094 4597 ceperunt.
