3608 5498
997 386 1036 401 ..
1061 355 1104 419 28
1128 386 1167 401 ..

466 479 566 567 Quod
592 478 756 577 Episcopi
782 503 851 553 non
874 487 959 553 sunt
983 477 1135 574 cogendi
1160 503 1182 551 a
1207 481 1306 574 Rege
1331 478 1375 552 ad
1406 479 1581 554 militiam.
1606 481 1692 578 Cap.

540 594 723 668 XCVIIII.

466 709 518 782 De
535 707 677 783 clericis
694 712 945 804 Imperatorem
961 704 1176 781 adeuntibus
1193 706 1366 781 adversus
1388 706 1580 805 Episcopus
1596 731 1689 782 suos.

539 821 623 918 Cap.
641 822 793 894 XVIIII.
811 823 964 894 XXVII.
981 823 1072 894 LVI.

469 935 520 1008 De
551 933 804 1008 constitutione
831 935 1057 1031 Imperatoris
1087 932 1163 1008 sive
1192 932 1376 1009 iudicium.
1406 935 1490 1031 Cap.
1519 937 1691 1010 XXXIII.

538 1050 756 1122 LXXXVII.

465 1161 565 1248 Quod
583 1162 716 1259 scripta
733 1185 813 1258 quae
829 1187 850 1234 a
865 1184 949 1256 rege
963 1171 1085 1235 contra
1104 1161 1222 1256 legem
1241 1159 1464 1257 imperantur
1482 1160 1594 1236 nichil
1608 1162 1691 1236 sint.

538 1275 623 1371 Cap.
640 1277 749 1348 LVII.
766 1275 858 1350 CIII.

467 1389 566 1476 Quod
583 1388 722 1463 laicalis
745 1398 898 1487 potestas
920 1413 990 1462 non
1018 1399 1131 1487 potest
1156 1388 1291 1488 aliquid
1316 1388 1449 1463 iniuste
1475 1388 1513 1462 in
1538 1391 1691 1466 ecclesia

538 1511 705 1578 statuere.
724 1504 808 1600 Cap.
825 1506 953 1577 XLVI.
971 1503 1155 1578 CXXXV.

465 1618 566 1704 Quod
579 1620 774 1715 Imperator
786 1642 857 1693 non
871 1617 974 1692 debet
991 1641 1164 1714 usurpare
1174 1625 1348 1713 quaesunt
1362 1616 1595 1691 sacerdotum.
1605 1616 1690 1715 Cap.

467 1847 519 1919 De
537 1845 592 1918 his
609 1846 670 1942 qui
690 1846 940 1944 Episcopatum
960 1846 1017 1922 vcl
1035 1846 1289 1920 investituram
1308 1845 1561 1921 ecclesiastice
1573 1845 1691 1943 digni-

539 1961 626 2034 tatis
642 1986 664 2034 a
681 1960 785 2036 laicis
802 1962 994 2059 accipiunt.
1013 1962 1097 2059 Cap.
1116 1962 1233 2034 XVII.
1250 1958 1436 2033 CXXXV.

466 2073 566 2159 Quod
583 2072 755 2148 habitatio
772 2075 883 2171 Regis
908 2075 1001 2172 apud
1025 2056 1183 2171 aliquam
1210 2072 1336 2148 urbem
1354 2081 1489 2146 statum
1514 2072 1692 2172 episcopa·

536 2186 606 2260 lem
624 2211 693 2261 non
712 2198 835 2262 mutet.
854 2189 939 2286 Cap.
957 2190 1068 2262 XLII.

466 2301 566 2387 Quod
579 2304 774 2399 Imperator
783 2303 814 2376 si
828 2301 1050 2400 provinciam
1064 2301 1204 2390 dividit,
1214 2299 1436 2398 metropolim
1449 2300 1606 2376 dividere
1619 2324 1689 2375 non

537 2416 658 2514 possit.
676 2417 761 2514 Cap.
775 2418 992 2492 LXXXVII.

466 2531 515 2604 Ut
532 2530 648 2605 lalcus
665 2555 736 2606 non
758 2531 1048 2607 intermisceatur
1073 2528 1328 2605 ecclesiasticis
1353 2528 1578 2605 tractatibus.
1604 2530 1689 2628 Cap.

538 2646 617 2718 VII.
634 2646 800 2720 XCVIII.

466 2759 583 2846 Quare
613 2759 753 2858 antiqui
783 2764 1017 2858 Imperatores
1047 2758 1203 2858 Synodis
1232 2757 1485 2834 interfuerunt.
1512 2760 1598 2858 Cap.
1627 2763 1689 2834 VI.

465 2987 564 3074 Quod
589 2991 845 3087 Imperatorum
871 2992 971 3087 leges
995 2989 1129 3065 divinae
1158 2987 1232 3085 legi
1262 2988 1481 3063 subiaceant.
1512 2989 1597 3088 Cap.
1627 2990 1689 3065 VI.

536 3106 754 3180 LXXXVII.
771 3106 920 3181 CXXX.

463 3217 562 3305 Quod
580 3218 719 3316 antiqui
736 3221 970 3317 Imperatores
983 3219 1158 3319 quoslibet
1170 3241 1353 3315 oppressos
1367 3216 1622 3317 Episcopornm
1634 3219 1689 3294 iu-

535 3330 627 3406 dicia
645 3332 822 3429 appellare
840 3343 1046 3412 sanxerunt.
1063 3335 1147 3430 Cap.
1165 3334 1377 3408 CXLVIIII.

465 3445 565 3530 Quod
584 3470 639 3519 res
652 3446 812 3522 ecclcsiae
828 3446 966 3520 nullius
983 3447 1022 3519 in
1034 3445 1135 3520 bouis
1152 3445 1235 3520 sint.
1254 3447 1338 3544 Cap.
1352 3446 1535 3521 CXVIIII.
1549 3447 1689 3522 CXLV.

465 3560 565 3645 Quod
578 3558 682 3635 laicis
694 3585 764 3634 non
778 3561 863 3636 licet
875 3562 1060 3658 disponere
1075 3558 1266 3633 facultates
1279 3557 1447 3634 ecclesiae.
1461 3558 1545 3657 Cap.
1562 3561 1690 3634 XLVI.

464 3673 516 3746 De
534 3672 592 3746 his
608 3674 669 3772 qui
688 3673 848 3750 ecclesiae
864 3675 1054 3750 facultates
1071 3672 1140 3747 sibi
1158 3673 1340 3770 arripiunt
1355 3696 1431 3771 cap.
1453 3675 1571 3750 XXV.
1587 3685 1624 3750 et
1647 3675 1690 3751 de

537 3787 633 3863 furto
650 3788 810 3865 ecclesia
827 3791 973 3863 LXIIII.

465 3903 516 3975 Dc
534 3901 590 3975 his
607 3902 669 4000 qui
688 3928 743 3977 res
761 3901 920 3978 ecclesiae
938 3911 1065 3999 petunt
1082 3929 1102 3975 a
1122 3904 1281 4000 regibus.
1298 3905 1383 4002 Cap.
1401 3907 1553 3980 XXIIII.
1566 3908 1608 3980 In
1622 3906 1689 3979 ΙΙΙ·

468 4017 783 4219 QuoilelIlisItiini
802 4136 1036 4231 Imperatores
1054 4159 1110 4209 res
1127 4132 1299 4208 Ecclesiae
1316 4132 1446 4207 liberas
1467 4157 1544 4208 esse
1559 4140 1692 4207 statue·

539 4255 635 4318 runt.
653 4245 737 4341 Cap.
755 4245 895 4320 CXLV.
912 4247 980 4322 CL.
998 4248 1119 4322 CLIII.
1136 4258 1172 4322 ct
1188 4247 1228 4319 in
1246 4246 1304 4320 lib.
1322 4248 1389 4320 ΙΙΙο
1407 4269 1482 4343 cap.
1500 4247 1604 4321 CLII.

466 4357 630 4446 Qualiter
648 4361 766 4432 Rcmae
782 4359 859 4433 fieri
876 4359 980 4434 debet
997 4363 1201 4458 Imperator.
1224 4361 1308 4456 Cap.
1326 4362 1399 4433 LII.
1416 4385 1445 4434 c.
1462 4361 1559 4434 IIII⁰.

470 4471 631 4560 Qualiter
649 4475 807 4548 Romano
824 4473 988 4548 Pontifici
1006 4473 1125 4548 iurare
1142 4473 1255 4549 debet.
1271 4476 1356 4572 Cap.
1374 4474 1520 4550 CXIIII.
1538 4474 1659 4550 CLXI.
1787 4509 1790 4511 >
