3608 5498
951 375 1154 438 -150-

440 523 510 574 non
527 508 676 598 possunt
691 499 754 597 qui
770 498 808 571 in
826 498 977 574 ecclesia
994 497 1059 573 Dei
1077 497 1267 573 unanimes
1284 498 1487 573 noluerunt.
1505 498 1667 574 Ardeant

440 615 526 691 licet
542 613 698 688 fiammis
714 623 751 687 et
767 612 916 710 ignibus
933 612 1054 688 traditi
1072 611 1132 688 vel
1147 611 1278 687 obiecti
1292 611 1417 687 bestiis
1429 611 1568 687 animas
1581 639 1668 688 suas

440 739 584 828 ponant,
600 750 671 802 non
688 726 759 803 erit
783 725 848 800 illa
864 726 945 802 fidei
971 749 1110 816 corona,
1126 725 1188 802 sed
1206 749 1307 824 paena
1330 724 1486 823 perfidie,
1503 749 1570 801 neo
1587 725 1669 801 reli·

440 841 551 940 giosae
567 840 718 915 virtutis
729 839 847 914 exitus
859 839 1048 936 gloriosus
1061 840 1121 915 sed
1134 837 1391 936 desperationis
1408 837 1587 913 interitus.
1601 842 1668 915 Oc-

441 956 512 1032 cidi
528 954 614 1030 talis
630 963 744 1054 potest
768 955 928 1029 coronari
945 976 1016 1027 non
1041 964 1165 1052 potest.
1182 953 1243 1029 Sic
1260 980 1297 1030 se
1321 952 1571 1029 Christianum
1588 978 1666 1029 esse

441 1071 637 1169 profitetur,
654 1068 826 1167 quomodo
843 1078 880 1144 et
897 1067 1082 1144 Christum
1100 1066 1261 1142 diabolus
1273 1091 1355 1164 sepe
1373 1066 1557 1143 mentitur.
1574 1069 1665 1142 Item

442 1196 660 1283 postpauca.
678 1183 934 1259 Adversandus
958 1192 1015 1259 est
1030 1180 1113 1257 talis
1137 1189 1245 1279 atque
1261 1179 1466 1275 fugiendus.
1495 1179 1668 1278 Quisquis

442 1297 553 1373 fuerit
561 1298 606 1373 ab
615 1297 776 1373 Ecclesia
789 1305 985 1395 separatus,
994 1320 1184 1394 perversus
1196 1304 1250 1370 est
1261 1293 1521 1384 huiusmodi‚et
1533 1304 1668 1392 peccat,

442 1420 478 1485 et
494 1420 550 1487 est
567 1435 588 1483 a
605 1411 794 1509 semetipso
806 1410 1006 1485 damnatus.
1021 1414 1078 1483 An
1095 1433 1171 1484 esse
1190 1406 1257 1481 sibi
1271 1431 1354 1481 cum
1367 1404 1511 1482 Christo
1523 1404 1668 1482 videtur

443 1524 505 1623 qui
521 1525 713 1600 adversum
732 1524 867 1599 Christi
885 1525 1103 1600 sacerdotem
1121 1520 1237 1595 facit?
1253 1519 1324 1608 Qui
1342 1543 1380 1594 se
1397 1544 1418 1592 a
1434 1517 1522 1594 cleri
1538 1517 1617 1593 eius
1632 1529 1669 1594 et

443 1634 556 1735 plebis
573 1636 741 1712 societate
766 1637 948 1712 secernit?
966 1643 1077 1711 Arma
1095 1635 1156 1710 ille
1181 1644 1305 1709 contra
1322 1631 1522 1708 Ecclesiam
1540 1641 1668 1731 portat,

441 1760 566 1826 contra
583 1750 648 1826 Dei
665 1750 927 1848 dispositionem
942 1758 1132 1849 repugnat,
1148 1746 1261 1822 hostis
1277 1745 1403 1821 altaris
1424 1747 1598 1821 adversus
1614 1771 1669 1821 sa-

442 1863 618 1939 crificium
629 1863 771 1939 rebellis
780 1887 841 1963 pro
854 1865 921 1938 fide
930 1866 1156 1962 perfiduspro
1165 1862 1338 1960 religione
1352 1862 1669 1960 sacrilegusinolr

441 2001 594 2076 sequeus
612 2002 749 2067 servus
768 1977 864 2052 filius
885 1978 1029 2077 impius,
1045 1980 1159 2054 frater
1175 1978 1355 2053 inimicus.
1372 1981 1463 2053 Item
1481 1977 1520 2050 in
1536 1977 1669 2053 eodem.

442 2089 550 2164 Levis
573 2088 641 2165 hoo
666 2089 803 2165 crimen
828 2100 883 2165 est
909 2114 1016 2188 quam
1034 2093 1128 2189 quod
1152 2091 1190 2165 hi
1211 2091 1273 2191 qui
1298 2092 1595 2167 sacrificaverunt
1610 2090 1670 2165 ad·

441 2202 583 2278 misisse
601 2203 780 2293 videntur,
803 2205 866 2303 qui
883 2215 1004 2281 tamen
1022 2205 1059 2278 in
1077 2207 1275 2306 penitentia
1292 2206 1457 2282 criminis
1481 2204 1667 2281 constituti

442 2321 557 2393 Deum
576 2317 692 2417 plenis
709 2319 1014 2395 satisfactionibus
1031 2320 1277 2421 deprecantur.
1293 2320 1375 2396 Illic
1395 2319 1559 2396 Ecclesia
1575 2344 1670 2418 quae·

442 2432 535 2508 ritur
559 2442 595 2508 et
611 2444 760 2528 rogatur
784 2434 844 2509 hic
861 2434 1031 2511 Ecclesia
1057 2443 1291 2533 repugnatur.
1308 2433 1389 2509 Illic
1408 2443 1524 2532 potest
1548 2458 1669 2510 neces·

443 2547 531 2622 sitas
548 2547 671 2637 fuisse,
683 2548 745 2623 hic
757 2548 926 2624 voluntas
939 2559 1082 2626 tenetur
1095 2548 1133 2622 in
1147 2549 1289 2624 scelere.
1302 2547 1381 2622 Illic
1394 2547 1456 2646 qui
1469 2548 1591 2647 lapsus
1603 2560 1669 2637 est,

444 2661 511 2736 sibi
524 2671 666 2736 tantum
679 2663 813 2753 nocuit,
826 2663 886 2738 hic
903 2664 964 2762 qui
983 2665 1087 2740 heres
1099 2672 1166 2752 est,
1178 2662 1238 2737 vel
1251 2688 1375 2762 sysma
1388 2661 1505 2738 lacere
1518 2672 1670 2737 conatus

442 2784 508 2865 est,
526 2775 659 2850 multos
677 2801 801 2851 secum
819 2777 991 2853 trahendo
1008 2776 1156 2875 decepit.
1173 2775 1253 2852 Illic
1269 2775 1398 2849 animae
1415 2775 1525 2850 unius
1541 2785 1596 2851 est
1611 2776 1669 2851 da·

445 2914 582 2978 mnum,
595 2889 654 2965 hic
667 2890 868 2988 periculum
883 2891 1127 2990 plurimorum.
1141 2890 1245 2965 Certe
1259 2913 1425 2988 peccasse
1444 2913 1480 2964 se
1495 2888 1554 2965 ille
1567 2899 1605 2964 et
1616 2890 1669 2964 iu·

441 3002 587 3098 telligit,
599 3013 636 3080 et
647 3003 876 3095 lamentatur,
890 3016 926 3082 et
939 3003 1091 3104 plangit,
1100 3003 1160 3079 hic
1174 3013 1319 3079 tumens
1331 3003 1369 3076 in
1383 3014 1529 3101 peccato
1545 3027 1620 3094 suc,
1633 3014 1669 3080 et

443 3115 481 3188 in
498 3116 586 3214 ipsis
604 3117 669 3192 sibi
688 3117 830 3195 delictis
847 3119 992 3218 placens
1008 3146 1030 3194 a
1048 3130 1161 3194 matre
1180 3119 1271 3195 filios
1288 3129 1469 3216 segregat,
1481 3142 1564 3195 oves
1576 3145 1598 3194 a
1611 3145 1670 3220 pa·

443 3240 536 3306 store
554 3230 734 3321 sollicitat,
753 3232 818 3308 Dei
836 3245 1063 3310 sacramenta
1080 3235 1259 3312 disturbat
1271 3245 1307 3311 et
1323 3261 1407 3311 cum
1419 3236 1541 3334 lapsus
1558 3236 1669 3311 semel

442 3355 633 3440 peccarent
650 3342 711 3419 hic
728 3345 856 3422 cotidie
870 3358 1002 3444 peccat.
1017 3352 1199 3425 Postremo
1211 3349 1333 3449 lapsus
1346 3349 1564 3448 martyrium
1578 3357 1670 3448 post·

444 3457 588 3532 modum
601 3469 815 3534 consecutus
827 3471 943 3559 potest
956 3462 1060 3559 regni
1074 3463 1245 3561 promissa
1256 3462 1350 3562 perci
1355 3460 1515 3561 perehic
1524 3462 1554 3536 si
1567 3471 1668 3537 extra

442 3571 630 3647 ecclesiam
648 3573 758 3650 fuerit
773 3575 924 3666 occisus,
940 3576 985 3651 ad
1002 3577 1172 3653 Ecclesia
1185 3600 1255 3652 non
1269 3587 1383 3675 potest
1396 3576 1530 3675 premia
1545 3601 1668 3675 perve-

443 3685 530 3761 nire.
548 3690 596 3762 Et
612 3696 741 3764 cetera.

961 3918 1142 4004 ooxxssl.

544 4145 755 4221 Ambrosius
772 4145 811 4220 in
828 4146 941 4245 primo
958 4146 1047 4223 libro
1072 4148 1279 4224 officiorum.
1298 4149 1421 4245 Neque
1446 4158 1580 4222 temere
1603 4145 1668 4219 ali·

448 4263 530 4360 quis
542 4261 627 4335 dum
642 4261 810 4359 martyrii
824 4261 1002 4337 desiderat
1014 4261 1168 4358 gloriam
1181 4260 1304 4337 offerat
1318 4286 1355 4336 se
1369 4258 1669 4359 periculumque

448 4375 597 4451 fortasse
606 4396 689 4449 caro
698 4374 873 4449 infirmior
885 4385 950 4449 aut
964 4374 1143 4450 remissior
1155 4375 1300 4449 animus
1308 4374 1459 4450 tolerare
1472 4396 1542 4447 non
1552 4383 1670 4471 queat,

448 4514 515 4567 nec
533 4514 661 4566 rursus
677 4501 819 4588 propter
836 4489 1022 4586 ignaviam
1036 4489 1168 4566 oaedem
1182 4492 1263 4590 quis
1275 4514 1318 4566 ac
1332 4488 1492 4564 deserere
1506 4485 1670 4562 fidelibus
