3608 5498
676 410 874 476 -285-

161 535 428 625 transmisimus
451 532 668 612 fraternitati
695 542 824 606 vestra
848 530 1016 620 Crucem,
1040 531 1078 604 in
1095 529 1222 628 quade
1248 528 1385 606 catenis
1516 566 1519 572 ·

162 659 362 725 amatorum
388 660 588 726 vestrorum
610 656 816 723 sanctorum
834 646 932 723 Petri
957 655 993 722 et
1011 645 1115 720 Pauli
1133 644 1383 745 Apostolorum

163 762 297 839 inserta
314 763 511 842 benedictio
526 770 592 852 est,
608 760 692 860 quia
719 761 833 836 multa
850 785 912 859 per
929 758 1077 837 eandem
1093 755 1378 836 benedictionem

164 876 340 953 miracula
359 879 434 955 fieri
452 884 726 954 consueverunt.
846 905 850 912 ·

716 1026 822 1110 xoll.

256 1227 423 1303 Gelasius
441 1227 640 1317 cresconio,
653 1224 800 1301 Iohanni
818 1235 854 1300 et
872 1223 1005 1299 Mesate
1018 1223 1200 1323 episcopis.
1218 1225 1384 1298 Decesse

162 1367 242 1415 rum
256 1351 393 1416 statuta
409 1342 505 1418 siout
518 1342 682 1438 legitima
695 1351 732 1416 et
748 1340 844 1413 iusta
856 1360 1098 1414 successorem
1111 1336 1290 1412 custodire
1303 1359 1384 1412 con·

163 1455 274 1544 venit,
293 1456 344 1529 ita
361 1455 463 1532 debet
480 1455 588 1531 etiam
607 1453 798 1530 malefacta
815 1451 1004 1548 corrigere.

697 1621 821 1705 XCIII.

255 1795 421 1871 Gelasius
438 1795 588 1870 Iohanni
602 1794 763 1894 episcopo
777 1795 919 1868 Sorano.
934 1792 1083 1868 Certum
1097 1801 1152 1866 est
1164 1790 1308 1889 quidem
1322 1812 1381 1863 no·

160 1908 245 1983 stris
269 1910 566 2008 preceptionibus
583 1909 831 1996 constitutum,
848 1930 893 1980 ne
911 1904 992 2003 quis
1016 1905 1055 1978 in
1074 1903 1246 1993 aecclesia,
1263 1912 1327 1978 aut
1344 1904 1382 1976 in

160 2023 322 2113 oratorio,
350 2024 441 2121 quod
467 2023 561 2098 sedis
586 2033 715 2097 nostroe
739 2044 810 2096 non
835 2019 971 2116 legitur
988 2018 1220 2116 permissione
1244 2018 1383 2094 dedica-

159 2145 249 2227 tum,
274 2137 532 2235 processionem
558 2135 741 2235 publicam
758 2144 902 2234 putaret
926 2133 1096 2232 impendi,
1115 2158 1160 2208 ne
1184 2132 1382 2209 conditores

159 2251 307 2326 furtivis
320 2251 606 2353 surreptionibus
618 2261 742 2327 contra
756 2249 920 2347 regulam
934 2258 1070 2323 statuta
1083 2246 1295 2345 prosilirent.
1313 2246 1382 2321 Sed

159 2365 243 2463 quia
255 2366 294 2439 in
303 2367 434 2462 Egetia
448 2365 653 2466 spectabilis
666 2365 810 2454 femina,
823 2363 979 2463 petitorii
996 2362 1096 2437 nobis
1109 2360 1284 2437 oblatione
1297 2385 1382 2458 sug-

159 2478 284 2574 gessit,
302 2479 340 2553 in
354 2480 632 2578 possessionibus
649 2478 801 2578 propriis
814 2501 960 2554 suornm
978 2477 1191 2576 corpuscula
1208 2475 1383 2552 condidis-

159 2615 208 2681 se,
234 2592 344 2668 frater
369 2593 560 2669 karissime
586 2593 797 2668 umanitatis
820 2593 968 2683 intuitu,
993 2592 1085 2690 qnod
1102 2591 1219 2690 priora
1245 2599 1382 2666 statuta

158 2726 228 2777 uon
246 2705 415 2793 maculet,
432 2705 621 2782 funeribus
637 2716 674 2782 et
691 2706 865 2805 sepulcris
890 2716 1045 2795 tanturn,
1063 2706 1100 2780 in
1118 2702 1382 2804 comprehensis

161 2816 325 2914 petitorio
342 2818 430 2894 locis
448 2819 609 2894 misteria
627 2819 770 2896 noveris
782 2844 845 2920 pro
862 2820 1100 2896 sollemnitate
1114 2817 1323 2919 prestanda,
1340 2828 1383 2894 ut

158 2931 410 3007 defunctorum
428 2933 571 3010 nomine
586 2933 781 3010 sollumodo
798 2934 922 3008 divina
935 2933 1164 3011 celebrentur
1175 2931 1303 3021 officia,
1317 2956 1381 3032 pu·

157 3042 251 3119 blica
259 3044 545 3144 frequentatione
555 3056 592 3122 et
601 3047 822 3146 processione
832 3049 1101 3124 cessanteData
1110 3044 1227 3121 ibibus
1236 3044 1381 3142 Aprilis.

694 3273 837 3358 xossfl.

253 3497 420 3572 Gelasius
438 3498 624 3574 Senecioni
642 3498 813 3596 episcopo.
826 3496 888 3573 Pie
907 3497 1038 3572 mentis
1055 3495 1305 3595 amplectenda
1322 3497 1380 3572 de-
1439 3536 1441 3540 ·

156 3609 253 3683 votio
264 3618 318 3684 est
330 3634 401 3709 qua
410 3635 447 3685 se
455 3603 571 3685 Iulius
581 3610 629 3685 vh
639 3611 711 3712 (cir
723 3612 911 3686 hillostris
918 3611 947 3710 f)
955 3611 992 3683 in
1003 3610 1287 3686 Reumanaiuris
1302 3611 1379 3685 suis

157 3721 325 3799 fundasse
348 3722 553 3821 perhibetur
569 3723 769 3814 ecclesiam,
786 3748 893 3823 quam
912 3725 950 3798 in
971 3712 1139 3801 honorem
1165 3724 1282 3800 sancti
1302 3723 1379 3798 Vit'

156 3831 367 3912 confessoris
379 3829 933 3936 cumpraenonimeconsecraris.
947 3841 1050 3913 Hanc
1063 3837 1179 3935 igitur
1192 3839 1303 3914 frater
1319 3837 1383 3912 lm·

44 3953 46 3957 ’
158 3950 297 4027 rissime
307 3950 338 4025 si
348 3951 502 4025 adtuam
517 3950 682 4027 diocesim
697 3951 874 4050 pertinere
883 3977 954 4028 non
963 3952 1130 4049 ambigis,
1140 3977 1183 4028 ex
1196 3976 1382 4028 morecon·

157 4062 434 4139 venitdedicari.
445 4062 582 4138 collata
596 4061 960 4164 primitnsdonatione
972 4063 1269 4164 sollemni‚·quam
1279 4065 1382 4139 mini·
1439 4111 1442 4116 Α

155 4177 242 4251 stris
254 4176 417 4253 ecclesiae
429 4178 626 4253 destinasse
643 4179 782 4278 prefati
800 4180 972 4269 muneris,
987 4187 1136 4254 testator
1152 4179 1297 4269 oblator,
1314 4179 1382 4255 eci·

155 4298 260 4365 turus
277 4291 353 4366 sine
367 4290 473 4368 dublo
485 4300 613 4390 praeter
628 4293 863 4390 processionis
875 4293 1013 4368 aditum
1027 4292 1090 4391 qui
1104 4292 1199 4368 omni
1216 4293 1382 4370 christia·

137 4428 201 4591 'pp
212 4405 361 4594 {legetur
373 4406 487 4485 nichil
501 4406 628 4482 ibidem
644 4433 681 4484 se
695 4407 848 4506 propriis
861 4406 951 4483 iuris
959 4405 1184 4483 habiturum.
1199 4409 1278 4483 Dat.
1291 4410 1381 4483 XIII

191 4543 236 4593 a.
286 4540 349 4614 ug.
1016 4540 1019 4547 ’
