3608 5498
801 394 998 459 -487-

294 517 469 588 Raunum.
487 516 563 588 Nae
585 512 815 609 litigantibus
833 512 938 587 iudex
963 513 1062 611 prius
1087 538 1153 587 sua
1178 514 1355 588 sententia
1380 514 1510 605 obviet,
1601 520 1604 527 '

292 654 398 727 quam
416 629 483 725 ipsi
501 627 614 702 nichil
630 626 785 701 habeant
799 627 890 724 qnod
903 635 1107 723 proponant.
1121 630 1168 700 Et
1180 626 1305 701 tandiu
1319 626 1412 702 actio
1425 654 1509 703 ven·

292 741 428 831 tiletur,
452 764 635 838 quousque
654 741 705 816 rei
730 741 864 814 veritas
888 738 1104 813 inveniatur.
1121 742 1339 836 Frequenter
1363 741 1510 817 interro

292 867 401 952 getur
418 879 463 928 ne
481 854 566 952 quid
583 855 672 929 forte
699 853 974 952 pretermissum
992 854 1155 952 estquod
1172 854 1289 929 anecti
1311 856 1511 933 conveniat.

291 969 444 1044 ludutiae
460 968 557 1043 enim
575 990 643 1042 nen
662 967 808 1042 modicas
825 967 869 1040 ad
886 966 1116 1064 quaerendum
1134 966 1265 1041 dentur
1278 967 1410 1065 nequid
1423 993 1510 1067 pras·

292 1105 437 1180 propere
464 1106 486 1154 a
512 1104 738 1178 quacumque
762 1091 862 1178 parte
886 1089 1029 1174 agatur,
1054 1079 1139 1176 quia
1164 1103 1225 1176 per
1249 1079 1508 1178 surreptionem

293 1195 407 1269 multa
437 1192 662 1291 proveniunt,
687 1191 779 1268 nihil
805 1203 926 1266 tamen
954 1191 1087 1289 absque
1115 1189 1279 1287 legitimo
1303 1203 1509 1269 accusatore

291 1309 363 1389 fiat.
379 1307 490 1381 Iudex
506 1305 738 1380 criminosum
756 1304 964 1394 discutiens,
980 1327 1051 1379 nou
1068 1316 1152 1380 ante
1169 1306 1384 1383 sententiam
1399 1307 1510 1405 profe-

292 1431 349 1495 rat
367 1419 555 1509 finitivam,
572 1444 680 1517 quam
698 1429 762 1494 aut
779 1444 861 1494 raus
878 1442 916 1492 se
933 1417 1008 1513 ipse
1024 1417 1247 1505 confiteatur,
1263 1427 1328 1490 aut
1353 1441 1415 1513 per
1438 1417 1509 1491 ido·

290 1558 374 1609 neos
391 1542 499 1608 testes
516 1532 762 1608 convineatur.
779 1532 943 1607 Clericus
961 1529 1038 1604 sive
1055 1529 1170 1604 laicus
1195 1529 1347 1604 crimine
1363 1530 1422 1604 vel
1447 1530 1509 1606 lite

292 1646 466 1746 pulsatus,
482 1670 552 1722 nen
565 1645 651 1720 alibi
669 1668 775 1742 quam
790 1645 829 1718 in
847 1645 921 1719 foro
938 1666 1002 1718 suo
1017 1642 1195 1716 audiatur.
1213 1641 1424 1741 Appellante
1438 1667 1508 1718 nen

292 1761 421 1835 habeat
437 1759 583 1835 afflictio
600 1759 674 1832 ulla
691 1770 755 1832 aut
771 1755 985 1833 detentionis
1003 1752 1172 1828 iniurioso
1197 1753 1368 1831 custodia.
1386 1756 1509 1831 Liceat

290 1875 399 1948 etiam
421 1873 460 1947 in
481 1873 600 1949 causis
626 1872 874 1948 criminalibus
899 1868 1088 1968 appellare.
1113 1871 1188 1942 Nec
1213 1867 1414 1967 appellandi
1440 1892 1509 1943 vox

291 1989 487 2084 denegetur
504 1987 548 2074 ei,
565 2011 670 2084 quem
688 1986 725 2059 in
744 1985 960 2084 supplicium
974 1983 1150 2058 sententia
1165 1982 1371 2058 destinarat.
1386 1985 1426 2056 lu
1440 1985 1508 2059 cri·

290 2100 481 2175 minalibus
499 2099 619 2175 causis
636 2123 702 2174 nec
720 2107 906 2174 accusator
922 2121 985 2194 per
1009 2096 1166 2193 aliquem
1191 2119 1362 2171 accusare
1384 2105 1509 2194 petest,

290 2239 357 2289 nec
381 2224 573 2289 accusatus
598 2239 660 2312 per
681 2212 790 2286 aliam
808 2234 994 2310 persenam
1012 2235 1049 2285 se
1066 2209 1250 2284 defensare
1276 2209 1506 2306 permittitur.

289 2327 415 2402 Omnis
432 2327 493 2425 qui
511 2327 600 2402 falsa
617 2326 699 2400 aliis
716 2327 890 2415 intulerit,
903 2325 1074 2423 puniatur
1094 2334 1131 2397 et
1152 2345 1213 2419 pro
1234 2322 1390 2399 falsitate
1415 2313 1507 2401 ferat

289 2440 485 2515 infamiam.
510 2441 548 2514 Si
573 2440 713 2539 quande
738 2440 775 2513 iu
801 2466 911 2515 eausa
935 2438 1092 2538 capitali,
1116 2439 1175 2513 vel
1198 2438 1235 2516 in
1257 2462 1366 2512 eausa
1391 2448 1508 2514 status

290 2553 557 2650 interpellatum
574 2553 694 2639 fuerit,
711 2576 780 2627 ueu
800 2578 862 2651 per
887 2562 1131 2652 procuratores
1156 2552 1217 2627 sed
1243 2576 1305 2650 per
1328 2551 1422 2652 ipsos
1453 2564 1508 2629 est
1632 2654 1635 2660 .

289 2668 480 2764 agendum.
506 2667 574 2755 Qui
601 2667 639 2740 iu
668 2667 816 2741 alterius
844 2667 940 2740 fama
968 2666 1006 2738 iu
1035 2666 1177 2766 publice
1202 2666 1418 2764 scripturam
1443 2677 1507 2741 aut

289 2781 396 2857 verba
415 2780 668 2856 contumeliosa
686 2782 906 2872 confinxerit,
923 2793 959 2858 et
977 2792 1138 2881 repertus
1155 2782 1290 2879 scripta
1302 2806 1373 2856 non
1387 2783 1508 2880 proba·

289 2897 394 2985 verit,
411 2895 608 2991 flagellum,
626 2895 739 2992 etqui
764 2897 904 2995 primus
928 2895 1108 2971 invenerit
1129 2904 1273 2992 rumpat
1289 2894 1320 2968 si
1338 2918 1409 2970 nou
1427 2896 1509 2970 vult

287 3010 443 3085 auctoris
460 3011 546 3085 facti
563 3034 706 3084 eausam
726 3010 920 3085 incurrere.
934 3009 972 3083 Si
990 3009 1071 3106 quis
1087 3008 1201 3081 iratus
1214 3007 1351 3083 crimen
1364 3007 1507 3106 aliquod

288 3124 437 3200 cuilibet
453 3135 586 3200 temere
603 3124 781 3211 obiecerit,
797 3123 1001 3198 convicium
1018 3133 1082 3210 est,
1100 3144 1170 3195 nen
1186 3121 1376 3197 accusatio.
1390 3122 1460 3197 Sed
1476 3124 1506 3197 si

288 3237 459 3335 permisso
475 3236 653 3312 tractandi
669 3236 793 3334 spatio,
810 3237 844 3309 id
861 3234 953 3334 qued
970 3235 1086 3309 iratus
1102 3233 1193 3308 dixit
1213 3259 1275 3333 per
1291 3234 1507 3333 scripturam

288 3376 325 3425 se
342 3350 572 3448 probaturum
587 3351 753 3437 fateatur,
765 3360 806 3423 ut
819 3350 848 3424 si
862 3350 952 3424 forte
970 3348 1181 3445 resipiscens
1194 3357 1272 3446 post
1284 3348 1507 3425 iracundiam

288 3464 380 3561 qued
393 3464 482 3537 dixit
494 3463 623 3538 iterare
636 3488 679 3538 ac
692 3462 845 3538 scribere
858 3462 1022 3551 noluerit,
1034 3484 1105 3535 nen
1127 3471 1167 3535 ut
1184 3485 1267 3536 reus
1278 3461 1444 3537 criminis
1458 3473 1507 3538 tc·

288 3587 426 3652 neatur.
444 3577 482 3650 si
500 3577 580 3675 quis
597 3586 720 3652 contra
736 3601 802 3649 sua
819 3577 1068 3674 professionem
1085 3576 1143 3651 vel
1157 3576 1430 3675 suscriptionem
1448 3602 1508 3652 ve-

289 3694 394 3780 nerit,
407 3692 437 3766 si
451 3692 605 3768 clericus
617 3691 727 3766 fuerit
743 3691 947 3789 deponatur.
965 3691 1003 3765 Si
1016 3690 1132 3765 laicus
1143 3689 1440 3765 anathemizetur.
1452 3691 1508 3764 Li·

288 3806 348 3881 bat
366 3810 438 3882 Deo
455 3831 629 3906 prospera,
645 3807 707 3905 qui
723 3806 768 3880 ab
784 3805 927 3882 afflictis
943 3803 1045 3901 pellit
1061 3802 1220 3877 adversa.
1234 3802 1352 3879 Maius
1368 3804 1507 3901 pericu·

287 3919 363 3994 lum
380 3930 434 3996 est
451 3919 653 4008 iudicantis,
669 3944 776 4017 quam
793 3919 872 3994 eius
885 3919 946 4016 qui
959 3917 1150 3993 iudicatur.
1163 3917 1201 3992 Si
1214 3915 1321 3992 aliter
1333 3927 1444 3993 testes
1457 3917 1507 3991 di·

288 4033 383 4108 scuti
397 4057 466 4108 non
479 4032 598 4130 pessit,
614 4040 825 4130 separentur
841 4031 886 4106 ab
903 4032 1071 4120 invicem,
1087 4040 1124 4107 et
1140 4029 1374 4125 singulariter
1391 4030 1507 4128 inqui-

289 4156 424 4221 rantur.
442 4147 509 4235 Qui
528 4149 735 4223 innocentes
751 4147 795 4221 ad
812 4145 989 4244 principes
1007 4144 1064 4219 vel
1081 4144 1126 4219 ad
1142 4143 1279 4219 iudices
1296 4144 1385 4218 false
1402 4169 1509 4220 accu-

288 4285 367 4335 sare
384 4260 567 4335 convincti
585 4261 731 4348 fuerint,
748 4261 779 4334 si
796 4260 949 4335 clericus
965 4258 1076 4333 fuerit
1092 4257 1318 4354 degradetur,
1335 4258 1366 4332 si
1391 4257 1508 4334 laicus

289 4373 536 4448 commuuione
543 4373 716 4472 privetur.
725 4375 767 4447 Iu
777 4372 904 4449 Exodo.
912 4376 992 4447 Neu
1005 4372 1180 4472 suscipies
1188 4395 1310 4447 vocem
1322 4371 1510 4462 mendacii,

288 4513 355 4565 nec
364 4487 542 4588 proimpio
550 4488 647 4566 dices
655 4487 786 4562 falsum
796 4485 1291 4587 testimenium‚neesequeris
1299 4485 1404 4562 turba
1413 4485 1458 4560 ad
1467 4485 1516 4560 fa·
