3608 5498
815 421 989 484 ..43-

293 542 361 617 lem
380 565 529 618 causam
548 567 626 618 esse
644 553 684 619 ut
701 569 743 620 ea
759 566 829 618 uon
856 542 1075 642 replicentur
1100 571 1179 645 quae
1203 557 1285 623 acta
1308 558 1406 637 sunt,
1430 574 1510 647 quar

291 654 491 730 decreverit
506 657 687 731 Romanus
704 657 899 755 Episcopus
915 660 1126 734 confirmata
1142 670 1259 737 erunt.
1277 663 1314 735 Si
1332 678 1421 759 ergo
1441 663 1509 740 hoc

292 767 459 843 omnibus
476 768 594 866 placet
609 778 800 845 statuatur.
818 771 970 845 Sinodus
989 777 1024 871 ιι.
1043 773 1174 850 Placet.

864 999 958 1084 XXI.

388 1227 613 1303 Gaudentius
629 1225 835 1324 Episcopus.
851 1225 960 1299 Dixit.
987 1226 1199 1301 Addendum
1224 1228 1255 1301 si
1280 1227 1398 1324 placet
1422 1229 1507 1305 huic

294 1341 605 1438 sententiaequam
616 1338 757 1438 plenam
767 1341 959 1415 sanctitate
969 1340 1169 1437 protulistis
1182 1352 1312 1416 utcum
1328 1341 1458 1441 aliquis
1466 1347 1511 1417 E-

291 1454 454 1553 piscopus
467 1454 647 1551 depositus
664 1453 784 1541 fuerit,
808 1477 930 1527 eorum
956 1451 1198 1551 episcoporum
1224 1453 1366 1542 iudicio,
1383 1456 1444 1554 qui
1470 1455 1509 1528 in

293 1568 424 1644 vicinis
440 1567 528 1643 locis
546 1575 741 1654 morantur,
757 1577 794 1641 et
812 1565 1086 1664 proclamaverit
1102 1566 1285 1663 agendum
1309 1568 1377 1642 sibi
1403 1592 1509 1664 nego

294 1680 386 1753 tium
404 1678 441 1752 in
459 1679 554 1754 Urbe
572 1682 690 1753 Romae
706 1678 797 1753 alter
814 1677 1010 1776 Episcopus
1027 1679 1064 1751 in
1083 1680 1161 1755 eius
1178 1681 1345 1756 cathedra
1363 1691 1438 1779 post
1452 1706 1512 1779 ap·

291 1793 519 1891 pellationem
535 1793 614 1868 eius
630 1792 692 1890 qui
710 1792 947 1866 videturesse
964 1793 1144 1890 depositus
1160 1794 1305 1868 omuino
1328 1818 1399 1869 non
1417 1795 1508 1869 ordi·

291 1914 409 1995 netur,
426 1905 495 1979 nisi
514 1930 625 1980 causa
643 1903 806 1979 fueritin
833 1904 967 1979 iudicio
991 1906 1139 1979 Romani
1166 1908 1329 2004 Episcopi
1347 1907 1511 1982 determi-

293 2029 387 2092 nata.

847 2152 957 2236 XXII.

386 2352 493 2427 Osius
511 2352 717 2450 Episcopus.
734 2352 843 2426 Dixit.
862 2350 1005 2427 Placuit
1021 2361 1064 2426 ut
1087 2352 1118 2426 si
1144 2354 1340 2452 Episcopus
1364 2379 1511 2431 accusa·

290 2476 350 2540 tus
367 2465 478 2541 fuerit
493 2475 529 2540 et
542 2465 782 2541 iudicaverint
799 2464 1015 2560 cougregati
1034 2465 1200 2564 Episcopi
1214 2466 1374 2564 regionis
1386 2467 1510 2566 ipsius,

290 2591 326 2655 ot
342 2581 384 2655 de
409 2580 526 2676 gradu
552 2604 616 2654 suo
640 2580 838 2656 deiecerint
863 2604 957 2667 eum,
975 2578 1005 2652 si
1028 2578 1224 2677 appellasse
1249 2580 1425 2666 videatur,
1446 2581 1508 2680 qui

289 2695 446 2770 deiectus
465 2704 529 2774 est.
544 2706 582 2770 et
598 2695 804 2790 confugerit
820 2695 865 2769 ab
882 2691 1131 2767 beatissimum
1158 2693 1265 2768 Urbis
1283 2695 1402 2768 Romae
1427 2693 1509 2792 Epi·

289 2830 445 2905 scopum,
462 2817 499 2882 et
515 2806 696 2882 voluerint
713 2833 750 2883 se
769 2807 898 2894 audiri,
915 2805 946 2878 si
963 2805 1100 2878 iustum
1116 2806 1298 2903 putaverit
1310 2822 1352 2880 ut
1365 2831 1511 2882 renove-

287 2928 348 2993 tur
364 2944 524 3007 examen,
540 2920 694 2995 scribere
712 2909 769 2993 his
785 2919 959 3017 episeopis
977 2919 1151 3015 dignetur
1168 2919 1230 3017 qui
1248 2920 1287 2993 in
1304 2919 1459 2994 finitima
1468 2930 1508 2996 et

288 3033 483 3134 propinqua
500 3034 685 3131 provincia
701 3044 798 3123 sunt,
815 3045 857 3109 ut
873 3033 941 3131 ipsi
958 3033 1077 3107 omnia
1102 3033 1296 3128 diligenter
1318 3033 1508 3131 exquirant

289 3157 325 3222 et
349 3147 449 3222 iuxta
473 3148 576 3222 fidem
602 3148 769 3222 veritatis
797 3147 980 3223 definient.
1006 3147 1107 3234 Quod
1131 3147 1162 3220 si
1189 3147 1220 3220 is
1246 3158 1349 3243 rogat
1376 3147 1508 3222 iterum

288 3285 433 3335 causam
451 3285 554 3335 suam
572 3261 701 3349 audiri,
717 3271 754 3336 et
769 3262 1016 3359 deprecatione
1035 3288 1101 3336 sua
1119 3262 1270 3337 moverit
1295 3262 1510 3360 Episcopum

289 3376 387 3447 Rom.
404 3372 574 3449 Ecclesiae
591 3383 633 3448 ut
645 3399 665 3449 e
679 3373 792 3448 latere
809 3398 873 3449 suo
887 3374 1007 3449 mittat
1020 3375 1288 3473 Presbyterum,
1300 3375 1368 3449 erit
1381 3376 1418 3448 in
1432 3375 1509 3449 eius

290 3495 460 3584 potestate
489 3486 580 3584 quod
605 3485 695 3562 velit
725 3496 762 3562 et
785 3489 879 3586 quod
894 3488 1054 3565 estimet.
1081 3491 1126 3563 Et
1150 3488 1180 3562 si
1206 3488 1406 3563 decreverit
1430 3487 1511 3563 mit·

288 3598 412 3673 tendos
428 3622 505 3672 esse
521 3597 584 3696 qui
605 3609 798 3697 praesentes
823 3624 906 3675 cum
935 3601 1117 3700 Episcopis
1141 3599 1313 3690 iudicent,
1336 3601 1508 3677 habentes

288 3711 366 3786 eius
381 3710 669 3787 auctoritatema
694 3735 764 3809 quo
787 3711 955 3789 destinati
981 3721 1078 3802 sunt,
1102 3712 1172 3788 erit
1196 3713 1234 3786 in
1259 3737 1324 3788 suo
1348 3712 1506 3787 arbitrio.

288 3824 326 3896 Si
342 3847 427 3898 vero
443 3823 634 3898 crediderit
649 3824 813 3900 sufficere
832 3825 1021 3924 Episcopus
1037 3825 1277 3922 provinciales
1294 3835 1337 3900 ut
1361 3826 1506 3922 negotio

286 3936 480 4011 terminum
505 3936 700 4034 imponant,
726 3936 834 4012 faciet
859 3940 952 4037 quod
976 3938 1241 4036 sapientissimo
1265 3937 1414 4013 oonsilio
1439 3961 1504 4012 suo

288 4048 512 4125 iudicaverit.

834 4216 964 4300 XXIII.

359 4413 430 4501 Qui
446 4437 531 4490 vero
552 4417 700 4488 Romam
726 4415 903 4505 venerint,
920 4379 1026 4493 sicut¹
1041 4416 1179 4493 dictum
1195 4425 1261 4506 est,
1283 4412 1510 4491 sanctissimo

289 4527 391 4601 fratri
415 4529 627 4627 Coepiscopo
652 4540 773 4604 nostro
796 4531 965 4604 Romana
990 4528 1161 4606 Ecclesia
1186 4553 1308 4626 preces
1332 4551 1423 4626 quas
1448 4527 1509 4602 ha·
