3608 5498
808 425 847 441 ·-
873 391 938 455 220
964 424 1004 439 -

293 509 364 582 rari
384 509 468 583 dum
486 508 582 585 circa
601 508 707 583 falsos
725 508 924 584 sacerdotes
940 509 1015 607 ipse
1033 508 1154 584 taliter
1178 507 1305 584 extitit.
1331 508 1428 582 Idem
1455 512 1512 583 Iu·

290 621 425 697 baiano.
443 625 558 709 Quam
576 633 698 698 autem
716 621 956 719 periculosum
974 623 1075 699 sitin
1095 622 1229 697 divinis
1247 621 1353 697 rebus
1369 632 1411 697 ut
1433 622 1514 721 quis

288 734 401 809 cadat
419 735 497 810 iure
516 759 581 809 suo
597 745 633 810 ct
651 744 834 833 potestate,
854 736 1032 834 scriptura
1050 747 1174 834 sancta
1192 735 1360 824 declarat,
1374 763 1457 813 cum
1475 737 1513 810 in

287 849 435 924 Genessi
454 851 551 923 Esau
568 850 745 946 primatus
770 872 854 924 suos
879 850 961 924 inde
986 849 1187 948 perdiderit,
1216 874 1284 925 nec
1306 850 1462 949 recipere
1478 850 1514 926 id

287 961 508 1060 postmodum
527 963 692 1060 potuerit,
709 985 779 1059 quo
796 963 905 1038 semel
923 962 1108 1038 concessit.

872 1189 927 1273 01.

384 1415 566 1515 Cypriane
580 1416 704 1514 Papati
719 1415 924 1513 Presbyteri
936 1424 972 1490 et
986 1417 1132 1491 Diaconi
1147 1420 1265 1491 Romae
1277 1416 1513 1492 consistentes

291 1528 456 1603 salutem.
471 1531 516 1603 Et
533 1537 610 1625 post
624 1553 745 1626 pauca.
761 1531 828 1603 Pro
839 1539 902 1604 tua
916 1528 1079 1624 ingenita
1093 1529 1271 1604 industria
1284 1529 1513 1606 consiliorum

288 1651 445 1728 tuorum,
454 1664 517 1714 nos
527 1650 600 1714 tam
611 1640 747 1716 iudices
760 1640 906 1715 voluisti
919 1665 1025 1738 quam
1037 1643 1227 1741 participes
1240 1643 1408 1733 inveniri,
1422 1653 1463 1717 ut
1476 1644 1514 1717 in

287 1753 361 1828 tuis
376 1753 521 1850 regibus
534 1753 648 1849 gestis
661 1753 801 1829 laudem
815 1763 933 1829 tecum
950 1755 1112 1830 dumille
1130 1757 1318 1854 probamus
1335 1757 1514 1832 invenire·

292 1893 385 1956 mus,
394 1877 430 1941 et
442 1865 672 1941 consiliorum
687 1877 829 1941 tuorum
843 1867 1013 1943 bonorum
1024 1879 1097 1944 tam
1108 1870 1306 1960 coheredes,
1318 1895 1426 1968 quam
1435 1895 1515 1947 oon-

289 1981 487 2054 firmatores
505 2004 581 2054 esse
599 2003 790 2077 possemus.
811 1982 911 2069 Quod
928 1980 1024 2056 enim
1051 1981 1168 2078 magis
1192 1983 1310 2056 autin
1329 2008 1415 2081 pace
1439 1994 1515 2059 tam

290 2103 498 2192 aptum,aut
507 2093 543 2165 in
553 2092 657 2167 bellis
667 2094 947 2192 persecutionem
957 2096 1412 2194 tamnecessarium,quam
1422 2096 1516 2172 debi-

291 2216 366 2282 tam
380 2206 608 2282 severitatem
626 2207 740 2281 divini
755 2207 886 2303 rigoris
902 2213 1052 2283 tenere?
1069 2233 1176 2306 quam
1189 2209 1251 2306 qui
1270 2209 1450 2285 remiserit
1462 2209 1515 2282 in·

286 2320 406 2396 stabili
428 2345 548 2395 rerum
566 2344 675 2395 cursu
692 2332 788 2395 erret
800 2344 938 2418 semper
951 2345 1105 2396 necessae
1130 2331 1195 2411 est,
1215 2332 1252 2397 et
1264 2321 1336 2399 huo
1349 2333 1457 2420 atque
1473 2323 1515 2397 il·

288 2433 349 2509 luc
370 2434 483 2508 variis
500 2445 536 2509 et
548 2433 696 2509 incertis
713 2434 938 2530 negotiorum
960 2435 1231 2532 tempestatibus
1247 2435 1449 2533 dissipetur.
1467 2438 1514 2510 Et

286 2547 388 2646 quasi
398 2556 533 2622 extorto
542 2547 584 2621 de
600 2547 764 2622 manibus
778 2547 1007 2624 consiliorum
1022 2548 1279 2646 gubernaculo,
1297 2576 1426 2626 navem
1446 2577 1511 2627 aeo-

286 2661 497 2737 clesiasticae
506 2660 818 2737 salutisinlidatin
831 2663 1001 2760 scopulos.
1012 2663 1170 2760 Antiqua
1182 2664 1259 2739 baec
1276 2663 1369 2761 apud
1385 2688 1448 2740 nos
1461 2687 1515 2738 se·

286 2775 433 2865 veritas,
442 2776 590 2874 antiqua
601 2775 696 2864 fides,
705 2775 853 2873 antiqua
863 2775 1180 2874 disciplina,'quam
1190 2801 1255 2851 nec
1268 2785 1387 2851 tantas
1398 2777 1441 2852 de
1454 2800 1512 2852 no

286 2889 342 2964 bis
356 2888 477 2964 laudes
486 2888 664 2986 apostolus
676 2888 865 2988 protulisse
879 2888 1035 2964 dicendo.
1044 2887 1136 2976 Quia
1147 2887 1362 2963 fidesvestra
1372 2915 1513 2964 annun·

288 3002 402 3077 tiatur
412 3003 450 3075 in
463 3012 536 3077 toto
549 3002 690 3088 mundo,
704 3002 775 3075 nisi
793 3002 862 3075 iam
882 3002 1008 3078 exinde
1021 3002 1126 3098 vigor
1143 3002 1211 3076 iste
1227 3001 1363 3076 radices
1376 3003 1457 3076 fidei
1470 3004 1513 3078 de

287 3116 505 3214 temporibus
514 3115 587 3190 illis
601 3125 787 3191 mutuatus
800 3117 937 3192 fuisset.
951 3119 1110 3202 Quarum
1120 3115 1260 3190 laudem
1274 3125 1310 3189 et
1318 3115 1444 3212 gloriae
1455 3117 1513 3192 de·

287 3254 457 3328 generem
467 3231 589 3319 fuisse,
602 3231 798 3305 maximum
812 3231 949 3306 crimen
958 3230 1154 3306 estMinus
1162 3239 1216 3304 est
1225 3229 1320 3305 enim
1331 3231 1513 3306 dedecoris

287 3367 472 3440 nunquam
486 3344 580 3440 apud
592 3353 811 3418 conventum
824 3344 965 3418 laudem
979 3343 1182 3431 accessisse,
1191 3367 1300 3440 quam
1310 3343 1351 3419 de
1362 3344 1511 3441 fastigio

289 3454 404 3529 laudis
418 3455 542 3531 ruisse.
555 3458 602 3530 Et
611 3457 714 3530 infra.
729 3456 833 3532 Absit
850 3457 946 3531 enim
963 3484 983 3531 a
1001 3461 1158 3532 Romana
1172 3457 1333 3532 aecclesia
1350 3458 1511 3554 vigorem

288 3597 395 3644 suum
409 3579 482 3643 tarn
496 3570 676 3669 prophana
689 3571 860 3646 facilitate
871 3570 1060 3658 dimittere,
1073 3581 1109 3646 et
1122 3594 1250 3644 nervos
1263 3571 1465 3646 severitatis
1479 3596 1511 3646 c·

287 3709 391 3760 versa
409 3684 489 3759 fidei
512 3685 694 3760 maiestate
707 3684 910 3772 dissolvere,
928 3693 969 3758 ut
981 3709 1064 3761 oum
1077 3682 1195 3759 adhuc
1215 3706 1285 3757 non
1305 3693 1447 3758 tantum
1461 3684 1511 3760 ia·

287 3808 403 3888 ceant,
416 3800 476 3874 sed
492 3799 597 3875 cadat
609 3823 813 3875 eversorum
831 3799 985 3872 fratrum
1003 3797 1127 3887 ruinae,
1140 3807 1325 3893 properata
1339 3797 1448 3871 nimis
1461 3823 1513 3874 re·

288 3914 402 3989 media
412 3913 776 3990 communicationum
786 3913 910 4009 utique
924 3933 993 3985 non
1007 3910 1192 4008 profutura
1205 3921 1429 4008 praestentur.
1439 3911 1508 3988 Ubi

288 4028 383 4102 enim
397 4028 525 4126 poterit
538 4026 754 4125 paenitentiae
764 4025 939 4100 medicina
952 4021 1136 4121 procedere
1150 4021 1180 4095 si
1193 4022 1301 4097 etiam
1315 4022 1389 4120 ipse
1405 4024 1511 4099 medi·

287 4166 352 4216 cus
365 4141 563 4239 intercepta
581 4140 777 4238 penitentia
791 4139 958 4235 indulget
970 4134 1169 4234 periculum
1180 4139 1198 4209 ἵ)
1211 4139 1287 4212 Ηοο
1299 4158 1369 4210 non
1383 4147 1438 4212 est
1451 4162 1512 4212 cu-

288 4255 709 4342 rare,seddicereverum
720 4253 887 4328 volumus
895 4251 1227 4328 occiderc.Etinfra.
1235 4252 1366 4338 Quales
1375 4251 1513 4327 litteras

286 4367 325 4439 in
347 4366 508 4441 Siciliam
527 4391 665 4466 quoque
688 4366 903 4454 miserimus,
917 4365 1097 4440 subiectas
1113 4364 1269 4440 habebis.
1286 4369 1513 4463 Quamquam

289 4479 391 4558 nobis
407 4479 598 4560 differenda
614 4480 724 4557 huius
742 4481 793 4557 rei
811 4479 1006 4558 necessitas
1031 4479 1143 4556 maior
1168 4479 1355 4557 incumbat
1380 4479 1513 4579 quibus
