3608 5498
808 351 849 372 .-
874 318 940 381 518
968 353 1006 366 -

288 434 507 509 dinationem
526 434 677 510 faciatis.
695 434 844 510 Photius
864 435 1036 533 patricius
1052 436 1151 511 dixit.
1168 440 1241 511 Nos
1267 438 1414 511 tertium
1440 439 1513 512 iam

290 574 425 621 annum
446 547 483 620 in
509 547 719 623 sacerdotali
744 549 870 623 throno
895 549 1076 638 habentes,
1100 575 1214 647 neque
1240 550 1388 648 pallium
1417 552 1516 624 misi·

288 687 381 748 mus,
398 685 513 758 neque
530 660 769 736 ordinationes
785 662 925 760 aliquas
943 663 1093 740 fecimus
1106 664 1165 737 ibi.
1178 667 1267 738 ltem
1283 667 1321 737 P.
1339 665 1513 762 presbiter

287 773 386 848 dixit.
404 773 603 868 Gregorius
619 772 782 870 dialogus
795 775 997 873 episcopum
1013 777 1201 852 Dalmatia
1214 787 1353 874 propter
1366 804 1511 854 accusa·

194 910 197 915 ’
288 887 402 962 tiones
418 887 587 985 quasdam
608 887 801 984 expellens
818 891 949 964 iterum
969 891 1006 964 in
1026 892 1205 989 proprium
1224 891 1392 966 thronum
1411 894 1513 969 resti·

289 999 371 1087 tuit,
388 1009 423 1073 ot
441 999 621 1074 Zacharire
638 1001 799 1100 episcopo
816 1026 837 1073 a
854 1003 1025 1079 Nicholao
1040 1008 1134 1103 Papa
1147 1005 1313 1102 deposito,
1330 1006 1512 1082 Adrianus

289 1117 385 1213 Papa
404 1117 580 1212 propriam
599 1114 796 1189 aecclesiam
816 1117 978 1191 reddidit.
995 1121 1096 1192 Item.
1110 1117 1176 1191 His
1190 1117 1362 1215 exemplis
1379 1119 1514 1193 instru-

288 1238 369 1303 ctus
387 1231 483 1326 Papa
508 1228 683 1303 lohannes
706 1230 820 1304 reddit
837 1232 1028 1306 sanctitate
1045 1240 1105 1305 tue
1133 1231 1313 1328 proprium
1333 1230 1512 1307 thronum.

288 1339 438 1414 Photins
455 1340 628 1437 patricius
646 1341 744 1416 dixit.
759 1343 902 1417 Gratias
919 1366 988 1439 ago
1006 1346 1090 1432 Dee,
1110 1353 1146 1416 et
1163 1342 1389 1417 sanctissimo
1407 1346 1512 1440 Papae

292 1464 411 1528 nostro
427 1453 587 1528 Iohanni.

374 1641 533 1694 Iohannes
544 1652 635 1707 papa
647 1642 811 1707 episcopis
824 1642 887 1695 sub
901 1642 1255 1707 constantinopolitana
1272 1642 1430 1696 aecclesia.

811 1731 903 1783 Actio
924 1732 978 1782 111.

385 1914 567 2007 Rogamus
584 1912 732 1985 fratrem
755 1913 983 1987 sanctitatem
1011 1922 1179 1999 vestram,
1196 1924 1236 1986 ut
1262 1914 1406 2009 regione
1423 1914 1508 1986 Bul-

289 2023 391 2119 garie
408 2048 514 2122 quarn
527 2028 621 2098 Deus
636 2050 697 2122 per
714 2025 1003 2101 intercessionem
1021 2025 1166 2123 apostoli
1185 2027 1291 2115 Petri,
1304 2039 1339 2100 et
1353 2026 1508 2103 laborem

291 2137 511 2211 sanctissimi
527 2141 630 2235 Papoe
644 2139 781 2213 Nicolai
800 2139 1099 2226 convertitnobis
1118 2139 1281 2213 reddatis.
1290 2142 1379 2212 Item
1390 2139 1514 2214 Iohan-

288 2273 350 2322 nes
360 2271 453 2348 'papa
467 2251 692 2348 apocrisariis
706 2252 791 2326 suis.
802 2251 1041 2328 Venientibus
1054 2250 1154 2325 vobis
1164 2251 1506 2348 Constantinopolim

288 2361 348 2436 ubi
374 2364 540 2460 praecepit
565 2365 756 2461 imperator
783 2392 934 2441 manere.
952 2367 1045 2442 Cum
1072 2390 1154 2441 voro
1171 2376 1254 2441 ante
1271 2392 1353 2439 enm
1373 2366 1512 2441 veneri-

288 2476 335 2548 tis
352 2476 409 2549 his
435 2477 553 2550 verbis
579 2477 776 2553 salutantes
802 2505 883 2554 eum
915 2479 1101 2576 epistolam
1127 2479 1265 2553 dabitis.
1290 2479 1446 2554 Inclinat
1471 2504 1509 2554 se

287 2589 485 2686 spiritualis
502 2598 602 2687 pater
620 2601 736 2665 voster
753 2592 901 2689 imperio
920 2604 1039 2667 restro
1054 2593 1205 2666 domnus
1232 2593 1408 2666 lohannes
1432 2615 1511 2690 apo·

287 2701 434 2776 stolicns
451 2727 540 2800 papa
559 2713 766 2801 potestatem
786 2715 947 2780 vestram
968 2732 1028 2803 per
1046 2706 1210 2801 singulos
1227 2706 1302 2780 dies
1324 2705 1361 2777 in
1386 2704 1511 2779 oratio-

287 2818 393 2892 nibus
411 2820 487 2892 suis
504 2822 576 2893 Deo
593 2820 853 2895 commendans.
872 2823 971 2893 Item.
986 2818 1023 2892 Si
1037 2819 1191 2893 voluerit
1210 2818 1399 2915 imperator
1412 2827 1512 2892 ante·

288 2956 395 3030 quarn
409 2933 579 3029 legantur
592 2935 738 3032 epistole
752 2957 964 3029 cognoscere
983 2933 1141 3030 capitula
1158 2931 1350 3027 legationis
1367 2940 1508 3017 restrae,

291 3047 343 3123 sic
361 3049 614 3145 respondebitis
632 3050 675 3124 ci.
694 3049 732 3121 Si
750 3050 865 3148 placet
883 3047 1030 3143 imperio
1051 3056 1123 3134 tuo,
1140 3045 1331 3119 audiantur
1348 3043 1512 3141 episcopi.

291 3164 329 3234 Si
347 3187 432 3237 vero
449 3163 629 3261 quesierit,
651 3164 742 3261 quod
767 3188 786 3237 e
812 3159 967 3260 epistolae
985 3159 1178 3248 continent,
1197 3157 1451 3256 respondebitis
1468 3158 1513 3245 oi,

291 3258 540 3351 inclinationes
559 3279 681 3373 pietati
701 3288 784 3365 tuae,
802 3287 838 3352 et
855 3276 1117 3352 aeclesiastica
1131 3276 1229 3372 pacis
1243 3273 1513 3372 plenitudinem.

292 3392 334 3462 ln
352 3391 550 3464 crastinum
570 3390 762 3464 visitabitis
777 3391 941 3464 Photium
961 3388 1213 3488 patriarcham,
1226 3398 1261 3462 et
1279 3388 1441 3462 redentes
1458 3384 1513 3458 illi

290 3501 472 3598 epistolam
492 3512 648 3576 nostram
667 3502 872 3577 salutabitis
890 3527 971 3578 eurn
991 3503 1158 3577 decenter
1182 3501 1239 3574 his
1265 3499 1393 3587 verbis,
1410 3494 1534 3572 incli?

289 3625 353 3688 nat
370 3640 408 3689 so
426 3615 490 3689 tibi
508 3615 659 3689 domnus
684 3626 804 3690 noster
821 3616 995 3690 Iohannes
1013 3619 1109 3712 Papa
1133 3613 1356 3713 apostolicus
1374 3623 1409 3689 et
1434 3610 1517 3686 vult

291 3727 420 3804 habere
439 3739 473 3804 te
491 3729 638 3804 lintrem
656 3740 693 3804 et
710 3729 938 3805 sacerdotem.
957 3732 1055 3804 Item.
1070 3728 1291 3827 Precipimus
1308 3738 1349 3801 ut
1367 3726 1516 3801 Photius

292 3843 496 3941 patriarcha
513 3845 635 3919 veniat
656 3867 775 3919 coram
800 3843 901 3919 vobis
926 3844 964 3918 in
990 3844 1180 3941 synodum,
1196 3852 1232 3916 et
1258 3840 1406 3937 recipiat
1431 3864 1514 3914 eum

289 3958 406 4031 omnis
435 3957 587 4033 ecclesia
619 3959 816 4034 secundum
842 3966 1057 4056 pracceptum
1084 3955 1288 4030 litterarum
1313 3961 1515 4027 nostrarum

179 4125 181 4129 ,
291 4069 470 4169 recipietis
487 4082 606 4145 autern
624 4095 707 4145 eum
725 4085 761 4144 et
779 4094 841 4145 vos
857 4070 895 4143 in
909 4070 1131 4157 comunione,
1141 4080 1182 4142 ut
1194 4068 1332 4165 gratias
1345 4076 1432 4164 agat
1443 4067 1515 4139 Deo

290 4194 326 4257 ct
343 4194 477 4259 sanctae
492 4189 657 4260 Romanae
675 4184 853 4259 aeclesiae.
863 4187 963 4258 Item.
974 4186 1173 4280 Surgentes
1186 4182 1304 4258 dicite.
1314 4181 1416 4256 Photi
1431 4205 1517 4278 prae·

290 4297 385 4394 oepit
402 4297 553 4372 domnus
571 4309 689 4373 noster
704 4301 799 4396 Papa
819 4307 858 4370 ut
875 4321 996 4372 ornnes
1013 4299 1090 4372 sire
1108 4296 1272 4394 episcopi,
1289 4295 1367 4369 sive
1384 4293 1516 4391 presbi-

291 4410 373 4499 teri,
383 4411 460 4487 sive
474 4412 624 4512 quilibet
640 4412 714 4502 alii,
727 4412 787 4514 qui
805 4437 918 4515 usque
936 4411 1037 4487 modo
1053 4409 1234 4487 noluerint
1250 4406 1516 4485 communicare
