3608 5498
802 396 999 461 -455-

289 512 494 589 bominibus
503 512 639 590 Christi
652 538 728 590 esse
742 513 981 610 cognoscitur.
990 518 1081 589 Item
1095 514 1138 588 in·
1147 514 1249 590 lib.V
1263 526 1386 614 eontra
1397 519 1512 594 Dona·

291 630 404 706 tistas.
421 628 525 705 Sicut
540 629 613 704 ficti
628 629 804 704 veraciter
816 628 979 704 conversi
995 626 1230 726 recipiuntur,
1243 654 1309 705 nee
1322 639 1441 706 tamen
1456 656 1511 709 eo·

289 768 371 817 rum
388 740 564 839 baptisma
582 740 800 840 reprobatur,
813 740 866 816 sie
879 751 915 817 et
928 741 1093 840 illaque
1104 742 1315 840 scysmatici
1329 743 1388 819 vel
1401 744 1511 835 haere7

290 857 352 932 tici
375 880 445 930 non
469 853 574 931 aliter
590 856 735 946 habent,
759 880 826 931 nec
850 854 956 929 aliter
972 865 1091 951 agunt
1107 879 1215 954 quam
1238 880 1324 932 vem
1346 857 1510 933 aecclesia

289 996 373 1047 cum
391 969 516 1045 advos
533 969 726 1045 inveniunt
745 993 815 1045 uon
841 969 937 1044 enim
962 967 1090 1042 damus
1114 969 1176 1069 sed
1201 969 1319 1065 potius
1343 970 1511 1070 approba·

290 1111 382 1160 mus.
391 1088 481 1161 Item
494 1084 532 1157 in
546 1085 740 1161 eodemlta
752 1108 839 1181 ergo
856 1108 901 1158 ne
918 1080 1005 1156 foris
1022 1081 1117 1158 sieut
1130 1106 1194 1158 nec
1208 1083 1307 1157 intus
1319 1085 1511 1183 quisquam‘

290 1225 335 1275 ex
352 1207 451 1296 parte
468 1197 597 1273 diaboli
615 1207 670 1273 est
686 1207 801 1296 potest
818 1196 876 1274 vel
891 1198 928 1270 in
948 1221 985 1271 se
1003 1195 1062 1271 vel
1077 1196 1114 1269 in
1133 1219 1311 1294 quoquam
1329 1197 1510 1273 maculare

290 1322 554 1389 sacramentum
574 1312 665 1411 quod
683 1311 817 1388 Christi
836 1321 899 1387 est.
916 1310 1014 1385 Idem
1035 1310 1079 1385 ad
1096 1309 1403 1385 Donatistasvm
1424 1335 1511 1407 ergo

291 1426 480 1503 mutamini
499 1451 543 1502 ex
559 1450 599 1501 ea
617 1435 717 1524 parte
730 1449 800 1523 qua
813 1423 1087 1508 dissentiebatis,
1104 1423 1270 1521 quamvis
1288 1435 1511 1499 sacramenta

289 1566 368 1639 qum
389 1539 537 1628 habetis,
554 1564 637 1615 cum
663 1537 783 1613 eadem
810 1537 883 1613 sint
908 1537 946 1610 in
972 1537 1147 1624 omnibus
1165 1547 1290 1612 sancta
1316 1537 1399 1611 siut.
1416 1542 1509 1612 Nam

289 1663 513 1730 sacramenta
539 1676 618 1750 quae
642 1674 712 1725 non
738 1650 916 1737 mutastis,
941 1649 1037 1725 sicut
1061 1649 1200 1725 habetis
1225 1649 1465 1749 approbantur
1489 1677 1513 1726 a

289 1767 452 1843 nobisne
470 1767 559 1842 forte
576 1790 658 1841 cum
677 1774 831 1840 vestram
851 1763 1065 1862 pravitatem
1083 1763 1262 1859 corrigere
1279 1762 1458 1853 volumus,
1469 1763 1513 1837 il·

288 1881 334 1955 lis
359 1880 530 1955 misteriis
547 1878 682 1955 Christi
704 1903 783 1977 quar
807 1879 844 1952 in
871 1887 991 1952 vestra
1022 1875 1198 1973 pravitate
1223 1876 1415 1974 depravata
1440 1901 1510 1952 non

289 2006 385 2085 sunt,
402 1994 615 2090 sacrilegam
637 1993 816 2069 'laniamus
833 1989 1013 2065 iniuriam.
1029 1992 1154 2088 Neque
1171 1989 1268 2064 enim
1285 1988 1372 2063 Saul
1390 1990 1511 2088 depra-

291 2119 440 2184 vaverat
457 2107 662 2182 unctionem
681 2130 788 2204 quam
814 2115 1011 2202 acceperat,
1029 2104 1088 2179 eui
1114 2103 1274 2178 unctioni
1293 2113 1434 2177 tantum
1451 2103 1513 2178 ho-

289 2246 412 2297 norem
431 2247 499 2303 rex,
508 2220 624 2294 David
643 2220 723 2318 pius
740 2219 804 2294 Dei
823 2243 951 2294 servus
976 2216 1147 2291 exhibuit.
1164 2216 1259 2292 Idem
1287 2217 1324 2290 in
1350 2241 1510 2293 sermone

291 2339 518 2411 Pentecostes
534 2332 641 2409 cuius
657 2332 801 2406 initium
820 2341 883 2407 est.
900 2334 1049 2429 Propter
1064 2332 1269 2407 adventum.
1288 2335 1391 2407 Unus
1407 2332 1511 2407 homo

290 2447 429 2544 linguis
446 2447 605 2522 omniurn
623 2446 786 2543 gentium
806 2445 1024 2544 loquebatur.
1043 2448 1135 2520 Ecce
1151 2445 1283 2520 etenim
1301 2455 1337 2521 et
1353 2445 1414 2522 hic
1431 2446 1512 2520 uni-

289 2575 345 2639 tas
361 2561 530 2638 aecclesiae
547 2561 815 2637 commendatur
833 2585 895 2659 per
911 2570 1026 2635 totum
1043 2559 1163 2636 orbem
1184 2558 1321 2635 diffuse.
1338 2560 1407 2648 Qui
1425 2584 1512 2658 ergo

288 2677 395 2751 habet
406 2675 579 2772 Spiritum
594 2682 771 2763 sanctum,
784 2675 821 2749 in
840 2673 1000 2750 aeclesia
1013 2682 1068 2748 est
1080 2697 1160 2771 quar
1177 2672 1335 2772 loquitur
1350 2674 1511 2750 omnium

290 2790 439 2887 linguis.
452 2789 680 2888 Quicumque
698 2799 826 2885 praeter
842 2788 937 2864 hanc
950 2789 1148 2865 aecclesiam
1166 2814 1233 2865 non
1248 2800 1390 2880 estnon
1404 2789 1511 2868 babet

290 2905 465 3003 Spiritum
488 2914 664 2979 sanctum.
680 2906 728 2979 Et
752 2904 856 2978 infra.
873 2904 1057 2979 Attendite
1082 2927 1170 3000 ergo
1190 2905 1319 2980 fratres
1335 2905 1373 2979 in
1391 2915 1511 2981 vestro

291 3041 435 3115 corpore
452 3027 488 3092 et
504 3016 618 3093 dolete
636 3040 695 3092 eos
708 3018 770 3115 qui
782 3018 825 3092 de
842 3017 1003 3094 aecclesia
1022 3018 1327 3116 praeeiduntur.1n
1342 3019 1511 3096 membris

288 3131 420 3206 nostris
437 3131 596 3230 quandiu
612 3131 690 3205 vivi
716 3158 842 3205 sumus
863 3157 946 3206 curn
969 3131 1049 3205 sani
1066 3157 1203 3221 sumus,
1221 3131 1371 3230 implent
1391 3133 1510 3207 omnia

291 3245 449 3322 membra
468 3271 532 3320 sna
550 3246 675 3323 officia.
688 3246 727 3320 Si
744 3272 858 3320 unum
877 3247 1076 3322 membrum
1094 3247 1188 3323 dolet
1203 3247 1359 3338 aliunde,
1371 3272 1511 3347 compa·

291 3359 433 3434 tiuntur
448 3359 566 3433 omnia
581 3359 751 3434 membra.
759 3363 956 3458 Tamquam
975 3362 1012 3435 in
1030 3385 1173 3459 corpore
1185 3371 1250 3451 est,
1258 3360 1374 3437 dolere
1388 3373 1511 3460 potest

290 3478 365 3549 lam
384 3473 515 3549 verosi
535 3473 734 3549 membrum
752 3473 966 3572 praecidatur
982 3475 1025 3550 de
1042 3499 1186 3574 corpore
1204 3476 1379 3574 numquid
1395 3478 1511 3575 sequi-

291 3597 352 3662 tur
370 3586 514 3684 ipsum?
532 3588 579 3660 Et
596 3595 715 3661 tamen
734 3586 932 3662 membrum
959 3589 1179 3685 agnoscitur.
1197 3589 1292 3677 Quid
1317 3595 1399 3666 est?
1420 3591 1512 3688 digi-

291 3712 352 3776 tus
369 3712 433 3790 est,
453 3726 581 3774 manus
597 3710 662 3788 est,
679 3701 865 3777 brachium
883 3716 949 3792 est,
960 3702 1060 3776 auris
1077 3712 1140 3778 est.
1155 3706 1287 3779 Praeter
1304 3727 1433 3802 corpus
1449 3704 1512 3778 ha·

290 3817 349 3891 bet
368 3817 529 3902 formam,
545 3838 614 3889 nou
632 3814 739 3890 habet
756 3816 879 3890 vitam.
896 3817 956 3894 Sic
969 3827 1005 3892 et
1021 3817 1125 3892 homo
1137 3817 1183 3892 ab
1194 3817 1356 3893 aecclesia
1373 3843 1512 3916 separa·

291 3928 508 4018 tusQumris
520 3928 564 4002 ab
578 3927 640 4003 illo
653 3934 943 4006 sacramentum?
956 3930 1108 4007 invenis.
1118 3931 1258 4017 Quaeris
1269 3930 1511 4031 baptismum?

291 4044 442 4120 invenis.
458 4044 597 4134 Quaeris
614 4043 845 4142 symbolum?
861 4043 1013 4119 iuvenis.
1027 4047 1154 4118 Forma
1167 4052 1232 4132 est,
1244 4042 1315 4117 nisi
1328 4043 1427 4119 intus
1443 4044 1512 4142 spi-

292 4159 384 4234 ritus
405 4167 605 4255 vegetetur,
629 4158 766 4232 frustra
791 4158 877 4233 soris
902 4159 945 4233 de
969 4159 1084 4233 forma
1108 4157 1295 4254 gloriatur.
1319 4157 1511 4233 Karissimi

292 4270 448 4345 multum
476 4273 590 4347 Deum
615 4272 840 4347 commendat
864 4272 1050 4347 unitatem.
1067 4270 1163 4347 Idem
1181 4296 1289 4371 super
1309 4272 1516 4349 Iohannem.

293 4384 448 4483 Spiritus
473 4387 612 4484 estqui
642 4386 813 4462 vivificat.
839 4386 997 4486 Spiritus
1012 4385 1108 4460 enim
1127 4386 1216 4462 facit
1233 4386 1318 4459 viva
1345 4386 1512 4477 membra,

288 4525 359 4578 nee
376 4498 461 4573 viva
479 4498 635 4606 membra
654 4498 810 4598 Spiritus
835 4498 923 4576 facit
939 4498 1106 4598 nisique
1120 4498 1161 4575 in
1178 4498 1432 4605 corpom.quod
1452 4523 1513 4604 ve·
