3608 5498
796 446 837 464 -
860 412 927 478 aas
953 443 992 462 -

794 566 1000 651 cxxxnss.

570 740 619 792 Ex
637 740 721 794 llbro
739 742 817 794 vitas
837 743 986 797 Iohannis
1005 710 1224 796 chrisostomi.

381 875 616 949 Beatissimo·
632 877 862 952 Innocentius
880 880 975 975 Papa
992 881 1173 952 Romanus
1188 876 1339 952 audiens
1358 877 1503 953 beatum

288 985 685 1065 Chrisostomum'tanta
705 1014 748 1065 ao
766 990 852 1065 talia
869 989 963 1063 mala
983 990 1173 1088 pertulisse
1184 989 1229 1065 ab
1242 991 1400 1067 inimicis
1417 990 1504 1077 suis,

288 1097 393 1174 valde
409 1101 642 1176 contristatus
658 1111 723 1190 est,
740 1112 776 1178 et
792 1110 967 1200 quantum
992 1101 1147 1178 licuit-ei
1168 1102 1350 1191 canonicis
1374 1103 1506 1180 ictibus

271 1210 510 1286 incuriosum
529 1214 777 1311 imperatorem
796 1238 878 1288 cum
892 1216 1045 1312 pessima
1058 1216 1296 1313 imperatrice,
1308 1226 1505 1292 etcunctos

289 1325 499 1422 superstites
515 1325 736 1401 adversarios
753 1326 911 1402 eiusdem
928 1326 1022 1401 beati
1047 1326 1217 1402 Iohannis
1241 1328 1433 1404 durissime
1458 1329 1504 1404 fe

292 1436 365 1526 riit,
380 1438 446 1514 hoc
463 1449 518 1514 est
534 1440 860 1515 excommunicavit
883 1437 1067 1527 acerrime,
1083 1439 1274 1539 apostolica
1293 1440 1506 1516 auctoritate

288 1548 381 1623 beati
400 1552 497 1626 Petri
516 1576 579 1648 par
596 1553 753 1649 proprias
766 1551 897 1629 ,iubens
914 1551 1080 1649 epistolas
1096 1554 1283 1650 segregari
1301 1576 1360 1628 eos
1376 1578 1398 1626 a
1419 1578 1507 1628 cun·

290 1662 358 1737 ctis
375 1663 578 1739 celestibus
595 1665 841 1740 sacramentis.
858 1664 1037 1752 Quosdam
1054 1689 1098 1740 ex
1114 1665 1202 1763 ipsis
1218 1690 1263 1742 ex
1286 1665 1354 1740 hoc
1370 1665 1477 1740 satisf
1497 1705 1510 1720 ·

290 1775 426 1851 cientes
443 1786 521 1876 post
538 1776 792 1866 reconciliavit,
804 1785 841 1852 et
854 1786 895 1851 ut
907 1769 1168 1852 describeretur
1184 1802 1227 1853 ac
1242 1778 1456 1852 recitaretur
1469 1777 1508 1850 in

291 1888 509 1963 orationibus
526 1889 785 1965 nomen‘sancti
803 1888 972 1964 Iohannis
996 1913 1080 1964 cum
1106 1888 1310 1963 nominibus
1334 1889 1509 1987 episcopo

291 2025 372 2073 rum
389 2001 483 2075 sedis
499 2026 574 2075 suae
592 2001 787 2090 mandavit,
803 2011 911 2098 atque
931 2000 976 2074 ad
992 2000 1141 2076 eandem
1159 2000 1278 2076 sedem
1300 2001 1389 2076 satis
1407 2024 1505 2076 rere·

292 2113 441 2188 rendum
459 2138 587 2212 corpus
603 2114 683 2190 eius
698 2138 782 2189 cum
799 2113 926 2189 timore
946 2137 1078 2210 magno
1102 2125 1139 2189 ct
1163 2114 1295 2189 honore
1306 2164 1309 2169 -
1320 2112 1433 2189 multu
1457 2137 1510 2189 re

292 2227 411 2302 vocari
431 2226 607 2325 pracepit.

816 2408 985 2493 CXXXI.

418 2612 468 2663 Ex
486 2610 610 2678 ystoria
628 2609 791 2663 Anastasit
807 2610 1046 2664 huvtotheearil
1062 2610 1218 2662 Romam
1236 2609 1389 2662 Ecclests.

391 2789 517 2864 Mundi
546 2810 639 2863 anno
670 2777 924 2865 VDCCCLVI.
954 2787 1095 2862 Divinae
1127 2786 1389 2862 Incarnationis
1417 2808 1512 2859 anno

294 2899 467 2975 CCCLVI
483 2901 664 2977 orthodoxi
680 2910 910 2977 accesserunt
925 2900 971 2975 ad
988 2899 1284 2974 Valentinianum
1309 2923 1372 2996 per
1389 2901 1513 2996 Hypa-

292 3011 385 3086 tium
410 3013 613 3112 episcopum
639 3012 826 3102 Heraclia,
852 3014 1082 3110 deprecantes
1107 3036 1194 3111 quos
1211 3012 1288 3087 fieri
1313 3021 1512 3087 conventus

292 3127 511 3224 praeciperet,
528 3152 634 3224 super
651 3127 867 3202 correctione
885 3125 1062 3222 dogmatis
1079 3125 1245 3200 omousio.
1263 3124 1320 3199 Ad
1337 3147 1424 3222 quos
1442 3127 1514 3197 Va-

294 3238 525 3328 lentinianus,
551 3239 639 3313 mihi
665 3239 783 3337 inquit
808 3263 891 3314 cum
918 3237 1077 3312 subiecto
1094 3236 1232 3335 popule,
1248 3235 1291 3311 de
1307 3234 1511 3310 huiusmodi

294 3352 449 3448 negotiis
465 3352 604 3428 curiose
620 3376 729 3446 agere
746 3352 800 3425 fas
816 3374 886 3425 non
904 3359 968 3424 est.
986 3352 1035 3424 Ut
1059 3369 1147 3443 ergo
1170 3347 1313 3422 videtur
1338 3345 1439 3421 vobis
1461 3371 1514 3419 sa·

294 3464 495 3538 cerdatibus
508 3463 625 3538 facite.
635 3460 897 3538 Convenientes
909 3461 1002 3559 apud
1016 3464 1226 3558 Lapsacum,
1238 3468 1276 3534 et
1288 3458 1424 3533 duobus
1437 3457 1514 3534 illio

295 3577 477 3651 mensibus
494 3575 701 3651 commorati
719 3573 912 3649 novissime
928 3573 1031 3648 irrita
1049 3572 1178 3661 facere,
1194 3595 1274 3670 quta
1290 3571 1335 3646 ab
1347 3570 1515 3661 Eudoxio,

295 3689 461 3764 Zachatio
478 3687 820 3786 Constantinopolim
841 3695 929 3761 sunt
952 3695 1103 3783 patrata,
1127 3684 1388 3783 tenendamque
1409 3682 1514 3758 fidem

295 3802 390 3897 apud
418 3801 617 3876 Seleuciam
642 3798 839 3899 expositam
856 3798 1103 3873 decreverunt.
1128 3796 1198 3871 Sed
1218 3795 1352 3893 impius
1370 3794 1517 3884 Valens,

296 3937 375 4010 quae
387 3914 481 4014 apud
495 3917 693 4011 Lapsacum
706 3921 809 4008 gesta
823 3920 910 3986 sunt
922 3907 1110 3996 destruxit,
1121 3917 1157 3982 et
1168 3906 1360 4006 Episcopus
1372 3905 1433 4004 qui
1452 3904 1516 3979 ibi·

296 4026 374 4100 dem
392 4034 634 4100 convenerant
651 4023 755 4100 exilio
772 4023 953 4120 religavit.
978 4023 1120 4096 Interea
1144 4020 1306 4094 Liberius
1332 4022 1429 4116 Papa
1452 4022 1519 4093 Ro·
1617 4027 1621 4035 '

297 4163 425 4211 marrus
442 4146 479 4212 et
495 4136 716 4211 Athanasius
731 4144 767 4210 et
784 4137 1080 4208 Samosatensuus
1098 4131 1284 4221 Eusebius,
1297 4130 1358 4229 qui
1380 4129 1516 4205 lobiani

158 4283 161 4288 “
297 4257 471 4344 praecepto
487 4248 531 4321 ab
549 4247 653 4322 exilio
671 4248 815 4321 fuerant
832 4245 999 4333 revocati,
1016 4244 1055 4317 in
1072 4242 1261 4319 orthodoxo
1277 4265 1439 4318 sermone
1465 4243 1517 4316 vi·

296 4361 442 4455 gabant,
459 4384 526 4435 nec
543 4384 612 4435 non
629 4369 666 4435 et
683 4356 1016 4433 Hierosolimitanus
1030 4357 1194 4455 cyrillus
1210 4355 1321 4431 etalii
1334 4354 1517 4430 orthodoxi

298 4482 591 4571 propugnatores.
1303 4561 1338 4615 ω
