3608 5498
809 405 1006 468 -415-

279 530 463 630 -quomodo
480 528 523 604 de
540 527 595 602 his
613 551 675 624 per
692 550 780 625 quos
796 525 919 601 divina
938 525 1190 601 ministrantur
1207 525 1366 602 iudicare
1383 550 1517 624 pressu·

289 655 394 718 mant
409 643 552 744 penitus
569 641 789 738 ignoramus,
807 643 970 715 Fuerunt
983 639 1058 715 haee
1071 649 1155 714 ante
1167 638 1362 714 adventum
1376 637 1515 714 Christi

293 769 335 832 ut
351 756 495 856 quidam
512 756 621 853 tipice
645 778 750 851 reges
775 755 883 828 simul
907 763 943 828 et
967 753 1166 828 sacerdotes
1191 753 1395 828 existerent.
1417 752 1518 840 Quod

293 872 490 954 secundum
508 868 771 945 Melchisedech
786 869 898 944 fuisse
911 868 1074 943 sacerdos
1087 868 1203 966 prodit
1216 866 1388 967 hystoria.
1401 867 1515 955 Quod·

292 979 417 1080 quein
437 980 606 1057 membris
624 979 700 1055 suis
716 979 877 1056 diabolus
895 979 1058 1056 imitatus
1075 991 1141 1070 est,
1158 990 1279 1079 utpote
1300 981 1362 1079 qui
1376 1005 1517 1078 semper

296 1119 375 1192 quae
392 1092 515 1169 divino
531 1093 649 1170 cultui
675 1092 895 1169 conveniunt
920 1095 1063 1171 sibimet
1087 1104 1123 1171 et
1147 1094 1343 1171 tirannieos
1368 1093 1517 1192 spiritus

294 1207 480 1283 vindicare
498 1206 691 1296 contendit,
708 1215 749 1280 ut
774 1207 906 1304 paga-ui
932 1210 1163 1309 imperatores
1188 1209 1282 1286 idem
1308 1219 1344 1284 et
1369 1208 1517 1282 maximi

292 1320 477 1417 pontifices
494 1319 708 1394 dicerentur.
726 1319 795 1394 Sed
813 1345 894 1395 cum
914 1323 958 1398 ad
977 1349 1104 1398 rernm
1122 1333 1271 1398 ventum
1290 1331 1345 1397 est
1362 1321 1514 1396 eundem
1593 1308 1598 1317 ⁸

294 1457 416 1529 regem
433 1445 540 1532 atque
558 1432 754 1532 pontifices,
774 1433 870 1507 ultra
888 1435 955 1510 sihi
973 1461 1040 1513 nec
1058 1436 1248 1534 imperator
1273 1436 1352 1509 iura
1378 1433 1518 1532 pontid·

294 1557 398 1624 catus
421 1546 586 1645 arripuit,
603 1571 669 1622 nec
686 1547 844 1644 pontifex
868 1571 996 1623 uomcn
1023 1549 1289 1648 imperatorium
1315 1547 1517 1645 usurpavit.

294 1661 470 1750 Quoniam
488 1661 579 1736 idem
598 1661 770 1736 mediator
788 1662 852 1738 Dei
870 1673 905 1737 ct
922 1663 1108 1737 hominum
1125 1663 1229 1738 homo
1247 1661 1415 1738 Christus
1439 1660 1519 1735 Ihc·

292 1801 355 1849 sus
371 1774 425 1850 sic
441 1774 582 1849 actibus
599 1775 748 1875 propriis
765 1786 801 1851 et
820 1775 1058 1872 dignitatibus
1083 1775 1263 1851 distinctis
1287 1773 1403 1851 officia
1421 1784 1516 1871 potc-

292 1887 396 1962 statis
405 1887 593 1986 utriusque
602 1888 784 1978 discrevit,
798 1889 939 1987 propria
952 1889 1077 1964 rolens
1090 1888 1295 1964 medicinali
1308 1887 1516 1963 humilitate

292 2028 436 2076 sursum
454 2002 584 2091 efferri,
597 2026 666 2076 uon
678 2002 837 2077 humana
855 2003 1020 2100 superbia
1038 2029 1163 2077 sursus
1176 2003 1214 2075 in
1229 2001 1370 2077 inferna
1382 2002 1519 2076 demer-

292 2117 343 2212 gi,
361 2127 403 2192 ut
419 2115 618 2193 Christiani
635 2120 871 2213 Imperatores
890 2138 951 2214 pro
968 2126 1102 2190 aeterna
1118 2115 1195 2190 vita
1212 2115 1447 2190 Pontificibus
1466 2114 1518 2186 in·

292 2230 469 2326 digerent,
482 2238 518 2304 et
533 2228 722 2303 Pontifices
736 2252 919 2325 procursu
933 2227 1184 2325 temporalium
1199 2227 1444 2302 tautummodo
1464 2251 1518 2301 re·

292 2340 795 2441 rum‚imperialibuslegibus
808 2351 1005 2417 uterentur.
1020 2343 1200 2430 Quatinus
1212 2340 1412 2442 spiritualis
1425 2341 1519 2416 aetio

293 2455 499 2531 carnalibus
516 2455 647 2530 distare
665 2454 881 2543 incursibus
898 2470 934 2532 et
950 2456 1027 2531 ideo
1046 2456 1205 2530 militaus
1223 2458 1295 2531 Deo
1313 2455 1462 2529 minime
1479 2479 1517 2528 se

294 2568 448 2665 negotiis
466 2567 698 2644 saecularibus
715 2569 928 2666 implicaret,
944 2594 986 2644 ac
1004 2568 1166 2644 vicissim
1184 2593 1254 2645 uon
1273 2568 1334 2644 ille
1348 2567 1454 2643 rebus
1467 2566 1519 2641 di·

293 2682 390 2756 vinis
408 2681 596 2779 praesidere
614 2681 796 2757 videretur
812 2681 873 2780 qui
896 2693 991 2758 esset
1016 2682 1172 2780 negotiis
1196 2680 1429 2757 sacularibus
1454 2681 1519 2752 im-

296 2795 461 2895 plicatus.

824 2903 984 2988 xovffl.

773 3097 815 3149 Et
831 3098 910 3164 post
926 3108 1042 3162 pauca.

391 3251 528 3339 Quibus
544 3250 709 3326 omnibns
723 3250 790 3325 rite
807 3250 966 3326 collectis
983 3251 1071 3326 satis
1083 3251 1267 3326 evidenter
1279 3250 1481 3326 ostenditur
1495 3273 1517 3322 a

294 3364 460 3439 seculari
482 3373 653 3463 potestate
670 3388 737 3439 nec
755 3363 865 3459 ligari
882 3387 1038 3462 prorsus,
1055 3389 1121 3439 nec
1138 3363 1229 3439 solvi
1247 3387 1347 3463 posse
1373 3364 1519 3439 Pontifi-

295 3502 373 3552 cem
391 3501 495 3575 quem
515 3485 654 3551 constat
670 3500 691 3547 a
709 3476 765 3572 pio
782 3475 940 3575 principe
958 3477 1193 3553 Constantino
1210 3476 1302 3576 quod
1327 3476 1434 3573 longe
1460 3502 1519 3551 su·

294 3591 415 3689 perius
433 3590 721 3678 memoravimus,
735 3592 850 3664 Deum
867 3590 1097 3691 appellatum,
1110 3616 1193 3667 eum
1207 3616 1274 3667 nec
1288 3614 1387 3690 posse
1401 3594 1518 3667 Deum

295 3703 340 3777 ab
357 3703 560 3777 hominibus
576 3701 728 3777 iudicari
747 3703 975 3779 manifestum
994 3704 1051 3780 sit.
1069 3706 1138 3780 Sed
1155 3714 1191 3781 et
1211 3704 1428 3780 Theodosius
1455 3705 1520 3779 mi·

235 3870 238 3875 -
295 3842 359 3890 nor
376 3827 510 3892 sauctae
527 3817 662 3915 synodo
679 3816 838 3891 scribens
855 3817 1033 3916 Ephesine
1051 3817 1175 3918 primm
1198 3817 1298 3893 dicit.
1316 3820 1518 3916 Deputatus

294 3941 348 4006 cst
365 3931 480 4028 igitur
498 3929 742 4007 Candidianus
759 3930 1141 4025 magnificentissimus
1154 3954 1271 4007 comes
1288 3942 1516 4006 strenuorum

294 4044 568 4120 domesticorum
590 4043 876 4141 mansimusque
896 4043 941 4119 ad
965 4045 1229 4120 sanctissimam
1254 4044 1432 4142 synodum
1459 4068 1518 4118 ve·

294 4169 418 4245 stram,
434 4165 470 4231 et
487 4157 524 4229 iu
542 4155 643 4230 nullo
656 4155 799 4253 quidem
817 4180 897 4254 quoe
913 4156 1074 4232 faciende
1091 4166 1177 4231 sunt
1194 4155 1236 4230 de
1258 4156 1327 4254 piis
1344 4156 1519 4252 dogmati·

293 4271 360 4345 bus
376 4271 569 4369 quaestione
587 4296 650 4345 seu
668 4270 786 4369 potius
802 4270 1032 4368 expositionis
1048 4271 1324 4345 communicare.
1341 4269 1516 4344 Illicitum

225 4382 228 4388 ’
294 4408 449 4480 namque
465 4393 520 4459 est
536 4407 619 4458 eum
637 4385 784 4481 quinon
800 4381 848 4455 sit
860 4406 905 4456 ex
917 4382 1038 4457 ordine
1052 4381 1359 4456 sanctissimorum
1373 4381 1516 4480 Episoo

295 4522 417 4594 porum
444 4497 708 4574 ecclesiasticis
724 4496 972 4572 intermiscere
989 4495 1212 4570 tractatibus.
1228 4498 1275 4570 Et
1292 4505 1369 4594 post
1394 4518 1519 4592 pauca,
