3608 5498
798 404 995 468 -300-

286 524 480 600 utilitatem
498 524 725 599 commissam
743 523 935 622 peregerit,
946 531 1030 599 ante
1043 521 1297 621 omnipotentie
1306 521 1372 597 Dei
1385 523 1508 600 oculos

288 637 532 714 intercedente
552 637 654 713 beato
672 642 778 714 Petro
796 638 1044 738 Apostolorum
1061 636 1230 736 Principe
1246 635 1428 713 actionum
1448 662 1508 712 ve·

285 763 442 829 strarum
461 752 661 829 mercedem
678 753 854 844 invenire,
866 762 903 829 et
915 752 993 828 eius
1006 772 1145 849 semper
1158 749 1367 827 debitricem
1384 750 1507 826 aeccle·

286 869 377 945 siam
395 868 526 945 habere
551 867 712 944 valeatis.
728 871 806 944 Nec
829 868 925 944 enim
955 890 1087 942 novum
1117 864 1218 941 robis
1246 875 1312 953 est,
1329 864 1399 939 ista
1427 891 1508 965 quaa

286 981 466 1080 poscimus
490 1005 609 1078 agere.
626 983 718 1067 Nam
746 982 851 1057 multi
868 982 994 1057 exinde
1011 980 1210 1070 venientes,
1226 988 1329 1054 tanta
1345 978 1388 1055 de
1407 981 1508 1057 vobis

288 1094 410 1169 testati
433 1103 531 1183 sunt,
547 1103 589 1169 ut
603 1093 770 1169 maiorem
790 1095 832 1170 de
849 1095 1083 1172 sublimitatis
1101 1104 1228 1170 vestrae
1246 1094 1403 1170 bonitate
1420 1096 1507 1171 fidu·

291 1209 384 1285 ciam
403 1232 530 1307 capere
548 1234 655 1307 quam
673 1209 756 1284 olim
774 1209 967 1285 habuimus
984 1209 1183 1284 debeamus.
1197 1206 1373 1296 Quoniam
1391 1218 1509 1307 postu-

291 1322 409 1398 lamus
436 1322 599 1421 petitiora
624 1323 701 1399 sinc
726 1323 830 1398 dubio
855 1325 1014 1402 creditur
1038 1323 1216 1412 exhibere,
1233 1322 1294 1421 qui
1321 1324 1509 1399 consuevit

288 1437 396 1512 ctiam
415 1461 484 1510 nou
502 1438 679 1535 postulata
694 1449 875 1536 praestare.
885 1439 1118 1536 Omnipotens
1129 1440 1225 1514 Deus
1238 1436 1284 1510 ab
1300 1437 1396 1511 omni
1416 1438 1508 1513 malo

287 1574 351 1624 vos
369 1561 533 1648 protegat
549 1561 586 1628 ct
602 1552 644 1626 dc
658 1562 778 1628 vostra
792 1576 855 1628 nos
869 1552 1070 1628 diutissime
1083 1551 1200 1627 salute
1214 1551 1324 1627 iaciat
1336 1552 1505 1648 gaudere.

808 1754 998 1841 cxxvssl.

676 1960 712 2010 In
731 1959 848 2028 eodem
867 1958 912 2012 ad
929 1961 1124 2026 Episcopos.

383 2123 559 2199 Iohannes
576 2123 762 2225 episcopus
779 2147 907 2197 servus
923 2145 1108 2198 servorum
1127 2120 1193 2197 Dei
1218 2120 1269 2194 ill.
1287 2120 1470 2219 Episcopis
1488 2147 1510 2194 a

291 2237 446 2334 paribus.
463 2236 517 2311 Ill.
535 2237 698 2311 notarius
712 2248 846 2314 sanctae
863 2247 992 2311 nostrae
1010 2234 1181 2312 aecclesiae
1198 2234 1452 2332 patrimonium
1471 2235 1510 2309 in

294 2351 412 2425 insula
431 2350 481 2425 ill.
498 2351 622 2441 situm,
639 2350 683 2427 ab
700 2350 766 2426 hoc
787 2351 954 2449 praesenti
966 2373 1060 2424 anno
1077 2348 1273 2424 Dominicae
1297 2348 1511 2425 incarnatio·

292 2463 350 2539 nis
363 2467 400 2538 M
418 2464 468 2538 ill.
486 2465 558 2540 Deo
571 2464 769 2540 auxiliante
781 2464 1057 2560 gubernandum
1072 2463 1245 2539 noveritis
1258 2487 1334 2539 esse
1348 2462 1512 2540 commis·

291 2603 383 2652 sum.
402 2580 481 2665 Qua
506 2577 548 2652 de
574 2604 611 2653 re
631 2578 774 2654 dilectio
792 2589 913 2653 vestra
930 2589 1123 2654 memorato
1138 2577 1276 2653 notario
1292 2576 1511 2676 ubicumque

288 2715 434 2766 necesse
447 2689 626 2782 habuerit,
639 2690 771 2766 solacia
787 2690 934 2768 festinet
951 2692 1165 2790 impendere.
1174 2690 1354 2779 Quatinus
1366 2691 1512 2766 adiutus

289 2814 411 2880 vestro
427 2804 575 2895 auxilio,
588 2831 630 2880 ea
643 2831 722 2906 quae
739 2805 773 2882 ei
786 2805 1012 2881 iniunximus
1029 2804 1106 2880 sine
1123 2805 1375 2903 impedimento
1392 2803 1512 2881 valeat

290 2919 538 3017 explicarent
562 2920 648 2994 dum
674 2920 776 2996 nobis
793 2920 835 2996 de
853 2918 1053 2995 obedientia
1078 2927 1199 2994 vestra
1224 2916 1399 3006 retulerit,
1415 2917 1510 3018 apud

287 3042 425 3108 nostros
442 3034 580 3109 animos
598 3033 740 3134 possitis
757 3036 830 3112 Deo
847 3033 996 3134 propitio
1013 3033 1143 3108 melius
1159 3032 1410 3111 commendari.

751 3208 1058 3321 cxxviiii.

813 3442 849 3492 In
867 3439 993 3493 eodem.

384 3606 520 3678 Domno
536 3615 660 3680 sancto
677 3614 714 3679 ct
729 3603 933 3679 beatissimo
945 3601 1038 3703 patri
1057 3612 1199 3701 patrum
1213 3604 1318 3699 Paper
1330 3599 1381 3674 ill.
1398 3601 1511 3676 farnu-

287 3717 609 3794 lusvostorill.1n
630 3719 760 3817 predio
782 3743 859 3795 meo
875 3717 926 3793 ill.
951 3716 1042 3790 iuris
1064 3717 1145 3806 mei,
1161 3716 1345 3792 basilicam
1364 3725 1511 3816 sumptu

287 3833 427 3930 proprio
446 3859 502 3909 me
523 3857 682 3930 suggero
706 3833 960 3921 construxisse,
985 3856 1092 3929 quarn
1118 3831 1155 3903 in
1181 3830 1348 3906 honorem
1374 3842 1512 3907 sancto

290 3972 370 4021 rum
394 3946 444 4020 ill.
468 3957 670 4047 martyrum
696 3948 855 4023 desidero
880 3945 1092 4023 consecrari.
1117 3944 1186 4021 oui
1211 3944 1368 4020 basilica
1392 3945 1437 4020 ad
1457 3946 1512 4020 lu·

291 4061 447 4135 minaria
476 4060 535 4137 vel
565 4061 610 4136 ad
635 4060 872 4137 helemosinas
897 4060 1027 4136 ibidem
1057 4059 1300 4137 servientibus
1327 4062 1433 4136 offero
1460 4060 1512 4134 ill.

287 4183 324 4250 et
339 4173 390 4248 ill.
403 4177 624 4274 Quapropter
636 4198 755 4273 quaeso
772 4175 1018 4273 Apostolatum
1036 4183 1211 4265 vestrum,
1224 4183 1265 4248 ut
1278 4174 1369 4250 detis
1383 4200 1511 4274 praece·

286 4288 573 4386 ptionesvestras
584 4288 629 4363 ad
642 4287 693 4362 ill.
706 4288 947 4364 venerabilem
962 4288 1012 4363 ill.
1025 4288 1187 4364 civitatis
1200 4288 1510 4387 episcopumque·

287 4402 386 4478 tinus
415 4413 756 4500 supramemoratam
782 4404 908 4479 debeat
931 4401 1167 4478 sacrosanctis
1198 4401 1367 4476 misteriis
1391 4425 1509 4477 conse·

286 4514 1510 4620 crareuthooiacto,sanctareligiovestristemporibussumataug·
