3608 5498
689 411 886 475 -253-

724 586 850 673 XXXI

425 754 474 804 Ex
493 753 599 818 prima
617 717 757 819 epistola
775 752 838 803 ΡΡ.
859 752 981 806 Urbani
999 751 1034 804 et
1051 751 1148 803 Lucii.

274 884 1400 985 UneanusllpiscopusomnibusChristianisResaeoclesiaefide·

179 997 268 1072 lium
282 999 476 1076 oblationes
489 1000 725 1101 appellantur,
738 1001 822 1098 quia
836 1001 987 1075 Domino
998 1001 1206 1077 offeruntur.
1219 992 1298 1074 Non
1313 1023 1399 1096 ergo

178 1114 306 1189 debent
317 1116 353 1188 in
367 1115 449 1188 aliis
464 1116 598 1206 usibus,
612 1140 718 1213 quam
729 1114 766 1187 in
780 1115 1024 1191 aecclesiarum
1038 1141 1155 1205 usum,
1165 1112 1222 1189 vel
1236 1112 1400 1210 indigen·

179 1227 271 1301 tium
289 1226 567 1304 christianorum
585 1229 737 1303 fratrum
756 1238 983 1304 convertunt.
1001 1229 1094 1318 Quia
1115 1237 1198 1302 vota
1215 1235 1300 1300 sunt
1318 1226 1400 1302 fide·

180 1338 281 1430 lium,
294 1351 330 1416 et
343 1342 455 1439 pretia
468 1350 704 1440 peccatorum.
719 1340 757 1415 Si
770 1341 851 1439 quis
864 1352 985 1419 autem
995 1342 1086 1441 quod
1095 1340 1188 1416 absit
1200 1364 1304 1415 secus
1317 1363 1401 1436 age·

180 1454 238 1542 rit,
257 1454 377 1531 videat
395 1480 440 1532 ne
457 1456 744 1554 dampnationem
764 1454 914 1531 Ananiae
933 1466 968 1532 et
986 1455 1144 1554 Saphirae
1157 1452 1340 1552 percipiat.
1353 1455 1400 1527 Et

178 1566 282 1642 inira.
295 1571 381 1644 Haec
394 1569 524 1645 fratres
541 1570 645 1645 valde
657 1568 816 1646 cavenda
834 1578 919 1643 sunt
931 1578 968 1643 et
979 1567 1148 1657 timenda,
1166 1566 1249 1664 quia
1264 1590 1321 1640 res
1335 1589 1400 1640 aeo·

178 1682 297 1759 clesiae
309 1706 380 1757 non
394 1684 494 1782 quasi
513 1685 672 1783 propriae,
684 1684 745 1760 sed
763 1691 805 1758 ut
821 1681 1039 1774 communes,
1056 1693 1092 1759 et
1109 1681 1259 1757 Domino
1275 1679 1400 1755 oblatae

177 1820 262 1871 cnm
279 1822 417 1872 summo
433 1797 571 1887 timore,
588 1820 657 1872 non
672 1797 709 1870 in
722 1796 821 1887 alios,
838 1821 946 1896 quam
964 1798 1002 1872 in
1020 1797 1184 1896 praelatos
1201 1820 1289 1870 usus
1314 1802 1400 1868 sunt

178 1910 328 1986 fideliter
346 1910 602 2008 dispensandae,
619 1936 664 1986 ne
681 1910 864 2008 sacrilegii
883 1922 1021 1987 reatum
1041 1911 1229 1987 incurrant
1253 1906 1314 2006 qui
1339 1931 1400 1982 eas

180 2024 261 2100 inde
279 2025 466 2100 abstraunt
484 2026 546 2101 ubi
564 2026 704 2102 traditae
721 2035 816 2114 sunt,
833 2035 869 2100 et
895 2025 988 2123 quod
1013 2025 1115 2123 peius
1139 2032 1193 2099 est
1208 2021 1401 2095 anathema

181 2137 394 2212 maranatha
412 2140 510 2229 fiant,
528 2147 563 2214 et
580 2138 610 2214 si
627 2163 700 2212 non
718 2139 757 2212 in
781 2161 924 2237 corpore
950 2149 991 2213 ut
1016 2137 1176 2212 Ananias
1200 2144 1237 2211 et
1261 2134 1399 2224 Saffira,

178 2259 298 2326 tarnen
317 2251 354 2324 in
372 2252 492 2327 anima
511 2252 718 2328 moriantur.

712 2444 858 2528 XXXII.

599 2642 649 2693 Ex
667 2639 812 2694 secunda
830 2641 980 2706 epistola.

273 2805 361 2875 Prrs
379 2805 544 2877 Romanae
562 2801 669 2878 Urbis
687 2800 995 2901 Archiepiseopus.
1014 2804 1117 2879 Sicut
1133 2804 1194 2902 qui
1209 2803 1396 2880 ecclesiam

179 2915 243 2989 Dei
262 2925 390 3006 vastat,
408 2916 555 3014 eiusque
574 2913 703 3013 praedia
722 2925 758 2990 ct
774 2913 920 2990 donaria
937 2918 1092 3016 expoliat
1108 2928 1145 2994 et
1162 2918 1311 3008 invadit,
1336 2918 1398 2992 fiat

178 3028 388 3128 sacrilegus,
405 3030 457 3105 sic
474 3039 510 3104 et
527 3029 587 3104 ille
605 3028 666 3128 qui
681 3027 759 3104 eius
772 3029 973 3106 sacerdotes
986 3031 1200 3130 insequitur,
1212 3030 1397 3128 sacrilegii

179 3166 261 3217 reus
276 3141 406 3233 extitit,
418 3153 455 3219 et
470 3142 566 3218 sicut
583 3140 783 3238 sacrilegus
799 3142 990 3220 iudicetur.

722 3308 885 3395 XXXIII.

273 3479 407 3557 Lucius
424 3481 619 3579 Episcopus
636 3479 801 3557 omnibus
819 3481 1014 3581 Episcopis.
1031 3485 1163 3558 Rerum
1184 3482 1399 3558 ecclesiasti·

178 3618 301 3668 carum
317 3602 352 3668 et
366 3592 581 3668 facultatum
596 3602 753 3692 raptores
765 3618 786 3667 a
800 3593 976 3669 limitibus
989 3605 1123 3672 sanctae
1136 3595 1306 3672 eecclesiae
1318 3621 1401 3670 ana·

179 3707 426 3783 thematizatos
443 3707 634 3808 apostolica
652 3706 864 3783 auctoritate
881 3708 1049 3806 pellimus
1063 3721 1099 3785 et
1115 3709 1337 3797 damnamus,
1349 3722 1401 3784 at·

180 3846 248 3919 que
265 3823 460 3920 sacrilegos
476 3823 688 3899 iudicamus.
706 3825 752 3895 Et
768 3844 840 3896 non
853 3822 966 3896 solum
981 3846 1051 3913 eos,
1064 3824 1124 3899 sed
1138 3834 1174 3898 et
1186 3846 1308 3899 omnes
1320 3846 1401 3898 con·

180 3935 375 4011 sentientes
391 3936 456 4025 eis,
469 3934 554 4034 quia
572 3960 642 4010 non
660 3934 774 4009 solum
793 3936 854 4033 qui
872 3935 1024 4027 iaciunt,
1040 3937 1101 4012 sed
1122 3936 1228 4012 etiarn
1243 3936 1303 4034 qui
1322 3959 1404 4011 con-

180 4047 342 4122 sentiunt
358 4047 584 4138 facientibus,
597 4047 647 4124 rei
664 4047 878 4123 iudicantur.
896 4052 966 4124 Per
980 4051 1076 4126 eninr
1090 4074 1190 4149 poena
1204 4059 1241 4125 et
1252 4058 1402 4146 agentes

180 4169 216 4234 et
232 4162 494 4238 consentientes
511 4160 787 4263 comprehendit.
806 4168 839 4235 A
855 4185 925 4259 qua
943 4188 1043 4263 poena
1056 4174 1093 4238 et
1109 4171 1259 4260 agentes
1271 4171 1308 4237 et
1320 4182 1401 4237 con·

179 4274 374 4351 sentientes
391 4276 665 4375 comprehendit.
684 4281 803 4374 Aqua
821 4299 921 4374 paena
939 4274 1040 4350 liberi
1067 4301 1140 4349 non
1157 4287 1305 4374 possunt
1322 4299 1400 4350 esse

179 4386 246 4477 illi,
267 4409 418 4487 quorum
435 4388 675 4464 ministerium
698 4398 764 4478 est,
788 4398 824 4463 et
844 4389 905 4487 qui
931 4389 1018 4464 talia
1044 4399 1192 4488 possunt
1216 4387 1401 4488 prohibere

178 4511 214 4575 et
230 4502 429 4593 emendare,
446 4512 483 4579 et
498 4527 540 4579 ea
556 4526 626 4577 non
644 4502 790 4577 student
805 4503 996 4600 corrigere,
1012 4511 1048 4579 et
1064 4513 1204 4580 catera
1239 4549 1242 4553 ·
