3608 5498
799 412 995 475 -131-

291 532 457 607 restituto
469 519 569 607 nobis
583 533 885 608 Pannoniensium
900 535 1125 634 Episcopatu,
1138 535 1246 610 liceat
1259 534 1425 633 praedicto
1442 534 1511 607 fra-

293 646 341 723 tri
359 659 479 723 nostro
495 648 673 723 Methodio
690 648 752 746 qui
769 648 845 723 illic
861 673 882 721 a
908 650 997 725 Sede
1025 649 1226 746 Apostolica
1250 649 1432 723 ordinatus
1457 657 1512 723 est

288 762 646 861 secundampriscam
656 763 948 839 consuetudinem
959 763 1080 853 libere,
1089 762 1439 862 quaesuntEpiscnpi
1449 786 1512 858 ge·

292 900 379 951 rere.
396 876 503 952 Idem.
522 881 641 953 Monte
660 904 756 954 mero
772 876 888 952 dulcis
906 864 1090 966 Clavanie‚
1107 876 1512 973 intercetera.Quap1·o·

291 999 369 1087 pter
385 989 617 1065 admonemus
633 1001 669 1066 te
686 1001 728 1066 ut
744 991 1012 1089 progenitorum
1030 999 1171 1064 tuorum
1195 999 1340 1064 secutus
1366 1011 1511 1075 morem,

291 1115 467 1201 quantum
486 1115 583 1202 potes
600 1106 644 1181 ad
662 1105 950 1180 Pannonensium
969 1103 1102 1179 reverti
1120 1103 1264 1178 studeas
1285 1101 1449 1177 diocesin.
1463 1104 1511 1176 Et

289 1215 373 1313 quia
389 1215 465 1292 illic
482 1217 553 1291 iam
580 1220 790 1315 Deogratias
815 1244 836 1292 a
853 1219 934 1294 sede
952 1216 1045 1293 beati
1064 1216 1160 1291 Petri
1184 1214 1343 1314 Apostoli
1369 1214 1512 1312 Episeo

290 1354 358 1428 pus
374 1330 558 1406 ordinatus
575 1343 640 1422 est,
653 1333 698 1408 ad
710 1333 823 1431 ipsius
837 1331 1046 1430 pastoralem
1061 1353 1206 1405 recures
1219 1327 1509 1403 sollicitudinem.

832 1563 960 1646 olel.

386 1786 560 1865 lohannes
577 1789 772 1888 Episcopus
789 1787 1097 1865 commonitorium
1117 1788 1229 1862 Paulo
1245 1787 1417 1885 Episcopo
1430 1786 1509 1859 sun-

289 1901 391 1996 genti
414 1902 592 1998 legatione
615 1905 652 1977 in
678 1904 909 1980 Germaniam
934 1912 970 1976 et
995 1901 1229 1990 Pannoniam,
1254 1901 1347 1976 inter
1371 1909 1510 1975 caetera.

290 2015 381 2086 Nam
399 2039 469 2090 non
486 2018 600 2092 solum
618 2017 713 2091 intra
730 2018 871 2092 Italiam
885 2042 928 2092 ae
940 2026 1088 2091 ceteras
1101 2014 1289 2112 Hesperias
1308 2013 1510 2113 provincias

290 2150 414 2200 verum
433 2129 541 2204 etiam
559 2130 654 2205 intra
671 2130 780 2205 totius
798 2128 937 2226 lllyrici
956 2131 1044 2203 fines
1066 2128 1347 2203 consecrationes
1374 2126 1513 2201 ordina·

290 2240 403 2317 tiones
419 2255 454 2319 et
474 2245 719 2344 dispositiones
739 2244 939 2343 Apostolica
959 2242 1040 2317 sede
1061 2252 1199 2339 patrate
1215 2240 1416 2338 antiquitus
1429 2263 1511 2314 cou-

290 2356 419 2445 suevit,
437 2358 531 2433 sicut
548 2359 720 2434 nonnulla
738 2369 879 2455 regesta
896 2367 932 2432 et
948 2355 1226 2453 conscriptiones
1243 2353 1443 2453 synodales
1460 2363 1511 2426 at-

288 2491 357 2564 que
374 2468 530 2567 ipsarum
550 2497 688 2571 quoque
702 2472 857 2571 plurima
869 2469 1104 2547 ecclesiarum
1119 2469 1155 2542 in
1171 2467 1228 2542 his
1241 2468 1435 2566 positarum
1453 2466 1510 2541 de

290 2594 490 2660 monstrant
507 2587 733 2662 monimenta.
751 2591 798 2661 Et
810 2586 914 2660 infra.
932 2587 1039 2659 Porro
1056 2583 1086 2657 si
1104 2584 1147 2658 de
1164 2605 1338 2656 annorum
1364 2603 1512 2655 numero

290 2718 378 2792 quos
399 2696 487 2773 forte
512 2710 681 2774 causatur
707 2699 798 2775 sciat
822 2699 915 2798 quod
940 2699 1033 2773 inter
1059 2697 1282 2774 Christianos
1306 2706 1342 2771 et
1367 2719 1424 2770 eos
1450 2694 1511 2792 qui

291 2808 400 2883 unius
416 2811 495 2885 fidei
514 2822 608 2902 sunt,
626 2839 798 2888 numerus
816 2823 937 2888 certus
953 2813 1082 2886 affixus
1098 2822 1162 2886 est.
1180 2812 1349 2888 Ceterum
1368 2809 1428 2882 ubi
1453 2833 1512 2906 pa·

289 2944 466 3015 generum
484 2936 520 2999 et
537 2925 800 3001 incredulorum
820 2925 919 2999 furor
935 2927 973 3000 in
992 2936 1177 3015 causaest,
1191 2924 1413 3023 quantalibet
1427 2947 1512 3020 pree

292 3047 431 3113 tereant
449 3049 618 3140 tempora,
635 3040 706 3115 iuri
725 3063 794 3114 non
813 3039 1021 3138 praeiudicat
1036 3040 1281 3127 ecclesiarum,
1298 3064 1378 3136 quse
1394 3060 1513 3134 corpo·

293 3150 382 3224 ralia
391 3153 593 3229 nescientes
601 3178 713 3241 arma,
722 3154 836 3227 solum
846 3155 1037 3229 Dominum
1047 3165 1083 3229 et
1093 3162 1391 3253 propugnatorem
1405 3177 1510 3226 suum

291 3266 428 3363 quinci
448 3265 623 3363 placuerit
640 3267 802 3342 misereri
820 3267 995 3366 patienter
1013 3277 1210 3367 expectant.
1236 3270 1373 3342 Verum
1399 3265 1430 3338 si
1452 3291 1513 3339 an·

292 3402 416 3454 norum
430 3379 612 3479 prolixitas
621 3380 657 3454 in
669 3381 800 3456 talibus
809 3381 956 3480 impedit
965 3405 1051 3477 ergo
1060 3385 1157 3455 Dens
1170 3381 1244 3477 ipse
1258 3379 1512 3477 reprehenden-

291 3491 359 3566 dus
375 3504 439 3582 est,
457 3492 518 3590 qui
537 3494 660 3569 CCCC
677 3504 713 3568 et
729 3496 838 3568 XXX
853 3515 966 3567 annos
983 3494 1074 3567 filios
1099 3491 1234 3567 Israhel
1252 3492 1294 3566 de
1319 3491 1511 3565 durissima

293 3606 467 3681 servitute
486 3606 681 3681 Pharaonis
694 3616 731 3681 et
744 3608 886 3681 fornace
900 3605 1015 3683 ferrea
1028 3607 1205 3682 liberavit.
1220 3606 1289 3682 Sed
1306 3615 1342 3682 et
1358 3607 1433 3703 ipse
1450 3630 1512 3703 per

292 3744 329 3794 se
347 3720 568 3818 Redemptor,
584 3722 645 3820 qui
663 3722 822 3796 omnium
840 3745 958 3817 genus
974 3728 1052 3817 post
1068 3729 1120 3794 tot
1136 3743 1312 3794 annorum
1338 3716 1451 3793 millia
1468 3718 1512 3794 de

292 3832 422 3908 inserui
441 3834 609 3909 claustris
626 3835 770 3933 eripuit.

828 4037 975 4122 CXCVI.

673 4243 721 4294 Ex
739 4243 870 4308 regesto
889 4243 942 4293 Vl.
963 4241 1129 4306 Stephani.

387 4403 589 4501 Stephanus
612 4404 807 4503 Episcopus
825 4429 953 4480 servus
970 4427 1152 4478 servorum
1173 4404 1250 4479 Dei.
1268 4408 1423 4479 Romano
1448 4410 1513 4479 Ar·

292 4517 513 4617 chiepiscopo
532 4519 741 4594 Ravennati.
766 4523 878 4595 Nosse
903 4531 1002 4592 tuam
1030 4518 1387 4594 venerabilitudinem
1414 4518 1513 4594 volu·
