3608 5498
805 390 1002 452 -139-

288 510 393 585 subdi
411 511 613 599 debeamus,
631 512 766 586 avobis
778 513 840 609 qui
855 511 953 586 vices
966 511 1259 585 Patriarcharum
1272 512 1402 607 geritis
1414 534 1516 588 nosse

289 624 541 700 desideramus.
565 626 692 721 Legati
711 629 877 700 Romanae
901 625 1072 701 Ecclesiae
1091 624 1356 722 responderunt.
1375 627 1517 699 Sancta

295 742 462 814 Romanae
479 741 661 830 Ecclesia,
678 765 785 839 quam
805 765 866 839 per
884 763 946 813 vos
964 739 1081 814 senior
1099 747 1216 814 vester
1232 737 1334 813 beato
1351 741 1457 813 Petro
1471 743 1518 812 A·

295 853 430 951 postelo
442 879 525 930 eum
540 855 636 930 omni
653 856 775 951 gentis
787 879 862 928 suae
875 874 987 949 regno
999 875 1037 926 se
1054 850 1210 939 tradidit,
1221 876 1243 925 a
1256 852 1361 925 cuius
1377 875 1519 927 sueces-

291 967 546 1043 sorevidelieet
558 972 652 1069 Papa
667 968 814 1044 Nicolae
827 978 863 1044 et
871 975 1047 1066 praecepta
1060 965 1208 1040 vivendi
1221 976 1256 1041 et
1270 967 1460 1067 Episcopos
1472 990 1516 1041 ac

291 1081 524 1181 Presbyteros
548 1084 729 1182 suscipere
748 1083 890 1171 meruit,
907 1104 969 1155 vos
986 1091 1022 1156 et
1038 1080 1253 1178 pertinuisse
1275 1091 1311 1155 et
1338 1081 1515 1178 pertinere

292 1194 401 1268 etiam
423 1195 462 1268 in
483 1218 524 1269 co
545 1196 763 1283 monstratis,
780 1195 871 1293 quod
889 1194 1083 1294 postulatos
1099 1203 1238 1268 nostros
1255 1194 1462 1270 Sacerdotes
1480 1203 1516 1269 et

293 1308 503 1405 suscepistis
520 1317 556 1384 et
572 1308 748 1383 hactenus
765 1310 993 1383 veneratione
1010 1331 1173 1403 congrua
1191 1309 1361 1383 retinetis.
1379 1306 1517 1404 Vulga-

295 1447 377 1496 rum
390 1421 504 1518 legati
517 1423 694 1499 dixerunt.
709 1431 740 1497 A
757 1434 882 1499 sancta
895 1426 1054 1498 Romana
1068 1423 1228 1497 Ecclesia
1241 1423 1440 1497 sacerdotes
1451 1445 1515 1496 nos

295 1537 438 1634 petisse,
450 1540 660 1637 suscepisse,
672 1539 917 1636 hactenusque
930 1535 1059 1612 habere
1072 1560 1137 1610 nos
1150 1537 1418 1624 confitemur,et
1430 1537 1463 1611 ei
1477 1536 1514 1609 in

294 1651 459 1726 omnibus
476 1653 615 1730 obedire
632 1653 869 1729 decernimus.
888 1654 1025 1723 Verum
1043 1659 1165 1724 utrum
1180 1652 1347 1724 Romana
1364 1673 1411 1720 an
1425 1650 1515 1723 Con-

292 1766 804 1864 stantinopolitanmEcclesiaa
826 1763 1074 1840 rationabilius
1098 1763 1201 1837 subdi
1218 1763 1409 1837 debeamus
1429 1788 1514 1837 cum

221 1969 225 1973 Ι
292 1877 349 1951 his
363 1879 655 1955 Patriarcharum
672 1881 821 1957 vicariis
838 1879 998 1954 diffinite.
1016 1878 1143 1972 Legati
1161 1879 1327 1951 Romanae
1344 1875 1516 1951 Ecclesia

293 1992 560 2088 responderunt.
577 1997 726 2092 Propter
742 2018 821 2092 quae
838 2016 903 2067 nos
929 2000 1053 2065 sancta
1080 1990 1186 2064 Sedes
1204 1989 1406 2087 Apostolica
1430 2013 1515 2064 cum

292 2105 538 2181 Orientalibus
555 2107 760 2183 diffinienda
787 2107 1030 2193 mandaverat,
1047 2108 1120 2179 Deo
1146 2105 1294 2178 iuvante
1319 2103 1515 2177 finivimus.

293 2219 346 2292 De
359 2240 468 2292 causa
484 2228 606 2294 autem
625 2231 746 2296 vestra
763 2245 868 2296 secus
880 2244 989 2318 quam
1008 2219 1161 2293 diffinita
1177 2233 1232 2292 est
1249 2216 1415 2305 finienda,
1431 2217 1516 2314 quia

289 2330 382 2405 nihil
399 2332 437 2405 in
456 2334 633 2408 mandatis
654 2336 871 2432 accepimus
889 2332 980 2407 nihil
998 2332 1168 2407 videlicet
1185 2330 1383 2405 diffinimus
1400 2330 1459 2407 vel
1476 2331 1514 2403 in

290 2444 536 2542 praeiudicium
546 2458 680 2523 sanctae
688 2452 854 2524 Romanae
868 2447 1042 2523 Ecclesiae
1055 2447 1302 2522 diffiniendum
1315 2470 1515 2536 censemus,

290 2558 378 2655 quin
395 2559 504 2634 imme
521 2562 605 2660 quia
622 2564 738 2636 omnis
756 2571 876 2638 vestra
894 2562 1013 2660 patria
1031 2562 1164 2635 nostris
1181 2558 1424 2635 sacerdotibus
1445 2557 1516 2657 ple·

288 2697 337 2746 na
352 2683 418 2762 est,
436 2674 529 2749 nulli
547 2700 631 2775 vero
648 2677 718 2751 nisi
736 2680 903 2752 Romanas
920 2676 1093 2751 Ecclesia
1111 2677 1288 2775 pertinere
1305 2674 1430 2749 debere
1449 2673 1515 2747 dis·

290 2787 431 2861 finitiva
448 2791 625 2865 sententia
642 2802 817 2890 quantum
836 2814 880 2865 ex
897 2791 999 2865 nobis
1013 2800 1068 2867 est
1080 2791 1362 2889 promulgamus.
1376 2788 1514 2864 Vicarii

290 2901 517 2977 orientalium
535 2904 827 2980 Patriarcharum
847 2906 1015 2981 dixerunt
1033 2903 1268 3001 Vulgaribus
1286 2903 1435 2990 Quande
1451 2925 1515 2977 vos

290 3013 390 3088 illam
409 3017 559 3114 patriam
577 3019 723 3116 cepistis
740 3019 800 3093 cui
818 3018 959 3094 subdita
978 3023 1137 3094 e1·at?et
1162 3027 1285 3092 utrum
1312 3016 1443 3091 latinos
1467 3040 1516 3088 an

177 3200 179 3205 r
288 3150 425 3224 graecos
436 3130 641 3233 tsacerdotes
660 3131 825 3207 habuerit
841 3133 958 3207 dieite.
973 3132 1156 3228 Volgares
1168 3132 1346 3206 dixerunt.
1364 3134 1397 3203 A
1418 3131 1516 3204 Grae«

290 3264 412 3316 eorum
427 3253 598 3340 potestate
611 3245 723 3319 armis
735 3269 813 3320 eam
827 3246 1016 3334 evicimus,
1033 3256 1068 3320 et
1085 3269 1223 3341 graecos
1236 3245 1303 3319 sibi
1317 3244 1515 3320 sacerdotes

290 3356 508 3431 invenimus.
518 3358 656 3432 Vicarii
670 3359 909 3433 Orientalium
923 3359 1190 3457 responderunt.
1200 3359 1238 3432 Si
1252 3360 1516 3433 Graecossaoer·

290 3468 387 3543 dotes
396 3469 446 3542 ibi
456 3471 661 3568 repperistis
675 3471 950 3548 exordinatione
963 3472 1312 3570 Constantinopoleos
1326 3470 1389 3544 illa
1399 3471 1515 3569 patria

289 3583 369 3656 fuit.
386 3585 513 3679 Legati
530 3593 664 3660 sancta
678 3587 844 3659 Romanae
856 3584 1028 3661 Ecclesia
1050 3587 1228 3660 dixemnt.
1248 3592 1278 3658 A
1296 3585 1433 3660 Graecis
1455 3586 1517 3656 Sa·

289 3694 490 3770 cerdotibus
502 3707 757 3794 argumentum
768 3722 911 3775 sumere
924 3722 995 3773 non
1008 3699 1143 3775 debetis
1151 3700 1236 3797 quia
1246 3699 1455 3796 linguarum
1465 3697 1516 3771 di·

289 3810 443 3884 versitas
455 3811 739 3887 ecclesiasticum
756 3813 916 3888 ordinem
934 3836 1003 3887 non
1022 3814 1218 3889 confundit.
1235 3816 1329 3888 Nam
1343 3811 1451 3887 Sedes
1471 3817 1516 3886 A·

291 3923 459 4020 postolica
476 3949 560 3998 eum
579 3925 627 3999 sit
644 3925 720 4023 ipsa
738 3925 850 3999 latina
867 3927 905 3999 in
924 3928 1050 4002 multis
1071 3937 1189 4004 tamen
1206 3928 1291 4002 loeis
1305 3947 1366 4024 pro
1379 3925 1515 4001 ratione

291 4038 414 4135 patriae
422 4061 560 4133 grecos
574 4040 780 4115 Sacerdotes
798 4050 833 4114 et
846 4065 986 4139 semper
998 4051 1035 4117 et
1047 4066 1146 4116 nunc
1159 4040 1515 4139 usqueoonstituens‚

291 4152 477 4250 privilegii
491 4155 548 4228 sui
562 4154 774 4230 detrimenta
788 4154 969 4230 necdcbet
977 4156 1120 4229 sentire.
1130 4154 1269 4229 Vicarii
1279 4153 1515 4227 Orientalium

291 4267 469 4342 dixerunt.
481 4269 602 4342 Etiam
615 4270 646 4342 si
660 4271 866 4344 Graecorum
882 4269 1177 4367 Presbyterorum
1186 4268 1443 4343 ordinationem
1456 4291 1517 4341 ve·

291 4381 356 4455 stri
380 4381 472 4455 iuris
496 4382 609 4458 fuisse
634 4383 800 4472 doceatis,
817 4383 917 4456 illam
936 4394 1056 4457 tamen
1074 4383 1226 4480 patriam
1240 4384 1446 4457 Graecorum
1465 4405 1517 4456 re·

291 4516 365 4590 guo
382 4494 600 4591 pertinuisse
618 4520 804 4595 nunquam
823 4520 956 4594 negare
974 4497 1144 4596 poteritis.
1161 4497 1289 4593 Legati
1305 4503 1440 4570 sanetae
1452 4497 1518 4569 Ro
