3608 5498
800 399 841 414 -
868 368 931 430 136
955 400 996 416 ·-

683 478 685 484 ’
825 527 976 611 ocum.

382 729 600 806 Benedictus
623 729 676 802 III
692 728 836 801 natione
853 729 1033 801 Romanus
1050 728 1249 817 constitnit,
1268 737 1310 803 ut
1326 753 1410 804 cnm
1428 729 1512 827 Epi·

287 868 425 946 scopus,
438 840 641 939 Presbyter,
659 849 724 914 aut
740 840 930 928 Diaconus,
945 862 1082 914 necnon
1099 849 1136 914 et
1149 840 1278 939 reliqui
1299 841 1422 918 clerici
1439 866 1512 918 mo

287 967 461 1045 rerentur,
478 953 644 1029 Pontifex
659 978 732 1027 una
750 978 834 1028 cum
852 953 1017 1027 omnibus
1031 954 1216 1053 Episcopis
1232 963 1269 1028 et
1280 954 1510 1054 Presbyteris

286 1081 394 1168 atque
411 1068 579 1143 Diaconis
604 1088 743 1142 necnon
761 1065 908 1163 reliquis
933 1066 1076 1142 clericis
1100 1067 1145 1141 ad
1161 1068 1240 1142 eius
1264 1069 1510 1167 sepeliendum

287 1208 416 1284 corpus
429 1192 464 1258 et
477 1178 792 1256 commendandam
810 1179 967 1252 animam
980 1180 1198 1255 conveniret.
1212 1181 1386 1257 Similiter
1399 1182 1509 1257 etiam

287 1298 356 1396 ipsi
373 1297 535 1372 facerent
551 1319 635 1369 cum
661 1293 826 1369 Pontifex
845 1293 891 1367 ab
907 1293 975 1368 hac
1000 1293 1081 1368 luce
1107 1294 1310 1389 migrasset.
1336 1295 1405 1370 Hic
1422 1294 1510 1369 dum

287 1421 382 1488 esset
397 1412 533 1486 electus
550 1408 705 1483 factione
717 1408 974 1508 Episcoporum
988 1407 1157 1482 Radoaldi
1170 1408 1377 1484 Portuensis
1388 1418 1426 1508 et
1443 1413 1511 1483 Ar·

288 1525 380 1600 senii
397 1523 585 1598 Hortensio
600 1531 723 1599 actum
740 1530 849 1596 estut
865 1546 886 1594 a
900 1521 1032 1617 legatis
1045 1524 1302 1622 imperatorum
1317 1521 1510 1599 Hludovici

288 1647 325 1714 et
349 1636 507 1712 Lotharii
533 1633 743 1711 Cardinales
768 1644 984 1730 cogerentur
1001 1635 1126 1709 multis
1142 1635 1287 1709 iniuriis
1311 1645 1348 1711 et
1364 1636 1512 1712 commi·

288 1749 494 1825 nationibus
510 1749 581 1821 imo
598 1757 634 1822 et
647 1747 849 1843 gladiorum
862 1771 968 1846 super
981 1772 1019 1822 se
1031 1747 1345 1843 evaginationibus
1358 1753 1510 1824 Anasta-

289 1865 382 1939 sium
401 1887 506 1962 quom
525 1863 594 1935 IlII
611 1863 680 1936 Leo
692 1861 902 1960 deposuerat
914 1860 983 1934 sibi
995 1883 1199 1958 promovere
1211 1861 1431 1936 Pontificem.
1440 1861 1511 1936 Sed

288 1980 362 2053 Deo
379 1985 545 2075 operante
563 1976 614 2048 ita
631 1976 804 2075 patientia
821 1985 857 2051 et
873 1974 1112 2049 unanimitate
1129 1974 1186 2047 sui
1210 1974 1348 2050 eosdem
1366 1998 1512 2073 snpera-

287 2098 420 2162 verunt
444 2098 486 2162 ut
502 2085 539 2161 in
561 2087 653 2162 facie
673 2087 880 2162 eorumdem
906 2088 1128 2187 praephatum
1154 2088 1388 2164 Benedictum
1413 2089 1509 2190 apud

286 2202 431 2278 beatum
456 2204 604 2276 Petrum
631 2201 839 2277 Pontificem
872 2213 1134 2293 consecrarent,
1159 2213 1205 2291 et,
1230 2227 1364 2299 magna
1388 2203 1508 2302 populi

287 2316 517 2393 commitante
534 2326 681 2392 caterva
693 2315 737 2389 ad
751 2319 990 2392 Lateranense
1002 2316 1269 2392 Patriarchium
1282 2317 1508 2394 deducerent

817 2543 986 2628 oovflss.

382 2759 580 2838 Nioholaus
597 2760 736 2861 primus
752 2761 911 2862 suscepit
927 2764 1178 2837 Ravennatum
1195 2772 1231 2837 ct
1243 2761 1385 2839 Emiliae
1397 2767 1510 2863 Lega-

288 2877 432 2965 tionem,
448 2876 511 2974 qui
527 2900 549 2948 a
566 2874 722 2949 Iohanne
739 2874 900 2949 ciusdem
925 2876 1026 2951 urbis
1050 2875 1314 2976 archiepiscopo
1338 2877 1376 2951 in
1403 2879 1511 2955 rebus

288 3003 324 3067 et
340 2992 431 3065 iuris
448 2990 505 3065 sui
522 2989 795 3091 proprietatibus
813 2989 1033 3064 incommoda
1051 2989 1286 3078 sustinebant,
1302 3000 1382 3066 uta
1398 2993 1510 3068 tantis

286 3103 571 3206 oppressionibus
579 3114 802 3178 eruerentur.
812 3107 971 3191 Quorum
980 3104 1037 3205 pie
1047 3103 1220 3179 clamores
1227 3105 1377 3181 audiens
1389 3107 1509 3206 ipsnm

287 3220 419 3316 legatis
437 3219 513 3293 suis
527 3226 563 3292 et
575 3217 692 3293 literis
704 3219 824 3315 sepius
838 3218 1154 3318 Archiepiscopum
1167 3229 1209 3294 ut
1221 3220 1354 3295 talibus
1367 3221 1510 3298 cederet

287 3334 435 3408 monuit.
460 3332 575 3409 Cuius
596 3328 771 3430 praecepta
796 3355 880 3406 oum
902 3333 1097 3410 declinaret
1122 3345 1158 3411 et
1181 3335 1227 3409 ad
1250 3335 1414 3409 sinodum
1432 3335 1510 3411 suis

287 3471 370 3522 eum
395 3446 510 3521 literis
531 3445 685 3534 vocavit,
703 3455 740 3520 et
756 3446 896 3520 veniret
922 3457 1243 3546 contempnentem,
1260 3449 1509 3524 communione

287 3559 455 3661 privavit.
472 3558 568 3634 Idem
586 3583 670 3633 vero
688 3558 986 3660 archiepiscopus
1002 3562 1149 3658 Papiam
1171 3584 1336 3658 pergens,
1354 3563 1510 3661 Impera-

287 3674 374 3749 toris
392 3673 585 3749 Hludorici
601 3673 749 3747 auribus
767 3673 966 3748 molestiam
984 3673 1119 3763 intulit,
1144 3673 1390 3773 auxiliumque
1407 3699 1510 3749 mun·

287 3787 420 3861 danum
433 3787 610 3884 quesivit,
623 3797 658 3862 et
671 3787 827 3884 acceptis
840 3787 885 3861 ab
898 3790 1113 3885 Imperatore
1125 3788 1259 3885 legatis
1272 3791 1418 3862 Romam
1432 3811 1510 3888 per-

288 3902 397 3977 venit.
411 3901 576 3977 Pontifex
588 3911 722 3991 autem,
734 3903 819 4001 quia
833 3912 957 3977 contra
971 3924 1090 3977 sacros
1103 3923 1256 3976 canones
1268 3900 1510 3975 excommuni-

290 4026 369 4092 cato
381 4017 745 4105 communicaverant,
755 4017 892 4114 legatos
901 4015 1057 4112 benigno
1067 4015 1263 4110 redarguit,
1271 4024 1308 4090 et
1319 4013 1433 4089 cidem
1442 4018 1510 4087 Ar·

288 4129 511 4228 chiepiscopo
523 4140 565 4203 ut
580 4129 625 4204 ad
642 4130 804 4205 sinodum
823 4133 1019 4205 Romanam
1036 4130 1288 4205 satisfacturus
1306 4136 1510 4226 properaret

288 4243 482 4317 mandavit.
492 4246 538 4317 Et
550 4242 655 4317 infra.
664 4244 735 4331 Qui
748 4269 832 4318 cum
845 4244 971 4319 venire
985 4243 1158 4318 noluisset
1169 4241 1399 4316 beatissimus
1411 4242 1510 4338 Papa

288 4350 497 4434 Ravennam
512 4359 680 4453 perrexit.
694 4359 809 4434 Cuius
826 4359 1022 4433 adventum
1040 4381 1124 4432 cum
1139 4354 1438 4455 archiepiscopus
1454 4375 1510 4428 oo

288 4471 485 4567 gnovisset,
501 4471 632 4546 iterum
651 4471 798 4569 Papiam
815 4471 860 4546 ad
874 4474 1128 4568 Imperatorem
1141 4468 1239 4544 adiit.
1253 4470 1412 4546 Domnns
1424 4489 1511 4543 vero
