<?xml version="1.0" encoding="UTF-8"?>
<!DOCTYPE html PUBLIC "-//W3C//DTD XHTML 1.0 Transitional//EN"
    "http://www.w3.org/TR/xhtml1/DTD/xhtml1-transitional.dtd">
<html xmlns="http://www.w3.org/1999/xhtml" xml:lang="en" lang="en">
 <head>
  <title>
</title>
<meta http-equiv="Content-Type" content="text/html;charset=utf-8" />
  <meta name='ocr-system' content='tesseract 3.04.00' />
  <meta name='ocr-capabilities' content='ocr_page ocr_carea ocr_par ocr_line ocrx_word'/>
</head>
<body>
  <div class='ocr_page' id='page_1' title='image "./collectiocanonu00deusgoog_0044.png"; bbox 0 0 3608 5498; ppageno 0'>
   <div class='ocr_carea' id='block_1_1' title="bbox 816 423 990 487">
    <p class='ocr_par' dir='ltr' id='par_1_1' title="bbox 816 423 990 487">
     <span class='ocr_line' id='line_1_1' title="bbox 816 423 990 487; baseline 0.006 -13"><span class='ocrx_word' id='word_1_1' title='bbox 816 423 990 487; x_wconf 69' lang='lat'><strong>...13-</strong></span> 
     </span>
    </p>
   </div>
   <div class='ocr_carea' id='block_1_2' title="bbox 291 542 1414 872">
    <p class='ocr_par' dir='ltr' id='par_1_2' title="bbox 291 542 1414 872">
     <span class='ocr_line' id='line_1_2' title="bbox 292 542 1414 643; baseline 0.002 -24"><span class='ocrx_word' id='word_1_2' title='bbox 292 545 343 619; x_wconf 91' lang='lat' dir='ltr'><strong>De</strong></span> <span class='ocrx_word' id='word_1_3' title='bbox 359 544 624 620; x_wconf 85' lang='lat' dir='ltr'><strong>consecratione</strong></span> <span class='ocrx_word' id='word_1_4' title='bbox 641 543 849 620; x_wconf 84' lang='lat' dir='ltr'><strong>Simcusani</strong></span> <span class='ocrx_word' id='word_1_5' title='bbox 868 542 1146 643; x_wconf 85' lang='lat' dir='ltr'><strong>Archiepiscopi.</strong></span> <span class='ocrx_word' id='word_1_6' title='bbox 1165 546 1248 643; x_wconf 86' lang='lat' dir='ltr'><strong>Cap.</strong></span> <span class='ocrx_word' id='word_1_7' title='bbox 1266 549 1414 622; x_wconf 84' lang='lat' dir='ltr'>CXXX.</span> 
     </span>
     <span class='ocr_line' id='line_1_3' title="bbox 291 657 1366 757; baseline 0.006 -27"><span class='ocrx_word' id='word_1_8' title='bbox 291 659 344 731; x_wconf 86' lang='lat' dir='ltr'><strong>Ile</strong></span> <span class='ocrx_word' id='word_1_9' title='bbox 361 658 625 734; x_wconf 87' lang='lat' dir='ltr'><strong>consecratione</strong></span> <span class='ocrx_word' id='word_1_10' title='bbox 643 657 841 733; x_wconf 75' lang='lat' dir='ltr'>salonitani</span> <span class='ocrx_word' id='word_1_11' title='bbox 860 657 1140 756; x_wconf 83' lang='lat' dir='ltr'><strong>Archiepiseopi.</strong></span> <span class='ocrx_word' id='word_1_12' title='bbox 1159 661 1243 757; x_wconf 85' lang='lat' dir='ltr'><strong>Cap.</strong></span> <span class='ocrx_word' id='word_1_13' title='bbox 1262 662 1366 736; x_wconf 88' lang='lat' dir='ltr'>CLX.</span> 
     </span>
     <span class='ocr_line' id='line_1_4' title="bbox 291 769 1357 872; baseline 0.004 -26"><span class='ocrx_word' id='word_1_14' title='bbox 291 772 343 846; x_wconf 90' lang='lat' dir='ltr'><strong>De</strong></span> <span class='ocrx_word' id='word_1_15' title='bbox 359 772 625 848; x_wconf 85' lang='lat' dir='ltr'><strong>consecratione</strong></span> <span class='ocrx_word' id='word_1_16' title='bbox 643 771 828 846; x_wconf 85' lang='lat' dir='ltr'><strong>Turritani</strong></span> <span class='ocrx_word' id='word_1_17' title='bbox 847 769 1128 870; x_wconf 82' lang='lat' dir='ltr'><strong>Archiepiscopi.</strong></span> <span class='ocrx_word' id='word_1_18' title='bbox 1146 775 1230 872; x_wconf 88' lang='lat' dir='ltr'><strong>Cap.</strong></span> <span class='ocrx_word' id='word_1_19' title='bbox 1249 776 1357 851; x_wconf 92' lang='lat' dir='ltr'><strong>CCV.</strong></span> 
     </span>
    </p>
   </div>
   <div class='ocr_carea' id='block_1_3' title="bbox 287 882 1515 4595">
    <p class='ocr_par' dir='ltr' id='par_1_3' title="bbox 289 882 1512 1210">
     <span class='ocr_line' id='line_1_5' title="bbox 291 882 1416 986; baseline 0.005 -28"><span class='ocrx_word' id='word_1_20' title='bbox 291 885 342 959; x_wconf 93' lang='lat' dir='ltr'><strong>De</strong></span> <span class='ocrx_word' id='word_1_21' title='bbox 359 882 530 960; x_wconf 82' lang='lat' dir='ltr'>electione</span> <span class='ocrx_word' id='word_1_22' title='bbox 550 883 824 960; x_wconf 87' lang='lat' dir='ltr'><strong>Mediolanensis</strong></span> <span class='ocrx_word' id='word_1_23' title='bbox 842 884 1120 983; x_wconf 87' lang='lat' dir='ltr'><strong>Archiepiscopi.</strong></span> <span class='ocrx_word' id='word_1_24' title='bbox 1139 888 1223 986; x_wconf 87' lang='lat' dir='ltr'><strong>Cap.</strong></span> <span class='ocrx_word' id='word_1_25' title='bbox 1241 890 1334 964; x_wconf 88' lang='lat' dir='ltr'><strong>CLV</strong></span> <span class='ocrx_word' id='word_1_26' title='bbox 1337 893 1416 964; x_wconf 94' lang='lat' dir='ltr'><strong>IIII.</strong></span> 
     </span>
     <span class='ocr_line' id='line_1_6' title="bbox 289 998 1512 1099; baseline 0.005 -29"><span class='ocrx_word' id='word_1_27' title='bbox 289 999 379 1073; x_wconf 88' lang='lat' dir='ltr'>Item</span> <span class='ocrx_word' id='word_1_28' title='bbox 396 998 438 1074; x_wconf 92' lang='lat' dir='ltr'><strong>de</strong></span> <span class='ocrx_word' id='word_1_29' title='bbox 455 999 718 1074; x_wconf 88' lang='lat' dir='ltr'><strong>consecratione</strong></span> <span class='ocrx_word' id='word_1_30' title='bbox 737 998 894 1074; x_wconf 89' lang='lat' dir='ltr'><strong>eiusdem</strong></span> <span class='ocrx_word' id='word_1_31' title='bbox 913 1007 948 1073; x_wconf 88' lang='lat' dir='ltr'><strong>ct</strong></span> <span class='ocrx_word' id='word_1_32' title='bbox 967 999 1221 1097; x_wconf 86' lang='lat' dir='ltr'><strong>Aquileiensis.</strong></span> <span class='ocrx_word' id='word_1_33' title='bbox 1234 1003 1318 1099; x_wconf 88' lang='lat' dir='ltr'><strong>Cap.</strong></span> <span class='ocrx_word' id='word_1_34' title='bbox 1333 1003 1512 1079; x_wconf 91' lang='lat' dir='ltr'><strong>CXLIIII.</strong></span> 
     </span>
     <span class='ocr_line' id='line_1_7' title="bbox 290 1110 1295 1210; baseline 0.003 -25"><span class='ocrx_word' id='word_1_35' title='bbox 290 1112 341 1186; x_wconf 88' lang='lat' dir='ltr'><strong>De</strong></span> <span class='ocrx_word' id='word_1_36' title='bbox 357 1113 626 1188; x_wconf 83' lang='lat' dir='ltr'><strong>consecratione</strong></span> <span class='ocrx_word' id='word_1_37' title='bbox 644 1111 843 1188; x_wconf 89' lang='lat' dir='ltr'><strong>Ticinensis</strong></span> <span class='ocrx_word' id='word_1_38' title='bbox 857 1110 1032 1208; x_wconf 88' lang='lat' dir='ltr'><strong>Episcopi.</strong></span> <span class='ocrx_word' id='word_1_39' title='bbox 1051 1113 1134 1210; x_wconf 85' lang='lat' dir='ltr'><strong>Cap.</strong></span> <span class='ocrx_word' id='word_1_40' title='bbox 1153 1114 1295 1190; x_wconf 90' lang='lat' dir='ltr'><strong>CCIIII.</strong></span> 
     </span>
    </p>

    <p class='ocr_par' dir='ltr' id='par_1_4' title="bbox 291 1225 1483 1327">
     <span class='ocr_line' id='line_1_8' title="bbox 291 1225 1483 1327; baseline 0.006 -30"><span class='ocrx_word' id='word_1_41' title='bbox 291 1225 343 1298; x_wconf 91' lang='lat' dir='ltr'><strong>De</strong></span> <span class='ocrx_word' id='word_1_42' title='bbox 358 1225 623 1301; x_wconf 80' lang='lat' dir='ltr'><strong>consecratione</strong></span> <span class='ocrx_word' id='word_1_43' title='bbox 641 1225 894 1324; x_wconf 87' lang='lat' dir='ltr'><strong>Episcoporum</strong></span> <span class='ocrx_word' id='word_1_44' title='bbox 914 1225 1074 1302; x_wconf 90' lang='lat' dir='ltr'><strong>Emilitie</strong></span> <span class='ocrx_word' id='word_1_45' title='bbox 1092 1227 1180 1326; x_wconf 80' lang='lat' dir='ltr'><strong>(sic).</strong></span> <span class='ocrx_word' id='word_1_46' title='bbox 1200 1229 1284 1327; x_wconf 84' lang='lat' dir='ltr'><strong>Cap.</strong></span> <span class='ocrx_word' id='word_1_47' title='bbox 1304 1230 1483 1306; x_wconf 92' lang='lat' dir='ltr'><strong>CCVIIII.</strong></span> 
     </span>
    </p>

    <p class='ocr_par' dir='ltr' id='par_1_5' title="bbox 290 1337 1512 1530">
     <span class='ocr_line' id='line_1_9' title="bbox 290 1337 1512 1441; baseline 0.006 -31"><span class='ocrx_word' id='word_1_48' title='bbox 290 1340 343 1413; x_wconf 91' lang='lat' dir='ltr'><strong>De</strong></span> <span class='ocrx_word' id='word_1_49' title='bbox 375 1339 620 1415; x_wconf 78' lang='lat' dir='ltr'><strong>visitatoribus</strong></span> <span class='ocrx_word' id='word_1_50' title='bbox 652 1340 838 1438; x_wconf 87' lang='lat' dir='ltr'><strong>Episcopis</strong></span> <span class='ocrx_word' id='word_1_51' title='bbox 863 1337 988 1415; x_wconf 84' lang='lat' dir='ltr'><strong>dandis</strong></span> <span class='ocrx_word' id='word_1_52' title='bbox 1017 1366 1038 1413; x_wconf 90' lang='lat' dir='ltr'><strong>a</strong></span> <span class='ocrx_word' id='word_1_53' title='bbox 1068 1341 1158 1416; x_wconf 88' lang='lat' dir='ltr'>Sede</span> <span class='ocrx_word' id='word_1_54' title='bbox 1189 1341 1402 1440; x_wconf 87' lang='lat' dir='ltr'><strong>Apostolica.</strong></span> <span class='ocrx_word' id='word_1_55' title='bbox 1428 1344 1512 1441; x_wconf 91' lang='lat' dir='ltr'><strong>Cap.</strong></span> 
     </span>
     <span class='ocr_line' id='line_1_10' title="bbox 363 1454 594 1530; baseline 0 -1"><span class='ocrx_word' id='word_1_56' title='bbox 363 1454 594 1530; x_wconf 83' lang='lat' dir='ltr'><strong>CLXXXVI.</strong></span> 
     </span>
    </p>

    <p class='ocr_par' dir='ltr' id='par_1_6' title="bbox 293 1569 1514 1665">
     <span class='ocr_line' id='line_1_11' title="bbox 293 1569 1514 1665; baseline 0.001 -23"><span class='ocrx_word' id='word_1_57' title='bbox 293 1570 392 1656; x_wconf 87' lang='lat' dir='ltr'><strong>Quod</strong></span> <span class='ocrx_word' id='word_1_58' title='bbox 412 1571 593 1644; x_wconf 85' lang='lat' dir='ltr'><strong>Pannonia</strong></span> <span class='ocrx_word' id='word_1_59' title='bbox 616 1571 663 1645; x_wconf 87' lang='lat' dir='ltr'><strong>sit</strong></span> <span class='ocrx_word' id='word_1_60' title='bbox 680 1572 718 1644; x_wconf 90' lang='lat' dir='ltr'><strong>in</strong></span> <span class='ocrx_word' id='word_1_61' title='bbox 737 1575 895 1646; x_wconf 86' lang='lat' dir='ltr'><strong>Romana</strong></span> <span class='ocrx_word' id='word_1_62' title='bbox 907 1569 1047 1644; x_wconf 86' lang='lat' dir='ltr'><strong>diocesi.</strong></span> <span class='ocrx_word' id='word_1_63' title='bbox 1061 1570 1146 1665; x_wconf 88' lang='lat' dir='ltr'><strong>Cap.</strong></span> <span class='ocrx_word' id='word_1_64' title='bbox 1160 1569 1320 1644; x_wconf 81' lang='lat' dir='ltr'><strong>CXCIII.</strong></span> <span class='ocrx_word' id='word_1_65' title='bbox 1335 1569 1514 1646; x_wconf 91' lang='lat' dir='ltr'><strong>CXCIIII.</strong></span> 
     </span>
    </p>

    <p class='ocr_par' dir='ltr' id='par_1_7' title="bbox 293 1681 1515 1894">
     <span class='ocr_line' id='line_1_12' title="bbox 293 1681 1515 1782; baseline -0.001 -27"><span class='ocrx_word' id='word_1_66' title='bbox 293 1683 344 1757; x_wconf 90' lang='lat' dir='ltr'><strong>De</strong></span> <span class='ocrx_word' id='word_1_67' title='bbox 362 1707 473 1779; x_wconf 78' lang='lat' dir='ltr'><strong>regno</strong></span> <span class='ocrx_word' id='word_1_68' title='bbox 498 1684 681 1781; x_wconf 81' lang='lat' dir='ltr'><strong>Bnlgariae</strong></span> <span class='ocrx_word' id='word_1_69' title='bbox 698 1686 790 1782; x_wconf 92' lang='lat' dir='ltr'><strong>quod</strong></span> <span class='ocrx_word' id='word_1_70' title='bbox 807 1686 855 1759; x_wconf 88' lang='lat' dir='ltr'><strong>sit</strong></span> <span class='ocrx_word' id='word_1_71' title='bbox 872 1687 908 1758; x_wconf 90' lang='lat' dir='ltr'><strong>in</strong></span> <span class='ocrx_word' id='word_1_72' title='bbox 927 1687 1084 1758; x_wconf 81' lang='lat' dir='ltr'><strong>Romana</strong></span> <span class='ocrx_word' id='word_1_73' title='bbox 1101 1681 1244 1768; x_wconf 83' lang='lat' dir='ltr'><strong>diocesi,</strong></span> <span class='ocrx_word' id='word_1_74' title='bbox 1260 1692 1296 1756; x_wconf 89' lang='lat' dir='ltr'><strong>et</strong></span> <span class='ocrx_word' id='word_1_75' title='bbox 1321 1691 1394 1758; x_wconf 84' lang='lat' dir='ltr'><strong>tota</strong></span> <span class='ocrx_word' id='word_1_76' title='bbox 1412 1681 1515 1756; x_wconf 91' lang='lat' dir='ltr'><strong>Hilli-</strong></span> 
     </span>
     <span class='ocr_line' id='line_1_13' title="bbox 362 1795 951 1894; baseline 0.007 -27"><span class='ocrx_word' id='word_1_77' title='bbox 362 1795 470 1872; x_wconf 88' lang='lat' dir='ltr'><strong>ricus.</strong></span> <span class='ocrx_word' id='word_1_78' title='bbox 493 1798 578 1894; x_wconf 89' lang='lat' dir='ltr'><strong>Cap.</strong></span> <span class='ocrx_word' id='word_1_79' title='bbox 596 1799 739 1873; x_wconf 87' lang='lat' dir='ltr'><strong>CXCII.</strong></span> <span class='ocrx_word' id='word_1_80' title='bbox 755 1808 791 1872; x_wconf 93' lang='lat' dir='ltr'><strong>et</strong></span> <span class='ocrx_word' id='word_1_81' title='bbox 809 1798 951 1873; x_wconf 86' lang='lat' dir='ltr'><strong>CXCV.</strong></span> 
     </span>
    </p>

    <p class='ocr_par' dir='ltr' id='par_1_8' title="bbox 292 1910 1156 2008">
     <span class='ocr_line' id='line_1_14' title="bbox 292 1910 1156 2008; baseline 0 -25"><span class='ocrx_word' id='word_1_82' title='bbox 292 1911 343 1983; x_wconf 90' lang='lat' dir='ltr'><strong>De</strong></span> <span class='ocrx_word' id='word_1_83' title='bbox 359 1910 518 1983; x_wconf 87' lang='lat' dir='ltr'><strong>Romano</strong></span> <span class='ocrx_word' id='word_1_84' title='bbox 535 1911 676 1986; x_wconf 91' lang='lat' dir='ltr'><strong>diocesi.</strong></span> <span class='ocrx_word' id='word_1_85' title='bbox 693 1912 778 2008; x_wconf 87' lang='lat' dir='ltr'><strong>Cap.</strong></span> <span class='ocrx_word' id='word_1_86' title='bbox 795 1913 996 1985; x_wconf 81' lang='lat' dir='ltr'><strong>LXXXVI.</strong></span> <span class='ocrx_word' id='word_1_87' title='bbox 1014 1910 1156 1985; x_wconf 91' lang='lat' dir='ltr'><strong>CXCV.</strong></span> 
     </span>
    </p>

    <p class='ocr_par' dir='ltr' id='par_1_9' title="bbox 292 2023 1510 2122">
     <span class='ocr_line' id='line_1_15' title="bbox 292 2023 1510 2122; baseline 0.003 -28"><span class='ocrx_word' id='word_1_88' title='bbox 292 2023 379 2108; x_wconf 82' lang='lat' dir='ltr'><strong>Quae</strong></span> <span class='ocrx_word' id='word_1_89' title='bbox 395 2033 552 2120; x_wconf 88' lang='lat' dir='ltr'><strong>tempora</strong></span> <span class='ocrx_word' id='word_1_90' title='bbox 569 2048 639 2098; x_wconf 92' lang='lat' dir='ltr'><strong>non</strong></span> <span class='ocrx_word' id='word_1_91' title='bbox 658 2024 903 2122; x_wconf 81' lang='lat' dir='ltr'><strong>praeiudicant</strong></span> <span class='ocrx_word' id='word_1_92' title='bbox 921 2029 1089 2100; x_wconf 84' lang='lat' dir='ltr'><strong>Romanae</strong></span> <span class='ocrx_word' id='word_1_93' title='bbox 1106 2024 1247 2098; x_wconf 87' lang='lat' dir='ltr'><strong>diocesi.</strong></span> <span class='ocrx_word' id='word_1_94' title='bbox 1265 2025 1350 2121; x_wconf 86' lang='lat' dir='ltr'><strong>Cap.</strong></span> <span class='ocrx_word' id='word_1_95' title='bbox 1368 2025 1510 2099; x_wconf 87' lang='lat' dir='ltr'><strong>CXCV.</strong></span> 
     </span>
    </p>

    <p class='ocr_par' dir='ltr' id='par_1_10' title="bbox 292 2136 1514 2236">
     <span class='ocr_line' id='line_1_16' title="bbox 292 2136 1514 2236; baseline 0.002 -26"><span class='ocrx_word' id='word_1_96' title='bbox 292 2136 481 2212; x_wconf 86' lang='lat' dir='ltr'><strong>Dediooesi</strong></span> <span class='ocrx_word' id='word_1_97' title='bbox 497 2138 737 2214; x_wconf 81' lang='lat' dir='ltr'><strong>Alexandrina</strong></span> <span class='ocrx_word' id='word_1_98' title='bbox 747 2149 783 2216; x_wconf 90' lang='lat' dir='ltr'><strong>et</strong></span> <span class='ocrx_word' id='word_1_99' title='bbox 797 2138 1030 2225; x_wconf 81' lang='lat' dir='ltr'><strong>Antiocheno,</strong></span> <span class='ocrx_word' id='word_1_100' title='bbox 1043 2150 1079 2212; x_wconf 90' lang='lat' dir='ltr'><strong>et</strong></span> <span class='ocrx_word' id='word_1_101' title='bbox 1094 2137 1416 2213; x_wconf 84' lang='lat' dir='ltr'><strong>Hierosolimitana.</strong></span> <span class='ocrx_word' id='word_1_102' title='bbox 1427 2139 1514 2236; x_wconf 85' lang='lat' dir='ltr'><strong>Cap.</strong></span> 
     </span>
    </p>

    <p class='ocr_par' dir='ltr' id='par_1_11' title="bbox 291 2365 1116 2466">
     <span class='ocr_line' id='line_1_17' title="bbox 291 2365 1116 2466; baseline 0.001 -29"><span class='ocrx_word' id='word_1_103' title='bbox 291 2367 342 2439; x_wconf 89' lang='lat' dir='ltr'><strong>De</strong></span> <span class='ocrx_word' id='word_1_104' title='bbox 359 2365 509 2440; x_wconf 88' lang='lat' dir='ltr'><strong>ecclesia</strong></span> <span class='ocrx_word' id='word_1_105' title='bbox 527 2367 926 2466; x_wconf 82' lang='lat' dir='ltr'><strong>Constantinopolitano.</strong></span> <span class='ocrx_word' id='word_1_106' title='bbox 944 2367 1030 2463; x_wconf 85' lang='lat' dir='ltr'><strong>Cap.</strong></span> <span class='ocrx_word' id='word_1_107' title='bbox 1049 2367 1116 2441; x_wconf 91' lang='lat' dir='ltr'><strong>CL.</strong></span> 
     </span>
    </p>

    <p class='ocr_par' dir='ltr' id='par_1_12' title="bbox 292 2478 1513 2690">
     <span class='ocr_line' id='line_1_18' title="bbox 292 2478 1513 2579; baseline 0.001 -27"><span class='ocrx_word' id='word_1_108' title='bbox 292 2479 342 2552; x_wconf 90' lang='lat' dir='ltr'><strong>De</strong></span> <span class='ocrx_word' id='word_1_109' title='bbox 360 2478 544 2576; x_wconf 90' lang='lat' dir='ltr'><strong>Episcopis</strong></span> <span class='ocrx_word' id='word_1_110' title='bbox 565 2479 967 2579; x_wconf 86' lang='lat' dir='ltr'><strong>Constantinopolitanis</strong></span> <span class='ocrx_word' id='word_1_111' title='bbox 988 2478 1165 2552; x_wconf 88' lang='lat' dir='ltr'><strong>damnatis</strong></span> <span class='ocrx_word' id='word_1_112' title='bbox 1190 2502 1210 2548; x_wconf 88' lang='lat' dir='ltr'><strong>a</strong></span> <span class='ocrx_word' id='word_1_113' title='bbox 1230 2481 1385 2551; x_wconf 84' lang='lat' dir='ltr'><strong>Romana</strong></span> <span class='ocrx_word' id='word_1_114' title='bbox 1414 2478 1513 2553; x_wconf 88' lang='lat' dir='ltr'>Sede.</span> 
     </span>
     <span class='ocr_line' id='line_1_19' title="bbox 362 2592 942 2690; baseline -0.003 -24"><span class='ocrx_word' id='word_1_115' title='bbox 362 2592 447 2690; x_wconf 90' lang='lat' dir='ltr'><strong>Cap.</strong></span> <span class='ocrx_word' id='word_1_116' title='bbox 463 2595 598 2668; x_wconf 90' lang='lat' dir='ltr'><strong>XXVI.</strong></span> <span class='ocrx_word' id='word_1_117' title='bbox 615 2594 651 2667; x_wconf 90' lang='lat' dir='ltr'><strong>in</strong></span> <span class='ocrx_word' id='word_1_118' title='bbox 670 2596 754 2668; x_wconf 81' lang='lat' dir='ltr'><strong>IIII⁰</strong></span> <span class='ocrx_word' id='word_1_119' title='bbox 772 2594 831 2670; x_wconf 91' lang='lat' dir='ltr'><strong>lib.</strong></span> <span class='ocrx_word' id='word_1_120' title='bbox 849 2594 942 2669; x_wconf 90' lang='lat' dir='ltr'><strong>XCI.</strong></span> 
     </span>
    </p>

    <p class='ocr_par' dir='ltr' id='par_1_13' title="bbox 291 2704 1514 2917">
     <span class='ocr_line' id='line_1_20' title="bbox 291 2704 1514 2802; baseline -0.001 -23"><span class='ocrx_word' id='word_1_121' title='bbox 291 2707 343 2780; x_wconf 91' lang='lat' dir='ltr'><strong>De</strong></span> <span class='ocrx_word' id='word_1_122' title='bbox 360 2707 726 2784; x_wconf 80' lang='lat' dir='ltr'><strong>excommunicatione</strong></span> <span class='ocrx_word' id='word_1_123' title='bbox 742 2707 901 2783; x_wconf 87' lang='lat' dir='ltr'><strong>eiusdem</strong></span> <span class='ocrx_word' id='word_1_124' title='bbox 919 2704 1080 2781; x_wconf 86' lang='lat' dir='ltr'><strong>civitatis</strong></span> <span class='ocrx_word' id='word_1_125' title='bbox 1102 2704 1267 2802; x_wconf 88' lang='lat' dir='ltr'><strong>Episcopi</strong></span> <span class='ocrx_word' id='word_1_126' title='bbox 1293 2706 1354 2802; x_wconf 91' lang='lat' dir='ltr'><strong>qui</strong></span> <span class='ocrx_word' id='word_1_127' title='bbox 1380 2730 1417 2779; x_wconf 91' lang='lat' dir='ltr'><strong>se</strong></span> <span class='ocrx_word' id='word_1_128' title='bbox 1436 2705 1514 2778; x_wconf 90' lang='lat' dir='ltr'><strong>uni-</strong></span> 
     </span>
     <span class='ocr_line' id='line_1_21' title="bbox 363 2818 999 2917; baseline 0.003 -28"><span class='ocrx_word' id='word_1_129' title='bbox 363 2818 538 2893; x_wconf 89' lang='lat' dir='ltr'><strong>versalem</strong></span> <span class='ocrx_word' id='word_1_130' title='bbox 555 2820 766 2894; x_wconf 86' lang='lat' dir='ltr'><strong>nominavit.</strong></span> <span class='ocrx_word' id='word_1_131' title='bbox 784 2820 869 2917; x_wconf 86' lang='lat' dir='ltr'><strong>Cap.</strong></span> <span class='ocrx_word' id='word_1_132' title='bbox 887 2819 999 2894; x_wconf 83' lang='lat' dir='ltr'><strong>CXV.</strong></span> 
     </span>
    </p>

    <p class='ocr_par' dir='ltr' id='par_1_14' title="bbox 291 2929 1513 3144">
     <span class='ocr_line' id='line_1_22' title="bbox 291 2929 1513 3030; baseline -0.001 -25"><span class='ocrx_word' id='word_1_133' title='bbox 291 2933 342 3005; x_wconf 89' lang='lat' dir='ltr'><strong>De</strong></span> <span class='ocrx_word' id='word_1_134' title='bbox 355 2931 548 3007; x_wconf 87' lang='lat' dir='ltr'><strong>interdictu</strong></span> <span class='ocrx_word' id='word_1_135' title='bbox 561 2933 770 3030; x_wconf 81' lang='lat' dir='ltr'><strong>Apostolicae</strong></span> <span class='ocrx_word' id='word_1_136' title='bbox 780 2933 880 3008; x_wconf 89' lang='lat' dir='ltr'><strong>Sedis</strong></span> <span class='ocrx_word' id='word_1_137' title='bbox 890 2954 951 3030; x_wconf 90' lang='lat' dir='ltr'><strong>pro</strong></span> <span class='ocrx_word' id='word_1_138' title='bbox 960 2931 1080 3006; x_wconf 88' lang='lat' dir='ltr'><strong>eodem</strong></span> <span class='ocrx_word' id='word_1_139' title='bbox 1095 2929 1275 3005; x_wconf 90' lang='lat' dir='ltr'><strong>vocabulo.</strong></span> <span class='ocrx_word' id='word_1_140' title='bbox 1285 2932 1369 3029; x_wconf 85' lang='lat' dir='ltr'><strong>Cap.</strong></span> <span class='ocrx_word' id='word_1_141' title='bbox 1384 2931 1513 3005; x_wconf 90' lang='lat' dir='ltr'><strong>CXVI.</strong></span> 
     </span>
     <span class='ocr_line' id='line_1_23' title="bbox 363 3043 807 3144; baseline 0.014 -29"><span class='ocrx_word' id='word_1_142' title='bbox 363 3043 401 3118; x_wconf 89' lang='lat' dir='ltr'><strong>iu</strong></span> <span class='ocrx_word' id='word_1_143' title='bbox 419 3046 504 3119; x_wconf 83' lang='grc' dir='ltr'><strong>ΙΙΙΙο</strong></span> <span class='ocrx_word' id='word_1_144' title='bbox 523 3045 582 3119; x_wconf 91' lang='lat' dir='ltr'><strong>lib.</strong></span> <span class='ocrx_word' id='word_1_145' title='bbox 599 3070 675 3144; x_wconf 86' lang='lat' dir='ltr'><strong>cap.</strong></span> <span class='ocrx_word' id='word_1_146' title='bbox 693 3048 807 3121; x_wconf 89' lang='lat' dir='ltr'><strong>VIIII.</strong></span> 
     </span>
    </p>

    <p class='ocr_par' dir='ltr' id='par_1_15' title="bbox 291 3157 1514 3483">
     <span class='ocr_line' id='line_1_24' title="bbox 291 3157 1514 3262; baseline -0.001 -30"><span class='ocrx_word' id='word_1_147' title='bbox 291 3158 391 3245; x_wconf 87' lang='lat' dir='ltr'><strong>Quod</strong></span> <span class='ocrx_word' id='word_1_148' title='bbox 416 3160 799 3258; x_wconf 84' lang='lat' dir='ltr'><strong>Constantinopolitani</strong></span> <span class='ocrx_word' id='word_1_149' title='bbox 825 3159 988 3256; x_wconf 85' lang='lat' dir='ltr'><strong>Episcopi</strong></span> <span class='ocrx_word' id='word_1_150' title='bbox 1014 3157 1396 3262; x_wconf 81' lang='lat' dir='ltr'><strong>anathematizaverint</strong></span> <span class='ocrx_word' id='word_1_151' title='bbox 1418 3183 1456 3233; x_wconf 90' lang='lat' dir='ltr'><strong>se</strong></span> <span class='ocrx_word' id='word_1_152' title='bbox 1478 3167 1514 3232; x_wconf 92' lang='lat' dir='ltr'><strong>et</strong></span> 
     </span>
     <span class='ocr_line' id='line_1_25' title="bbox 362 3269 1514 3371; baseline -0.003 -24"><span class='ocrx_word' id='word_1_153' title='bbox 362 3296 583 3349; x_wconf 83' lang='lat' dir='ltr'><strong>successores</strong></span> <span class='ocrx_word' id='word_1_154' title='bbox 596 3297 678 3348; x_wconf 89' lang='lat' dir='ltr'><strong>suos</strong></span> <span class='ocrx_word' id='word_1_155' title='bbox 691 3274 722 3346; x_wconf 92' lang='lat' dir='ltr'><strong>si</strong></span> <span class='ocrx_word' id='word_1_156' title='bbox 739 3273 930 3371; x_wconf 89' lang='lat' dir='ltr'><strong>quiequam</strong></span> <span class='ocrx_word' id='word_1_157' title='bbox 941 3281 1209 3370; x_wconf 87' lang='lat' dir='ltr'><strong>praesumerent</strong></span> <span class='ocrx_word' id='word_1_158' title='bbox 1222 3279 1346 3345; x_wconf 85' lang='lat' dir='ltr'><strong>contra</strong></span> <span class='ocrx_word' id='word_1_159' title='bbox 1359 3269 1514 3344; x_wconf 85' lang='lat' dir='ltr'><strong>alicuius</strong></span> 
     </span>
     <span class='ocr_line' id='line_1_26' title="bbox 361 3385 906 3483; baseline 0.002 -24"><span class='ocrx_word' id='word_1_160' title='bbox 361 3385 524 3483; x_wconf 90' lang='lat' dir='ltr'><strong>Episcopi</strong></span> <span class='ocrx_word' id='word_1_161' title='bbox 542 3386 671 3461; x_wconf 90' lang='lat' dir='ltr'><strong>sedem.</strong></span> <span class='ocrx_word' id='word_1_162' title='bbox 692 3388 775 3482; x_wconf 89' lang='lat' dir='ltr'><strong>Cap.</strong></span> <span class='ocrx_word' id='word_1_163' title='bbox 794 3386 906 3460; x_wconf 89' lang='lat' dir='ltr'><strong>CXV.</strong></span> 
     </span>
    </p>

    <p class='ocr_par' dir='ltr' id='par_1_16' title="bbox 290 3497 1513 3710">
     <span class='ocr_line' id='line_1_27' title="bbox 290 3497 1513 3596; baseline -0.002 -25"><span class='ocrx_word' id='word_1_164' title='bbox 290 3498 390 3583; x_wconf 85' lang='lat' dir='ltr'><strong>Quod</strong></span> <span class='ocrx_word' id='word_1_165' title='bbox 407 3498 491 3572; x_wconf 93' lang='lat' dir='ltr'><strong>olim</strong></span> <span class='ocrx_word' id='word_1_166' title='bbox 507 3497 644 3596; x_wconf 85' lang='lat' dir='ltr'><strong>absque</strong></span> <span class='ocrx_word' id='word_1_167' title='bbox 660 3497 915 3574; x_wconf 87' lang='lat' dir='ltr'><strong>satisfactionis</strong></span> <span class='ocrx_word' id='word_1_168' title='bbox 940 3497 1058 3572; x_wconf 91' lang='lat' dir='ltr'><strong>libello</strong></span> <span class='ocrx_word' id='word_1_169' title='bbox 1083 3521 1153 3572; x_wconf 92' lang='lat' dir='ltr'><strong>non</strong></span> <span class='ocrx_word' id='word_1_170' title='bbox 1181 3497 1513 3572; x_wconf 88' lang='lat' dir='ltr'><strong>reconciliabantur.</strong></span> 
     </span>
     <span class='ocr_line' id='line_1_28' title="bbox 365 3612 579 3710; baseline 0 -24"><span class='ocrx_word' id='word_1_171' title='bbox 365 3612 449 3710; x_wconf 86' lang='lat' dir='ltr'><strong>Cap.</strong></span> <span class='ocrx_word' id='word_1_172' title='bbox 467 3613 579 3689; x_wconf 91' lang='lat' dir='ltr'><strong>CXII.</strong></span> 
     </span>
    </p>

    <p class='ocr_par' dir='ltr' id='par_1_17' title="bbox 290 3723 1512 3911">
     <span class='ocr_line' id='line_1_29' title="bbox 290 3723 1512 3823; baseline 0.002 -27"><span class='ocrx_word' id='word_1_173' title='bbox 290 3725 341 3799; x_wconf 89' lang='lat' dir='ltr'><strong>De</strong></span> <span class='ocrx_word' id='word_1_174' title='bbox 366 3725 543 3800; x_wconf 89' lang='lat' dir='ltr'><strong>sententia</strong></span> <span class='ocrx_word' id='word_1_175' title='bbox 573 3724 732 3821; x_wconf 86' lang='lat' dir='ltr'><strong>Apostoli</strong></span> <span class='ocrx_word' id='word_1_176' title='bbox 761 3723 865 3798; x_wconf 90' lang='lat' dir='ltr'><strong>Pauli</strong></span> <span class='ocrx_word' id='word_1_177' title='bbox 895 3727 937 3801; x_wconf 87' lang='lat' dir='ltr'><strong>de</strong></span> <span class='ocrx_word' id='word_1_178' title='bbox 967 3725 1139 3802; x_wconf 89' lang='lat' dir='ltr'><strong>electione</strong></span> <span class='ocrx_word' id='word_1_179' title='bbox 1169 3726 1394 3801; x_wconf 87' lang='lat' dir='ltr'><strong>Pontificum.</strong></span> <span class='ocrx_word' id='word_1_180' title='bbox 1429 3726 1512 3823; x_wconf 86' lang='lat' dir='ltr'><strong>Cap.</strong></span> 
     </span>
     <span class='ocr_line' id='line_1_30' title="bbox 360 3837 470 3911; baseline 0.027 -3"><span class='ocrx_word' id='word_1_181' title='bbox 360 3837 470 3911; x_wconf 88' lang='lat' dir='ltr'><strong>XLV.</strong></span> 
     </span>
    </p>

    <p class='ocr_par' dir='ltr' id='par_1_18' title="bbox 290 3949 1512 4142">
     <span class='ocr_line' id='line_1_31' title="bbox 290 3949 1512 4049; baseline 0 -27"><span class='ocrx_word' id='word_1_182' title='bbox 290 3951 340 4024; x_wconf 88' lang='lat' dir='ltr'><strong>De</strong></span> <span class='ocrx_word' id='word_1_183' title='bbox 352 3949 524 4025; x_wconf 86' lang='lat' dir='ltr'><strong>electione</strong></span> <span class='ocrx_word' id='word_1_184' title='bbox 536 3950 685 4024; x_wconf 89' lang='lat' dir='ltr'><strong>Romani</strong></span> <span class='ocrx_word' id='word_1_185' title='bbox 701 3949 885 4025; x_wconf 88' lang='lat' dir='ltr'><strong>Pontificis</strong></span> <span class='ocrx_word' id='word_1_186' title='bbox 899 3952 957 4027; x_wconf 90' lang='lat' dir='ltr'><strong>vel</strong></span> <span class='ocrx_word' id='word_1_187' title='bbox 969 3952 1162 4028; x_wconf 89' lang='lat' dir='ltr'><strong>cuiuslibet</strong></span> <span class='ocrx_word' id='word_1_188' title='bbox 1175 3950 1417 4049; x_wconf 83' lang='lat' dir='ltr'><strong>Metropolitae.</strong></span> <span class='ocrx_word' id='word_1_189' title='bbox 1427 3950 1512 4048; x_wconf 87' lang='lat' dir='ltr'><strong>Cap.</strong></span> 
     </span>
     <span class='ocr_line' id='line_1_32' title="bbox 360 4064 1397 4142; baseline 0 -5"><span class='ocrx_word' id='word_1_190' title='bbox 360 4065 489 4140; x_wconf 91' lang='lat' dir='ltr'><strong>XCVI.</strong></span> <span class='ocrx_word' id='word_1_191' title='bbox 507 4065 711 4142; x_wconf 91' lang='lat' dir='ltr'><strong>CCXLIIII.</strong></span> <span class='ocrx_word' id='word_1_192' title='bbox 727 4073 763 4140; x_wconf 92' lang='lat' dir='ltr'><strong>et</strong></span> <span class='ocrx_word' id='word_1_193' title='bbox 780 4064 818 4137; x_wconf 90' lang='lat' dir='ltr'><strong>in</strong></span> <span class='ocrx_word' id='word_1_194' title='bbox 836 4067 903 4138; x_wconf 85' lang='lat' dir='ltr'><strong>III⁰</strong></span> <span class='ocrx_word' id='word_1_195' title='bbox 921 4064 981 4140; x_wconf 92' lang='lat' dir='ltr'><strong>lib.</strong></span> <span class='ocrx_word' id='word_1_196' title='bbox 999 4066 1102 4141; x_wconf 90' lang='lat' dir='ltr'><strong>CLII.</strong></span> <span class='ocrx_word' id='word_1_197' title='bbox 1122 4066 1241 4140; x_wconf 87' lang='lat' dir='ltr'><strong>CLIII.</strong></span> <span class='ocrx_word' id='word_1_198' title='bbox 1259 4065 1397 4140; x_wconf 91' lang='lat' dir='ltr'><strong>CLIIII.</strong></span> 
     </span>
    </p>

    <p class='ocr_par' dir='ltr' id='par_1_19' title="bbox 289 4177 1513 4367">
     <span class='ocr_line' id='line_1_33' title="bbox 289 4177 1513 4277; baseline 0.002 -27"><span class='ocrx_word' id='word_1_199' title='bbox 289 4180 378 4253; x_wconf 89' lang='lat' dir='ltr'><strong>Item</strong></span> <span class='ocrx_word' id='word_1_200' title='bbox 393 4179 436 4254; x_wconf 91' lang='lat' dir='ltr'><strong>de</strong></span> <span class='ocrx_word' id='word_1_201' title='bbox 445 4177 616 4254; x_wconf 88' lang='lat' dir='ltr'><strong>electione</strong></span> <span class='ocrx_word' id='word_1_202' title='bbox 627 4183 782 4254; x_wconf 87' lang='lat' dir='ltr'><strong>Romana</strong></span> <span class='ocrx_word' id='word_1_203' title='bbox 796 4177 855 4254; x_wconf 87' lang='lat' dir='ltr'><strong>vel</strong></span> <span class='ocrx_word' id='word_1_204' title='bbox 869 4178 1064 4254; x_wconf 88' lang='lat' dir='ltr'><strong>cuiuslibet</strong></span> <span class='ocrx_word' id='word_1_205' title='bbox 1077 4179 1251 4277; x_wconf 84' lang='lat' dir='ltr'><strong>Episcopi.</strong></span> <span class='ocrx_word' id='word_1_206' title='bbox 1266 4180 1350 4275; x_wconf 88' lang='lat' dir='ltr'><strong>Cap.</strong></span> <span class='ocrx_word' id='word_1_207' title='bbox 1364 4178 1513 4255; x_wconf 91' lang='lat' dir='ltr'><strong>CXXV.</strong></span> 
     </span>
     <span class='ocr_line' id='line_1_34' title="bbox 361 4291 831 4367; baseline -0.002 -2"><span class='ocrx_word' id='word_1_208' title='bbox 361 4291 581 4365; x_wconf 89' lang='lat' dir='ltr'><strong>CXXXVII.</strong></span> <span class='ocrx_word' id='word_1_209' title='bbox 599 4291 831 4367; x_wconf 91' lang='lat' dir='ltr'><strong>CLXXXVI.</strong></span> 
     </span>
    </p>

    <p class='ocr_par' dir='ltr' id='par_1_20' title="bbox 287 4403 1513 4595">
     <span class='ocr_line' id='line_1_35' title="bbox 287 4403 1513 4504; baseline -0.001 -27"><span class='ocrx_word' id='word_1_210' title='bbox 287 4403 389 4490; x_wconf 87' lang='lat' dir='ltr'><strong>Quod</strong></span> <span class='ocrx_word' id='word_1_211' title='bbox 405 4404 628 4481; x_wconf 90' lang='lat' dir='ltr'><strong>Clericorum</strong></span> <span class='ocrx_word' id='word_1_212' title='bbox 646 4405 694 4480; x_wconf 87' lang='lat' dir='ltr'><strong>sit</strong></span> <span class='ocrx_word' id='word_1_213' title='bbox 711 4403 839 4481; x_wconf 90' lang='lat' dir='ltr'><strong>electio</strong></span> <span class='ocrx_word' id='word_1_214' title='bbox 856 4415 892 4481; x_wconf 87' lang='lat' dir='ltr'><strong>et</strong></span> <span class='ocrx_word' id='word_1_215' title='bbox 904 4404 1130 4503; x_wconf 90' lang='lat' dir='ltr'><strong>subscriptio.</strong></span> <span class='ocrx_word' id='word_1_216' title='bbox 1143 4407 1228 4504; x_wconf 86' lang='lat' dir='ltr'><strong>Cap.</strong></span> <span class='ocrx_word' id='word_1_217' title='bbox 1242 4407 1370 4481; x_wconf 87' lang='lat' dir='ltr'><strong>XCIII.</strong></span> <span class='ocrx_word' id='word_1_218' title='bbox 1383 4403 1513 4480; x_wconf 90' lang='lat' dir='ltr'><strong>XCVI.</strong></span> 
     </span>
     <span class='ocr_line' id='line_1_36' title="bbox 360 4516 1512 4595; baseline -0.002 -5"><span class='ocrx_word' id='word_1_219' title='bbox 360 4516 799 4594; x_wconf 81' lang='lat' dir='ltr'><strong>XCVIICVIICXXIII.</strong></span> <span class='ocrx_word' id='word_1_220' title='bbox 810 4517 1512 4595; x_wconf 81' lang='lat' dir='ltr'><strong>CXXXVIICXXXVIIICLXXXVI.</strong></span> 
     </span>
    </p>
   </div>
   <div class='ocr_carea' id='block_1_4' title="bbox 0 0 1808 5498">
    <p class='ocr_par' dir='ltr' id='par_1_21' title="bbox 0 0 1808 5498">
     <span class='ocr_line' id='line_1_37' title="bbox 0 0 1808 5498; baseline 0 1"><span class='ocrx_word' id='word_1_221' title='bbox 0 0 1808 5498; x_wconf 95' lang='lat' dir='ltr'><strong> </strong></span> 
     </span>
    </p>
   </div>
  </div>
 </body>
</html>
