3608 5498
958 380 997 395 -
1022 348 1066 413 24
1092 380 1132 394 -

440 475 490 549 Ut
507 496 576 549 non
602 471 775 548 existente
801 469 974 546 Pontifiee
999 468 1225 568 Presbyteris
1250 478 1286 545 et
1310 469 1478 545 Diaconis
1504 468 1663 544 redditus

512 586 772 681 persolvantur.
790 586 875 683 Cap.
890 586 981 661 CIII.

441 699 541 786 Quod
559 698 690 775 Clerici
711 697 1006 797 patrimoniorum
1033 696 1219 796 pensiones
1244 697 1389 794 exigere
1415 697 1552 772 debent.
1578 697 1663 795 Cap.

440 926 632 1024 Exemplar
672 925 828 1024 epistolae
868 926 912 1000 ad
954 923 1231 1000 commitendam
1274 922 1537 1020 patrimonium.
1579 922 1664 1020 Cap.

513 1042 695 1117 CXXIIII.
713 1040 861 1115 CXXV.

442 1155 633 1252 Exemplar
646 1153 803 1251 epistolae
815 1154 860 1228 ad
873 1178 931 1229 eos
944 1154 1006 1251 qui
1024 1163 1110 1228 sunt
1122 1153 1160 1225 in
1174 1150 1394 1249 patrimonio.
1405 1151 1490 1248 Cap.
1500 1150 1665 1225 CXXVI.

442 1268 493 1342 De
512 1265 644 1342 libellis
662 1276 840 1341 rectorum
858 1265 1071 1363 patrimonii.
1089 1267 1174 1363 Cap.
1191 1267 1356 1339 LXXVI.

441 1383 493 1456 De
511 1378 794 1456 remuneratione
811 1403 933 1454 eorum
952 1381 1014 1476 qui
1040 1379 1188 1453 suntin
1214 1378 1379 1475 obsequio
1404 1387 1581 1453 rectorum
1608 1401 1666 1474 pa-

513 1493 773 1568 trimoniorum.
791 1494 875 1592 Cap.
893 1496 1111 1567 LXXXIIII.

442 1611 494 1683 De
511 1606 682 1682 beneficio
701 1616 877 1683 rectorum
896 1606 1112 1703 patrimonii.
1130 1607 1215 1703 Cap.
1232 1608 1396 1680 LXXVI.

443 1723 494 1796 De
511 1718 794 1796 remuneratione
812 1743 934 1794 eorum
952 1720 1014 1817 qui
1031 1720 1069 1794 in
1094 1719 1271 1817 obsequiis
1296 1719 1467 1795 eeclesiae
1493 1716 1667 1792 attentius

512 1833 660 1908 instant.
677 1835 761 1932 Cap.
786 1837 1002 1909 LXXXIIII.

443 1950 495 2022 De
505 1947 711 2045 repetitione
720 1947 948 2045 possessionis
962 1945 1224 2023 ecclesiastice.
1238 1947 1323 2043 Cap.
1333 1948 1496 2020 LXXXI.
1510 1944 1667 2020 CXLIII.

442 2062 494 2135 De
512 2060 719 2159 repetitione
738 2060 918 2158 pensionis
937 2061 1201 2136 ecclesiastica.
1220 2061 1306 2159 Cap.
1325 2064 1405 2135 XII.

444 2177 495 2251 De
513 2175 719 2273 repetitione
736 2196 856 2250 eorum
879 2200 957 2273 quae
983 2175 1139 2274 quolibet
1165 2176 1264 2250 rnodo
1289 2176 1420 2250 tradita
1445 2184 1531 2249 sunt
1555 2172 1668 2250 eecle-

516 2288 587 2363 siae.
605 2289 690 2386 Cap.
708 2290 849 2365 CXLII.

444 2405 495 2478 De
514 2403 619 2478 rebus
636 2426 698 2500 per
716 2403 909 2501 privilegia
926 2402 1096 2501 possessis
1113 2426 1175 2499 per
1193 2404 1301 2475 XXX
1318 2425 1439 2476 annos.
1458 2402 1543 2497 Cap.
1560 2403 1623 2475 XI.

445 2519 498 2591 De
515 2517 780 2615 praescriptione
797 2517 1093 2614 quadragenaria.
1113 2516 1198 2612 Cap.
1217 2517 1417 2589 LXXXIII.
1434 2524 1470 2588 et
1488 2514 1632 2589 XLIIII.

446 2632 497 2705 De
514 2631 719 2705 centenaria
738 2632 1002 2729 praescriptione
1020 2633 1117 2704 Rom.
1136 2629 1316 2704 Ecclesiae.
1334 2629 1418 2726 Cap.
1437 2629 1612 2703 CXLIIII.
1630 2627 1668 2701 in

517 2744 578 2818 lib.
595 2747 629 2818 1⁰
647 2745 807 2822 CXCIII.

446 2861 497 2935 De
515 2883 555 2934 eo
571 2858 632 2957 qui
650 2860 783 2959 absque
801 2859 933 2938 iudicio
945 2859 1085 2934 invadit
1099 2883 1172 2934 rem
1187 2881 1293 2955 quarn
1308 2866 1411 2954 putat
1423 2856 1583 2932 ecelesiae
1595 2880 1669 2930 suae

517 2983 724 3071 competere.
742 2975 826 3072 Cap.
846 2978 926 3050 XII.
944 2978 1072 3049 XLVI.
1181 3013 1183 3016 ·

447 3088 499 3163 De
515 3085 657 3163 olivetis
674 3087 732 3162 vel
749 3088 901 3163 diversis
918 3091 1196 3187 possessionibus
1212 3089 1306 3164 beati
1321 3089 1418 3164 Petri
1431 3097 1467 3164 et
1483 3089 1525 3163 de
1539 3087 1596 3163 his
1608 3088 1669 3187 qui

518 3200 586 3274 sibi
602 3202 743 3277 easdem
761 3214 945 3301 usurpant.
971 3204 1056 3303 Cap.
1081 3207 1226 3280 XLVII.
1251 3207 1323 3278 LII.
1348 3206 1438 3297 LIII.
1463 3205 1572 3278 LIIII.
1597 3206 1670 3277 LV.

447 3432 499 3503 De
516 3429 638 3504 eadem
657 3455 694 3505 re
712 3429 750 3504 in
768 3432 801 3504 1⁰
818 3430 879 3505 lib.
897 3432 1047 3507 CXXX.
1066 3432 1272 3506 CCXLVII.

449 3544 538 3617 Item
557 3543 600 3617 de
618 3544 830 3641 patrimonio
847 3545 1015 3621 eiusdem.
1033 3547 1118 3642 Cap.
1136 3545 1210 3617 LX.
1223 3542 1371 3618 CXXII.
1389 3543 1557 3618 CXXIII·
1568 3544 1671 3618 CLII.

449 3769 500 3843 De
517 3768 727 3867 quibusdam
746 3771 869 3867 regnis
886 3772 980 3847 beati
998 3771 1096 3849 Petri
1114 3781 1287 3847 eteorum
1306 3772 1482 3869 pensione.
1500 3772 1585 3869 Cap.
1603 3771 1671 3846 CL.

522 3881 560 3954 in
577 3881 636 3957 lib.
654 3885 739 3958 IIIl⁰
757 3909 832 3983 cap.
850 3888 887 3959 L.

450 3997 501 4070 De
519 3996 822 4073 commendatione
839 3998 1131 4097 patrimoniorum
1150 4001 1247 4073 Rom.
1266 3998 1445 4073 Ecclesiae.
1460 3999 1544 4096 Cap.
1562 3999 1601 4074 C.

451 4111 503 4185 De
525 4112 827 4188 commendatione
846 4123 1023 4188 rectorum
1043 4111 1246 4188 eorumdem
1267 4110 1571 4209 patrimoniorum.
1589 4112 1673 4210 Cap.

523 4225 632 4297 LXII.
651 4225 834 4301 CXXVII.
852 4227 1053 4301 CXXVIII.

451 4335 552 4422 Quod
569 4335 676 4410 etiarn
695 4339 757 4411 uni
776 4362 933 4437 personae
951 4357 1073 4414 eorum
1090 4338 1291 4415 committat
1309 4339 1426 4413 vicem
1447 4365 1549 4413 suam
1575 4343 1672 4414 Rom.

382 4548 388 4556 ι
524 4448 687 4526 Pontifex
703 4450 740 4524 in
757 4451 950 4550 provincia.
963 4454 1047 4552 Cap.
1066 4453 1195 4529 CLXII
1213 4452 1250 4526 in
1269 4455 1302 4528 1⁰
1320 4452 1379 4527 lib.
