<?xml version="1.0" encoding="UTF-8"?>
<!DOCTYPE html PUBLIC "-//W3C//DTD XHTML 1.0 Transitional//EN"
    "http://www.w3.org/TR/xhtml1/DTD/xhtml1-transitional.dtd">
<html xmlns="http://www.w3.org/1999/xhtml" xml:lang="en" lang="en">
 <head>
  <title>
</title>
<meta http-equiv="Content-Type" content="text/html;charset=utf-8" />
  <meta name='ocr-system' content='tesseract 3.04.00' />
  <meta name='ocr-capabilities' content='ocr_page ocr_carea ocr_par ocr_line ocrx_word'/>
</head>
<body>
  <div class='ocr_page' id='page_1' title='image "./collectiocanonu00deusgoog_0290.png"; bbox 0 0 3608 5498; ppageno 0'>
   <div class='ocr_carea' id='block_1_1' title="bbox 680 393 876 458">
    <p class='ocr_par' dir='ltr' id='par_1_1' title="bbox 680 393 876 458">
     <span class='ocr_line' id='line_1_1' title="bbox 680 393 876 458; baseline -0.015 0"><span class='ocrx_word' id='word_1_1' title='bbox 680 393 809 458; x_wconf 78' lang='lat'><strong>-259</strong></span> <span class='ocrx_word' id='word_1_2' title='bbox 836 426 876 439; x_wconf 95' lang='lat'><em>-</em></span> 
     </span>
    </p>
   </div>
   <div class='ocr_carea' id='block_1_2' title="bbox 167 511 1386 846">
    <p class='ocr_par' dir='ltr' id='par_1_2' title="bbox 167 511 1386 846">
     <span class='ocr_line' id='line_1_2' title="bbox 168 511 1386 610; baseline -0.001 -23"><span class='ocrx_word' id='word_1_3' title='bbox 168 513 315 588; x_wconf 86' lang='lat' dir='ltr'>forsitan</span> <span class='ocrx_word' id='word_1_4' title='bbox 334 525 398 589; x_wconf 90' lang='lat' dir='ltr'>aut</span> <span class='ocrx_word' id='word_1_5' title='bbox 415 514 556 590; x_wconf 80' lang='lat' dir='ltr'>clericis</span> <span class='ocrx_word' id='word_1_6' title='bbox 573 514 699 589; x_wconf 88' lang='lat' dir='ltr'>borum</span> <span class='ocrx_word' id='word_1_7' title='bbox 717 514 865 604; x_wconf 87' lang='lat' dir='ltr'>meritis,</span> <span class='ocrx_word' id='word_1_8' title='bbox 881 523 945 589; x_wconf 90' lang='lat' dir='ltr'>ant</span> <span class='ocrx_word' id='word_1_9' title='bbox 963 513 1186 589; x_wconf 87' lang='lat' dir='ltr'>monasteriis</span> <span class='ocrx_word' id='word_1_10' title='bbox 1200 511 1386 610; x_wconf 80' lang='lat' dir='ltr'>religionis</span> 
     </span>
     <span class='ocr_line' id='line_1_3' title="bbox 167 626 1386 727; baseline 0.001 -27"><span class='ocrx_word' id='word_1_11' title='bbox 167 628 317 717; x_wconf 86' lang='lat' dir='ltr'>intuitu,</span> <span class='ocrx_word' id='word_1_12' title='bbox 331 638 396 703; x_wconf 90' lang='lat' dir='ltr'>aut</span> <span class='ocrx_word' id='word_1_13' title='bbox 412 639 507 705; x_wconf 91' lang='lat' dir='ltr'>certe</span> <span class='ocrx_word' id='word_1_14' title='bbox 524 630 737 727; x_wconf 85' lang='lat' dir='ltr'>peregrinis,</span> <span class='ocrx_word' id='word_1_15' title='bbox 754 628 784 703; x_wconf 89' lang='lat' dir='ltr'>si</span> <span class='ocrx_word' id='word_1_16' title='bbox 798 629 993 704; x_wconf 83' lang='lat' dir='ltr'>necessitas</span> <span class='ocrx_word' id='word_1_17' title='bbox 1006 628 1133 725; x_wconf 89' lang='lat' dir='ltr'>largiri</span> <span class='ocrx_word' id='word_1_18' title='bbox 1147 628 1311 704; x_wconf 84' lang='lat' dir='ltr'>suaserit.</span> <span class='ocrx_word' id='word_1_19' title='bbox 1324 626 1386 701; x_wconf 87' lang='lat' dir='ltr'>Sic</span> 
     </span>
     <span class='ocr_line' id='line_1_4' title="bbox 167 741 1345 846; baseline -0.002 -29"><span class='ocrx_word' id='word_1_20' title='bbox 167 752 298 833; x_wconf 83' lang='lat' dir='ltr'>tamen,</span> <span class='ocrx_word' id='word_1_21' title='bbox 316 752 357 818; x_wconf 89' lang='lat' dir='ltr'>ut</span> <span class='ocrx_word' id='word_1_22' title='bbox 373 743 449 820; x_wconf 85' lang='lat' dir='ltr'>baec</span> <span class='ocrx_word' id='word_1_23' title='bbox 467 745 543 843; x_wconf 88' lang='lat' dir='ltr'>ipsa</span> <span class='ocrx_word' id='word_1_24' title='bbox 560 767 630 820; x_wconf 92' lang='lat' dir='ltr'>non</span> <span class='ocrx_word' id='word_1_25' title='bbox 647 753 826 846; x_wconf 87' lang='lat' dir='ltr'>perpetuo,</span> <span class='ocrx_word' id='word_1_26' title='bbox 843 743 903 820; x_wconf 88' lang='lat' dir='ltr'>sed</span> <span class='ocrx_word' id='word_1_27' title='bbox 921 742 1162 840; x_wconf 88' lang='lat' dir='ltr'>temporaliter</span> <span class='ocrx_word' id='word_1_28' title='bbox 1182 741 1345 816; x_wconf 86' lang='lat' dir='ltr'>habeant.</span> 
     </span>
    </p>
   </div>
   <div class='ocr_carea' id='block_1_3' title="bbox 726 947 829 1032">
    <p class='ocr_par' dir='ltr' id='par_1_3' title="bbox 726 947 829 1032">
     <span class='ocr_line' id='line_1_5' title="bbox 726 947 829 1032; baseline -0.01 0"><span class='ocrx_word' id='word_1_29' title='bbox 726 947 829 1032; x_wconf 84' lang='lat' dir='ltr'>XLV.</span> 
     </span>
    </p>
   </div>
   <div class='ocr_carea' id='block_1_4' title="bbox 302 1150 1256 1219">
    <p class='ocr_par' dir='ltr' id='par_1_4' title="bbox 302 1150 1256 1219">
     <span class='ocr_line' id='line_1_6' title="bbox 302 1150 1256 1219; baseline -0.001 -17"><span class='ocrx_word' id='word_1_30' title='bbox 302 1153 384 1205; x_wconf 85' lang='lat' dir='ltr'>Item</span> <span class='ocrx_word' id='word_1_31' title='bbox 405 1153 588 1218; x_wconf 77' lang='lat' dir='ltr'>symachus</span> <span class='ocrx_word' id='word_1_32' title='bbox 606 1155 638 1205; x_wconf 88' lang='lat' dir='ltr'>In</span> <span class='ocrx_word' id='word_1_33' title='bbox 656 1165 725 1219; x_wconf 76' lang='lat' dir='ltr'>syn.</span> <span class='ocrx_word' id='word_1_34' title='bbox 746 1153 981 1219; x_wconf 67' lang='lat' dir='ltr'>cpiscoporum</span> <span class='ocrx_word' id='word_1_35' title='bbox 1001 1151 1051 1206; x_wconf 88' lang='lat' dir='ltr'>cc</span> <span class='ocrx_word' id='word_1_36' title='bbox 1070 1152 1099 1203; x_wconf 81' lang='lat' dir='ltr'>X</span> <span class='ocrx_word' id='word_1_37' title='bbox 1118 1151 1153 1202; x_wconf 86' lang='lat' dir='ltr'>et</span> <span class='ocrx_word' id='word_1_38' title='bbox 1170 1150 1256 1202; x_wconf 86' lang='lat' dir='ltr'>VIII.</span> 
     </span>
    </p>
   </div>
   <div class='ocr_carea' id='block_1_5' title="bbox 167 1312 1391 2325">
    <p class='ocr_par' dir='ltr' id='par_1_5' title="bbox 167 1312 1391 2325">
     <span class='ocr_line' id='line_1_7' title="bbox 265 1312 1388 1402; baseline 0 -16"><span class='ocrx_word' id='word_1_39' title='bbox 265 1313 416 1389; x_wconf 86' lang='lat' dir='ltr'>Provida</span> <span class='ocrx_word' id='word_1_40' title='bbox 429 1317 608 1391; x_wconf 88' lang='lat' dir='ltr'>sententia</span> <span class='ocrx_word' id='word_1_41' title='bbox 620 1314 784 1391; x_wconf 84' lang='lat' dir='ltr'>enervari</span> <span class='ocrx_word' id='word_1_42' title='bbox 798 1337 869 1388; x_wconf 92' lang='lat' dir='ltr'>non</span> <span class='ocrx_word' id='word_1_43' title='bbox 881 1313 1062 1402; x_wconf 83' lang='lat' dir='ltr'>convenit,</span> <span class='ocrx_word' id='word_1_44' title='bbox 1073 1323 1110 1388; x_wconf 94' lang='lat' dir='ltr'>et</span> <span class='ocrx_word' id='word_1_45' title='bbox 1121 1312 1160 1387; x_wconf 92' lang='lat' dir='ltr'>in</span> <span class='ocrx_word' id='word_1_46' title='bbox 1174 1312 1317 1386; x_wconf 88' lang='lat' dir='ltr'>irritum</span> <span class='ocrx_word' id='word_1_47' title='bbox 1331 1312 1388 1387; x_wconf 90' lang='lat' dir='ltr'>de·</span> 
     </span>
     <span class='ocr_line' id='line_1_8' title="bbox 168 1425 1388 1528; baseline 0.004 -31"><span class='ocrx_word' id='word_1_48' title='bbox 168 1425 261 1515; x_wconf 84' lang='lat' dir='ltr'>duci,</span> <span class='ocrx_word' id='word_1_49' title='bbox 279 1451 323 1502; x_wconf 90' lang='lat' dir='ltr'>ne</span> <span class='ocrx_word' id='word_1_50' title='bbox 341 1427 377 1500; x_wconf 93' lang='lat' dir='ltr'>in</span> <span class='ocrx_word' id='word_1_51' title='bbox 395 1429 596 1528; x_wconf 84' lang='lat' dir='ltr'>exemplum</span> <span class='ocrx_word' id='word_1_52' title='bbox 623 1438 806 1504; x_wconf 89' lang='lat' dir='ltr'>remaneat</span> <span class='ocrx_word' id='word_1_53' title='bbox 832 1427 1079 1527; x_wconf 82' lang='lat' dir='ltr'>praesumendi,</span> <span class='ocrx_word' id='word_1_54' title='bbox 1100 1452 1145 1502; x_wconf 87' lang='lat' dir='ltr'>ne</span> <span class='ocrx_word' id='word_1_55' title='bbox 1170 1426 1388 1526; x_wconf 87' lang='lat' dir='ltr'>quibuslibet</span> 
     </span>
     <span class='ocr_line' id='line_1_9' title="bbox 168 1537 1388 1643; baseline 0.004 -33"><span class='ocrx_word' id='word_1_56' title='bbox 168 1537 282 1627; x_wconf 79' lang='lat' dir='ltr'>laicis,</span> <span class='ocrx_word' id='word_1_57' title='bbox 296 1541 461 1639; x_wconf 87' lang='lat' dir='ltr'>quamvis</span> <span class='ocrx_word' id='word_1_58' title='bbox 474 1542 652 1640; x_wconf 87' lang='lat' dir='ltr'>religiosis</span> <span class='ocrx_word' id='word_1_59' title='bbox 665 1543 723 1620; x_wconf 88' lang='lat' dir='ltr'>vel</span> <span class='ocrx_word' id='word_1_60' title='bbox 737 1542 939 1643; x_wconf 90' lang='lat' dir='ltr'>potentibus</span> <span class='ocrx_word' id='word_1_61' title='bbox 952 1543 989 1617; x_wconf 94' lang='lat' dir='ltr'>in</span> <span class='ocrx_word' id='word_1_62' title='bbox 1003 1565 1228 1641; x_wconf 88' lang='lat' dir='ltr'>quacumque</span> <span class='ocrx_word' id='word_1_63' title='bbox 1242 1540 1388 1615; x_wconf 86' lang='lat' dir='ltr'>civitate</span> 
     </span>
     <span class='ocr_line' id='line_1_10' title="bbox 167 1651 1390 1757; baseline -0.002 -29"><span class='ocrx_word' id='word_1_64' title='bbox 167 1654 323 1752; x_wconf 90' lang='lat' dir='ltr'>quolibet</span> <span class='ocrx_word' id='word_1_65' title='bbox 340 1657 439 1731; x_wconf 91' lang='lat' dir='ltr'>modo</span> <span class='ocrx_word' id='word_1_66' title='bbox 457 1655 565 1732; x_wconf 87' lang='lat' dir='ltr'>liceat</span> <span class='ocrx_word' id='word_1_67' title='bbox 581 1657 718 1757; x_wconf 88' lang='lat' dir='ltr'>aliquid</span> <span class='ocrx_word' id='word_1_68' title='bbox 735 1658 924 1733; x_wconf 85' lang='lat' dir='ltr'>decernere</span> <span class='ocrx_word' id='word_1_69' title='bbox 942 1657 986 1733; x_wconf 91' lang='lat' dir='ltr'>de</span> <span class='ocrx_word' id='word_1_70' title='bbox 1003 1654 1260 1732; x_wconf 89' lang='lat' dir='ltr'>ecclesiasticis</span> <span class='ocrx_word' id='word_1_71' title='bbox 1276 1651 1390 1728; x_wconf 87' lang='lat' dir='ltr'>facul-</span> 
     </span>
     <span class='ocr_line' id='line_1_11' title="bbox 167 1768 1389 1870; baseline 0.001 -28"><span class='ocrx_word' id='word_1_72' title='bbox 167 1768 312 1859; x_wconf 86' lang='lat' dir='ltr'>tatibus,</span> <span class='ocrx_word' id='word_1_73' title='bbox 329 1794 481 1869; x_wconf 87' lang='lat' dir='ltr'>quarum</span> <span class='ocrx_word' id='word_1_74' title='bbox 496 1770 580 1845; x_wconf 91' lang='lat' dir='ltr'>solis</span> <span class='ocrx_word' id='word_1_75' title='bbox 593 1770 835 1847; x_wconf 85' lang='lat' dir='ltr'>sacerdotibus</span> <span class='ocrx_word' id='word_1_76' title='bbox 848 1771 1056 1870; x_wconf 90' lang='lat' dir='ltr'>disponendi</span> <span class='ocrx_word' id='word_1_77' title='bbox 1070 1769 1269 1845; x_wconf 88' lang='lat' dir='ltr'>indiscusse</span> <span class='ocrx_word' id='word_1_78' title='bbox 1282 1793 1303 1841; x_wconf 92' lang='lat' dir='ltr'>a</span> <span class='ocrx_word' id='word_1_79' title='bbox 1316 1769 1389 1843; x_wconf 89' lang='lat' dir='ltr'>Deo</span> 
     </span>
     <span class='ocr_line' id='line_1_12' title="bbox 168 1882 1390 1984; baseline -0.003 -24"><span class='ocrx_word' id='word_1_80' title='bbox 168 1910 256 1960; x_wconf 88' lang='lat' dir='ltr'>cura</span> <span class='ocrx_word' id='word_1_81' title='bbox 272 1885 460 1960; x_wconf 87' lang='lat' dir='ltr'>commissa</span> <span class='ocrx_word' id='word_1_82' title='bbox 473 1885 626 1962; x_wconf 89' lang='lat' dir='ltr'>docetur.</span> <span class='ocrx_word' id='word_1_83' title='bbox 642 1885 809 1961; x_wconf 86' lang='lat' dir='ltr'>Eulalius</span> <span class='ocrx_word' id='word_1_84' title='bbox 822 1885 1062 1961; x_wconf 87' lang='lat' dir='ltr'>Siracusanns</span> <span class='ocrx_word' id='word_1_85' title='bbox 1075 1884 1271 1984; x_wconf 86' lang='lat' dir='ltr'>Episcopus</span> <span class='ocrx_word' id='word_1_86' title='bbox 1287 1882 1390 1957; x_wconf 81' lang='lat' dir='ltr'>dixit.</span> 
     </span>
     <span class='ocr_line' id='line_1_13' title="bbox 169 1994 1391 2097; baseline -0.004 -25"><span class='ocrx_word' id='word_1_87' title='bbox 169 1999 285 2073; x_wconf 81' lang='lat' dir='ltr'>Laicis</span> <span class='ocrx_word' id='word_1_88' title='bbox 303 2000 467 2097; x_wconf 83' lang='lat' dir='ltr'>quamvis</span> <span class='ocrx_word' id='word_1_89' title='bbox 492 1999 672 2097; x_wconf 87' lang='lat' dir='ltr'>religiosis</span> <span class='ocrx_word' id='word_1_90' title='bbox 692 1999 794 2074; x_wconf 87' lang='lat' dir='ltr'>nulla</span> <span class='ocrx_word' id='word_1_91' title='bbox 811 2000 853 2075; x_wconf 89' lang='lat' dir='ltr'>de</span> <span class='ocrx_word' id='word_1_92' title='bbox 877 1997 1132 2074; x_wconf 88' lang='lat' dir='ltr'>ecclesiasticis</span> <span class='ocrx_word' id='word_1_93' title='bbox 1158 1994 1391 2073; x_wconf 86' lang='lat' dir='ltr'>facultatibus</span> 
     </span>
     <span class='ocr_line' id='line_1_14' title="bbox 168 2109 1391 2214; baseline -0.005 -27"><span class='ocrx_word' id='word_1_94' title='bbox 168 2124 210 2188; x_wconf 90' lang='lat' dir='ltr'>nt</span> <span class='ocrx_word' id='word_1_95' title='bbox 221 2114 273 2186; x_wconf 88' lang='lat' dir='ltr'>ait</span> <span class='ocrx_word' id='word_1_96' title='bbox 286 2124 426 2214; x_wconf 87' lang='lat' dir='ltr'>martyr</span> <span class='ocrx_word' id='word_1_97' title='bbox 438 2126 474 2191; x_wconf 89' lang='lat' dir='ltr'>et</span> <span class='ocrx_word' id='word_1_98' title='bbox 487 2116 652 2190; x_wconf 82' lang='lat' dir='ltr'>Pontifex</span> <span class='ocrx_word' id='word_1_99' title='bbox 665 2115 867 2214; x_wconf 85' lang='lat' dir='ltr'>Stephanus</span> <span class='ocrx_word' id='word_1_100' title='bbox 879 2112 1016 2212; x_wconf 91' lang='lat' dir='ltr'>aliquid</span> <span class='ocrx_word' id='word_1_101' title='bbox 1029 2111 1236 2210; x_wconf 91' lang='lat' dir='ltr'>disponendi</span> <span class='ocrx_word' id='word_1_102' title='bbox 1252 2109 1391 2206; x_wconf 85' lang='lat' dir='ltr'>legitur</span> 
     </span>
     <span class='ocr_line' id='line_1_15' title="bbox 170 2228 693 2325; baseline 0.006 -25"><span class='ocrx_word' id='word_1_103' title='bbox 170 2252 319 2325; x_wconf 88' lang='lat' dir='ltr'>usquam</span> <span class='ocrx_word' id='word_1_104' title='bbox 339 2229 512 2304; x_wconf 88' lang='lat' dir='ltr'>attributa</span> <span class='ocrx_word' id='word_1_105' title='bbox 528 2228 693 2304; x_wconf 82' lang='lat' dir='ltr'>facultas</span> 
     </span>
    </p>
   </div>
   <div class='ocr_carea' id='block_1_6' title="bbox 718 2421 840 2506">
    <p class='ocr_par' dir='ltr' id='par_1_6' title="bbox 718 2421 840 2506">
     <span class='ocr_line' id='line_1_16' title="bbox 718 2421 840 2506; baseline -0.008 0"><span class='ocrx_word' id='word_1_106' title='bbox 718 2421 840 2506; x_wconf 83' lang='lat' dir='ltr'><strong>XLVI.</strong></span> 
     </span>
    </p>
   </div>
   <div class='ocr_carea' id='block_1_7' title="bbox 433 2623 1124 2693">
    <p class='ocr_par' dir='ltr' id='par_1_7' title="bbox 433 2623 1124 2693">
     <span class='ocr_line' id='line_1_17' title="bbox 433 2623 1124 2693; baseline -0.007 -13"><span class='ocrx_word' id='word_1_107' title='bbox 433 2629 483 2680; x_wconf 69' lang='lat' dir='ltr'>Ex</span> <span class='ocrx_word' id='word_1_108' title='bbox 501 2628 634 2681; x_wconf 83' lang='lat' dir='ltr'>concillo</span> <span class='ocrx_word' id='word_1_109' title='bbox 654 2626 802 2693; x_wconf 79' lang='lat' dir='ltr'>GregorIi</span> <span class='ocrx_word' id='word_1_110' title='bbox 820 2626 835 2677; x_wconf 93' lang='lat'>1</span> <span class='ocrx_word' id='word_1_111' title='bbox 854 2628 956 2689; x_wconf 74' lang='lat' dir='ltr'>Papae</span> <span class='ocrx_word' id='word_1_112' title='bbox 974 2635 1047 2690; x_wconf 75' lang='lat' dir='ltr'>cup.</span> <span class='ocrx_word' id='word_1_113' title='bbox 1068 2623 1124 2675; x_wconf 90' lang='lat'>111.</span> 
     </span>
    </p>
   </div>
   <div class='ocr_carea' id='block_1_8' title="bbox 170 2793 1482 4487">
    <p class='ocr_par' dir='ltr' id='par_1_8' title="bbox 170 2793 1482 4487">
     <span class='ocr_line' id='line_1_18' title="bbox 267 2793 1391 2894; baseline -0.004 -20"><span class='ocrx_word' id='word_1_114' title='bbox 267 2799 493 2875; x_wconf 85' lang='lat' dir='ltr'>Consuetudo</span> <span class='ocrx_word' id='word_1_115' title='bbox 510 2822 602 2873; x_wconf 89' lang='lat' dir='ltr'>nora</span> <span class='ocrx_word' id='word_1_116' title='bbox 619 2799 656 2873; x_wconf 92' lang='lat' dir='ltr'>in</span> <span class='ocrx_word' id='word_1_117' title='bbox 673 2799 740 2874; x_wconf 82' lang='lat' dir='ltr'>hac</span> <span class='ocrx_word' id='word_1_118' title='bbox 758 2796 906 2873; x_wconf 88' lang='lat' dir='ltr'>ecclesia</span> <span class='ocrx_word' id='word_1_119' title='bbox 926 2805 962 2871; x_wconf 89' lang='lat' dir='ltr'>et</span> <span class='ocrx_word' id='word_1_120' title='bbox 979 2795 1083 2870; x_wconf 88' lang='lat' dir='ltr'>valde</span> <span class='ocrx_word' id='word_1_121' title='bbox 1102 2793 1391 2894; x_wconf 89' lang='lat' dir='ltr'>reprehensibilis</span> 
     </span>
     <span class='ocr_line' id='line_1_19' title="bbox 170 2908 1391 3011; baseline -0.004 -22"><span class='ocrx_word' id='word_1_122' title='bbox 170 2914 289 3011; x_wconf 86' lang='lat' dir='ltr'>erupit</span> <span class='ocrx_word' id='word_1_123' title='bbox 301 2923 342 2988; x_wconf 91' lang='lat' dir='ltr'>ut</span> <span class='ocrx_word' id='word_1_124' title='bbox 355 2938 438 2988; x_wconf 90' lang='lat' dir='ltr'>cum</span> <span class='ocrx_word' id='word_1_125' title='bbox 452 2923 606 2988; x_wconf 81' lang='lat' dir='ltr'>rectores</span> <span class='ocrx_word' id='word_1_126' title='bbox 619 2914 697 2987; x_wconf 90' lang='lat' dir='ltr'>eius</span> <span class='ocrx_word' id='word_1_127' title='bbox 711 2911 916 3011; x_wconf 89' lang='lat' dir='ltr'>patrimonii</span> <span class='ocrx_word' id='word_1_128' title='bbox 929 2909 1067 2984; x_wconf 85' lang='lat' dir='ltr'>urbana</span> <span class='ocrx_word' id='word_1_129' title='bbox 1080 2908 1139 2983; x_wconf 90' lang='lat' dir='ltr'>vel</span> <span class='ocrx_word' id='word_1_130' title='bbox 1153 2908 1288 2985; x_wconf 87' lang='lat' dir='ltr'>rustica</span> <span class='ocrx_word' id='word_1_131' title='bbox 1306 2933 1391 3006; x_wconf 82' lang='lat' dir='ltr'>prae·</span> 
     </span>
     <span class='ocr_line' id='line_1_20' title="bbox 170 3022 1392 3125; baseline -0.005 -24"><span class='ocrx_word' id='word_1_132' title='bbox 170 3028 229 3101; x_wconf 93' lang='lat' dir='ltr'>dia</span> <span class='ocrx_word' id='word_1_133' title='bbox 245 3027 323 3103; x_wconf 91' lang='lat' dir='ltr'>iure</span> <span class='ocrx_word' id='word_1_134' title='bbox 341 3027 413 3100; x_wconf 90' lang='lat' dir='ltr'>illis</span> <span class='ocrx_word' id='word_1_135' title='bbox 435 3026 656 3102; x_wconf 88' lang='lat' dir='ltr'>committere</span> <span class='ocrx_word' id='word_1_136' title='bbox 674 3026 915 3125; x_wconf 86' lang='lat' dir='ltr'>suspicantur,</span> <span class='ocrx_word' id='word_1_137' title='bbox 932 3023 1045 3100; x_wconf 82' lang='lat' dir='ltr'>fiscali</span> <span class='ocrx_word' id='word_1_138' title='bbox 1068 3046 1164 3098; x_wconf 86' lang='lat' dir='ltr'>more</span> <span class='ocrx_word' id='word_1_139' title='bbox 1181 3022 1305 3098; x_wconf 90' lang='lat' dir='ltr'>titulos</span> <span class='ocrx_word' id='word_1_140' title='bbox 1327 3023 1392 3096; x_wconf 89' lang='lat' dir='ltr'>im·</span> 
     </span>
     <span class='ocr_line' id='line_1_21' title="bbox 170 3137 1391 3240; baseline -0.003 -26"><span class='ocrx_word' id='word_1_141' title='bbox 170 3142 328 3239; x_wconf 83' lang='lat' dir='ltr'>primunt</span> <span class='ocrx_word' id='word_1_142' title='bbox 344 3150 450 3239; x_wconf 88' lang='lat' dir='ltr'>atque</span> <span class='ocrx_word' id='word_1_143' title='bbox 468 3140 533 3215; x_wconf 91' lang='lat' dir='ltr'>boc</span> <span class='ocrx_word' id='word_1_144' title='bbox 550 3140 642 3238; x_wconf 91' lang='lat' dir='ltr'>quod</span> <span class='ocrx_word' id='word_1_145' title='bbox 661 3149 859 3240; x_wconf 88' lang='lat' dir='ltr'>competere</span> <span class='ocrx_word' id='word_1_146' title='bbox 876 3139 1091 3240; x_wconf 87' lang='lat' dir='ltr'>pauperibus</span> <span class='ocrx_word' id='word_1_147' title='bbox 1111 3137 1296 3228; x_wconf 88' lang='lat' dir='ltr'>estimant,</span> <span class='ocrx_word' id='word_1_148' title='bbox 1320 3159 1391 3212; x_wconf 92' lang='lat' dir='ltr'>non</span> 
     </span>
     <span class='ocr_line' id='line_1_22' title="bbox 172 3250 1392 3350; baseline -0.002 -23"><span class='ocrx_word' id='word_1_149' title='bbox 172 3255 302 3329; x_wconf 91' lang='lat' dir='ltr'>iudicio</span> <span class='ocrx_word' id='word_1_150' title='bbox 319 3252 379 3329; x_wconf 93' lang='lat' dir='ltr'>sed</span> <span class='ocrx_word' id='word_1_151' title='bbox 397 3253 563 3327; x_wconf 89' lang='lat' dir='ltr'>manibus</span> <span class='ocrx_word' id='word_1_152' title='bbox 579 3252 779 3329; x_wconf 82' lang='lat' dir='ltr'>defendant.</span> <span class='ocrx_word' id='word_1_153' title='bbox 797 3256 944 3329; x_wconf 87' lang='lat' dir='ltr'>Etcum</span> <span class='ocrx_word' id='word_1_154' title='bbox 963 3277 1025 3350; x_wconf 92' lang='lat' dir='ltr'>per</span> <span class='ocrx_word' id='word_1_155' title='bbox 1041 3250 1288 3348; x_wconf 73' lang='lat' dir='ltr'>predicatores</span> <span class='ocrx_word' id='word_1_156' title='bbox 1309 3273 1392 3325; x_wconf 89' lang='lat' dir='ltr'>suos</span> 
     </span>
     <span class='ocr_line' id='line_1_23' title="bbox 171 3363 1392 3464; baseline -0.002 -25"><span class='ocrx_word' id='word_1_157' title='bbox 171 3367 305 3442; x_wconf 88' lang='lat' dir='ltr'>veritas</span> <span class='ocrx_word' id='word_1_158' title='bbox 321 3365 427 3455; x_wconf 84' lang='lat' dir='ltr'>dicat,</span> <span class='ocrx_word' id='word_1_159' title='bbox 444 3366 556 3442; x_wconf 92' lang='lat' dir='ltr'>nichil</span> <span class='ocrx_word' id='word_1_160' title='bbox 574 3392 636 3464; x_wconf 89' lang='lat' dir='ltr'>per</span> <span class='ocrx_word' id='word_1_161' title='bbox 653 3366 912 3442; x_wconf 89' lang='lat' dir='ltr'>contentionem</span> <span class='ocrx_word' id='word_1_162' title='bbox 930 3364 1085 3453; x_wconf 86' lang='lat' dir='ltr'>faciatis,</span> <span class='ocrx_word' id='word_1_163' title='bbox 1097 3364 1204 3439; x_wconf 88' lang='lat' dir='ltr'>etiam</span> <span class='ocrx_word' id='word_1_164' title='bbox 1218 3363 1337 3461; x_wconf 91' lang='lat' dir='ltr'>ipsum</span> <span class='ocrx_word' id='word_1_165' title='bbox 1350 3363 1392 3437; x_wconf 93' lang='lat' dir='ltr'>li·</span> 
     </span>
     <span class='ocr_line' id='line_1_24' title="bbox 171 3473 1482 3577; baseline -0.002 -23"><span class='ocrx_word' id='word_1_166' title='bbox 171 3479 300 3577; x_wconf 84' lang='lat' dir='ltr'>tigiose</span> <span class='ocrx_word' id='word_1_167' title='bbox 313 3480 550 3555; x_wconf 88' lang='lat' dir='ltr'>contentionis</span> <span class='ocrx_word' id='word_1_168' title='bbox 564 3479 699 3554; x_wconf 89' lang='lat' dir='ltr'>malum</span> <span class='ocrx_word' id='word_1_169' title='bbox 713 3478 990 3566; x_wconf 76' lang='lat' dir='ltr'>transcenditur,</span> <span class='ocrx_word' id='word_1_170' title='bbox 1004 3487 1041 3553; x_wconf 90' lang='lat' dir='ltr'>et</span> <span class='ocrx_word' id='word_1_171' title='bbox 1053 3503 1111 3553; x_wconf 89' lang='lat' dir='ltr'>res</span> <span class='ocrx_word' id='word_1_172' title='bbox 1123 3477 1291 3577; x_wconf 77' lang='lat' dir='ltr'>quaelibet</span> <span class='ocrx_word' id='word_1_173' title='bbox 1307 3503 1391 3554; x_wconf 90' lang='lat' dir='ltr'>cum</span> <span class='ocrx_word' id='word_1_174' title='bbox 1478 3473 1482 3479; x_wconf 74' lang='grc'><em>’</em></span> 
     </span>
     <span class='ocr_line' id='line_1_25' title="bbox 171 3591 1392 3694; baseline -0.002 -25"><span class='ocrx_word' id='word_1_175' title='bbox 171 3594 358 3669; x_wconf 88' lang='lat' dir='ltr'>estimatur</span> <span class='ocrx_word' id='word_1_176' title='bbox 374 3593 535 3670; x_wconf 87' lang='lat' dir='ltr'>ecclesiae</span> <span class='ocrx_word' id='word_1_177' title='bbox 551 3616 651 3694; x_wconf 90' lang='lat' dir='ltr'>posse</span> <span class='ocrx_word' id='word_1_178' title='bbox 669 3602 877 3692; x_wconf 83' lang='lat' dir='ltr'>competere,</span> <span class='ocrx_word' id='word_1_179' title='bbox 894 3615 958 3690; x_wconf 89' lang='lat' dir='ltr'>per</span> <span class='ocrx_word' id='word_1_180' title='bbox 976 3591 1052 3665; x_wconf 89' lang='lat' dir='ltr'>rim</span> <span class='ocrx_word' id='word_1_181' title='bbox 1069 3600 1223 3667; x_wconf 90' lang='lat' dir='ltr'>tenetur.</span> <span class='ocrx_word' id='word_1_182' title='bbox 1240 3591 1392 3667; x_wconf 87' lang='lat' dir='ltr'>Provide</span> 
     </span>
     <span class='ocr_line' id='line_1_26' title="bbox 174 3704 1394 3807; baseline -0.001 -27"><span class='ocrx_word' id='word_1_183' title='bbox 174 3709 210 3780; x_wconf 93' lang='lat' dir='ltr'>in</span> <span class='ocrx_word' id='word_1_184' title='bbox 226 3706 391 3807; x_wconf 85' lang='lat' dir='ltr'>praesenti</span> <span class='ocrx_word' id='word_1_185' title='bbox 408 3706 549 3783; x_wconf 86' lang='lat' dir='ltr'>decreto</span> <span class='ocrx_word' id='word_1_186' title='bbox 565 3707 754 3796; x_wconf 85' lang='lat' dir='ltr'>constituo,</span> <span class='ocrx_word' id='word_1_187' title='bbox 771 3715 812 3780; x_wconf 90' lang='lat' dir='ltr'>ut</span> <span class='ocrx_word' id='word_1_188' title='bbox 829 3705 860 3780; x_wconf 90' lang='lat' dir='ltr'>si</span> <span class='ocrx_word' id='word_1_189' title='bbox 878 3704 961 3803; x_wconf 89' lang='lat' dir='ltr'>quis</span> <span class='ocrx_word' id='word_1_190' title='bbox 982 3705 1307 3782; x_wconf 85' lang='lat' dir='ltr'>ecclesiasticorum</span> <span class='ocrx_word' id='word_1_191' title='bbox 1328 3730 1394 3779; x_wconf 92' lang='lat' dir='ltr'>un·</span> 
     </span>
     <span class='ocr_line' id='line_1_27' title="bbox 172 3818 1394 3921; baseline -0.001 -26"><span class='ocrx_word' id='word_1_192' title='bbox 172 3845 279 3920; x_wconf 92' lang='lat' dir='ltr'>quam</span> <span class='ocrx_word' id='word_1_193' title='bbox 296 3820 420 3895; x_wconf 91' lang='lat' dir='ltr'>titulos</span> <span class='ocrx_word' id='word_1_194' title='bbox 436 3845 576 3921; x_wconf 86' lang='lat' dir='ltr'>ponere,</span> <span class='ocrx_word' id='word_1_195' title='bbox 593 3821 670 3896; x_wconf 90' lang='lat' dir='ltr'>sive</span> <span class='ocrx_word' id='word_1_196' title='bbox 687 3822 726 3895; x_wconf 91' lang='lat' dir='ltr'>in</span> <span class='ocrx_word' id='word_1_197' title='bbox 745 3819 880 3895; x_wconf 88' lang='lat' dir='ltr'>rustico</span> <span class='ocrx_word' id='word_1_198' title='bbox 892 3818 969 3894; x_wconf 86' lang='lat' dir='ltr'>sive</span> <span class='ocrx_word' id='word_1_199' title='bbox 982 3819 1020 3893; x_wconf 92' lang='lat' dir='ltr'>in</span> <span class='ocrx_word' id='word_1_200' title='bbox 1033 3818 1169 3894; x_wconf 83' lang='lat' dir='ltr'>urbano</span> <span class='ocrx_word' id='word_1_201' title='bbox 1182 3819 1311 3919; x_wconf 84' lang='lat' dir='ltr'>praedio</span> <span class='ocrx_word' id='word_1_202' title='bbox 1327 3844 1394 3894; x_wconf 84' lang='lat' dir='ltr'>sua</span> 
     </span>
     <span class='ocr_line' id='line_1_28' title="bbox 172 3933 1394 4035; baseline 0 -27"><span class='ocrx_word' id='word_1_203' title='bbox 172 3944 295 4032; x_wconf 88' lang='lat' dir='ltr'>sponte</span> <span class='ocrx_word' id='word_1_204' title='bbox 313 3935 588 4035; x_wconf 71' lang='lat' dir='ltr'>praesumpserit,</span> <span class='ocrx_word' id='word_1_205' title='bbox 609 3933 801 4009; x_wconf 88' lang='lat' dir='ltr'>anathema</span> <span class='ocrx_word' id='word_1_206' title='bbox 827 3933 883 4006; x_wconf 90' lang='lat' dir='ltr'>sit.</span> <span class='ocrx_word' id='word_1_207' title='bbox 909 3935 955 4006; x_wconf 88' lang='lat' dir='ltr'>Et</span> <span class='ocrx_word' id='word_1_208' title='bbox 981 3933 1237 4031; x_wconf 89' lang='lat' dir='ltr'>responderunt</span> <span class='ocrx_word' id='word_1_209' title='bbox 1261 3955 1394 4008; x_wconf 83' lang='lat' dir='ltr'>omnes</span> 
     </span>
     <span class='ocr_line' id='line_1_29' title="bbox 175 4045 1395 4145; baseline 0 -23"><span class='ocrx_word' id='word_1_210' title='bbox 175 4048 374 4123; x_wconf 86' lang='lat' dir='ltr'>Anathema</span> <span class='ocrx_word' id='word_1_211' title='bbox 391 4049 448 4123; x_wconf 88' lang='lat' dir='ltr'>sit.</span> <span class='ocrx_word' id='word_1_212' title='bbox 473 4051 562 4124; x_wconf 88' lang='lat' dir='ltr'>Item</span> <span class='ocrx_word' id='word_1_213' title='bbox 580 4049 618 4122; x_wconf 91' lang='lat' dir='ltr'>in</span> <span class='ocrx_word' id='word_1_214' title='bbox 636 4049 755 4124; x_wconf 89' lang='lat' dir='ltr'>eodem</span> <span class='ocrx_word' id='word_1_215' title='bbox 781 4071 858 4145; x_wconf 86' lang='lat' dir='ltr'>cap.</span> <span class='ocrx_word' id='word_1_216' title='bbox 874 4048 954 4121; x_wconf 89' lang='lat' dir='ltr'>IIII.</span> <span class='ocrx_word' id='word_1_217' title='bbox 980 4049 1016 4120; x_wconf 93' lang='lat' dir='ltr'>ls</span> <span class='ocrx_word' id='word_1_218' title='bbox 1036 4060 1157 4122; x_wconf 88' lang='lat' dir='ltr'>autem</span> <span class='ocrx_word' id='word_1_219' title='bbox 1179 4045 1240 4145; x_wconf 91' lang='lat' dir='ltr'>qui</span> <span class='ocrx_word' id='word_1_220' title='bbox 1266 4055 1395 4144; x_wconf 85' lang='lat' dir='ltr'>praeest</span> 
     </span>
     <span class='ocr_line' id='line_1_30' title="bbox 173 4160 1395 4263; baseline -0.002 -27"><span class='ocrx_word' id='word_1_221' title='bbox 173 4161 334 4238; x_wconf 86' lang='lat' dir='ltr'>ecclesiae</span> <span class='ocrx_word' id='word_1_222' title='bbox 351 4161 382 4235; x_wconf 91' lang='lat' dir='ltr'>si</span> <span class='ocrx_word' id='word_1_223' title='bbox 399 4161 467 4238; x_wconf 88' lang='lat' dir='ltr'>hoc</span> <span class='ocrx_word' id='word_1_224' title='bbox 480 4162 557 4238; x_wconf 92' lang='lat' dir='ltr'>fieri</span> <span class='ocrx_word' id='word_1_225' title='bbox 571 4162 742 4263; x_wconf 71' lang='lat' dir='ltr'>precipit,</span> <span class='ocrx_word' id='word_1_226' title='bbox 756 4161 816 4237; x_wconf 88' lang='lat' dir='ltr'>vel</span> <span class='ocrx_word' id='word_1_227' title='bbox 829 4161 907 4237; x_wconf 90' lang='lat' dir='ltr'>sine</span> <span class='ocrx_word' id='word_1_228' title='bbox 921 4185 986 4234; x_wconf 86' lang='lat' dir='ltr'>sua</span> <span class='ocrx_word' id='word_1_229' title='bbox 999 4160 1233 4258; x_wconf 73' lang='lat' dir='ltr'>preceptione</span> <span class='ocrx_word' id='word_1_230' title='bbox 1245 4161 1395 4250; x_wconf 84' lang='lat' dir='ltr'>factum,</span> 
     </span>
     <span class='ocr_line' id='line_1_31' title="bbox 173 4274 1396 4374; baseline 0.001 -25"><span class='ocrx_word' id='word_1_231' title='bbox 173 4276 284 4372; x_wconf 85' lang='lat' dir='ltr'>digna</span> <span class='ocrx_word' id='word_1_232' title='bbox 302 4275 422 4374; x_wconf 92' lang='lat' dir='ltr'>puniri</span> <span class='ocrx_word' id='word_1_233' title='bbox 440 4277 747 4353; x_wconf 85' lang='lat' dir='ltr'>animadversione</span> <span class='ocrx_word' id='word_1_234' title='bbox 761 4274 975 4371; x_wconf 83' lang='lat' dir='ltr'>neglexerit,</span> <span class='ocrx_word' id='word_1_235' title='bbox 991 4274 1182 4350; x_wconf 83' lang='lat' dir='ltr'>anathema</span> <span class='ocrx_word' id='word_1_236' title='bbox 1200 4275 1258 4351; x_wconf 89' lang='lat' dir='ltr'>sit.</span> <span class='ocrx_word' id='word_1_237' title='bbox 1278 4278 1325 4350; x_wconf 90' lang='lat' dir='ltr'>Et</span> <span class='ocrx_word' id='word_1_238' title='bbox 1343 4300 1396 4350; x_wconf 89' lang='lat' dir='ltr'>re·</span> 
     </span>
     <span class='ocr_line' id='line_1_32' title="bbox 174 4388 816 4487; baseline 0.003 -25"><span class='ocrx_word' id='word_1_239' title='bbox 174 4388 394 4487; x_wconf 78' lang='lat' dir='ltr'>sponderent</span> <span class='ocrx_word' id='word_1_240' title='bbox 409 4412 532 4466; x_wconf 89' lang='lat' dir='ltr'>omnes</span> <span class='ocrx_word' id='word_1_241' title='bbox 548 4389 741 4465; x_wconf 87' lang='lat' dir='ltr'>anathema</span> <span class='ocrx_word' id='word_1_242' title='bbox 759 4389 816 4464; x_wconf 88' lang='lat' dir='ltr'>sit.</span> 
     </span>
    </p>
   </div>
   <div class='ocr_carea' id='block_1_9' title="bbox 0 0 1817 5498">
    <p class='ocr_par' dir='ltr' id='par_1_9' title="bbox 0 0 1817 5498">
     <span class='ocr_line' id='line_1_33' title="bbox 0 0 1817 5498; baseline 0 0"><span class='ocrx_word' id='word_1_243' title='bbox 0 0 1817 5498; x_wconf 95' lang='lat' dir='ltr'> </span> 
     </span>
    </p>
   </div>
  </div>
 </body>
</html>
