3608 5498
809 431 1004 493 -196-

874 665 944 749 tv.

393 899 592 994 Gregorius
609 897 802 974 scolastico
819 897 902 973 duci
920 898 1134 996 Campania.
1152 901 1247 973 Dum
1272 897 1516 995 Neapolitana

299 1010 459 1085 civitatis
475 1035 563 1086 cura
580 1010 759 1086 destituta
772 1011 964 1087 sacerdotis
977 1011 1107 1087 solacio
1120 1011 1350 1088 vehementer
1363 1034 1516 1107 augere·

296 1150 389 1214 mur,
405 1125 699 1223 supervenientes
716 1125 946 1223 praesentium
962 1124 1094 1200 latores
1110 1149 1193 1200 cum
1211 1125 1353 1199 decreto
1374 1126 1411 1199 in
1438 1124 1516 1199 Flo·
1561 1194 1564 1199 .

297 1239 479 1312 reatinum
510 1237 773 1313 Subdiaconum
799 1247 961 1312 nostrum
986 1238 1157 1326 confecto,
1181 1238 1318 1336 aliquid
1345 1237 1446 1313 nobis
1475 1239 1515 1311 iu

294 1359 394 1426 tanto
406 1352 634 1448 cogitationis
647 1352 799 1451 pondere
809 1351 1038 1426 revelationis
1048 1352 1245 1427 inveniant.
1256 1352 1324 1426 Sed
1333 1350 1515 1450 dumprae·

295 1463 392 1538 fatus
411 1464 658 1540 Subdiaconus
673 1474 806 1554 noster,
831 1464 1016 1560 refugiens
1040 1465 1225 1540 civitatem
1242 1465 1355 1564 ipsam
1378 1465 1517 1539 ordina·

295 1577 428 1652 tionem
445 1578 552 1653 suam'
563 1577 847 1677 lacrymabiliter
859 1579 1041 1666 evitasset,
1050 1578 1152 1676 quasi
1165 1603 1210 1652 ex
1222 1580 1347 1654 maiori
1360 1579 1513 1677 quadam

295 1691 539 1788 desperatione
548 1702 704 1767 nostram
716 1692 919 1788 cognoscite
928 1690 1084 1767 crevisse
1093 1691 1298 1767 mestitiam.
1309 1698 1427 1792 Atque
1436 1693 1515 1767 ideo

294 1801 479 1878 hortamur
496 1804 695 1879 salutantes
716 1803 1004 1901 magnitudinem
1029 1814 1198 1892 vestram,
1216 1815 1257 1879 ut
1279 1815 1515 1882 convocantes

293 1919 429 2013 priores
442 1918 501 1993 vel
514 1917 683 2017 populum
698 1917 907 1992 civitatisde
916 1917 1066 1993 alterius
1075 1919 1245 1996 electione
1260 1921 1438 2016 cogitetis,
1451 1921 1513 2018 qui

292 2032 427 2129 dignus
443 2034 553 2130 possit
569 2058 653 2109 cum
671 2032 804 2109 Christi
823 2031 952 2106 solacio
969 2031 1014 2105 ad
1038 2033 1276 2108 sacerdotium
1301 2034 1513 2134 promoveri.

293 2148 335 2220 ln
353 2170 422 2244 quo
439 2147 580 2222 decreto
596 2145 840 2244 sollempniter
856 2145 961 2235 facte,
974 2155 1010 2220 et
1022 2146 1067 2220 ad
1079 2146 1174 2223 hanc
1190 2146 1314 2222 urbem
1329 2148 1514 2222 transmis-

291 2282 340 2347 so,
349 2261 523 2335 ordinatio
535 2259 613 2334 illic
626 2259 770 2334 tandem
782 2258 925 2334 Christo
938 2259 1134 2335 auxiliante
1148 2262 1367 2358 proveniant.
1378 2262 1416 2335 si
1430 2284 1514 2336 vero

291 2382 411 2472 aptam
429 2397 498 2447 non
517 2373 689 2448 invenitis
706 2373 744 2446 iu
762 2397 832 2470 qua
851 2372 992 2469 possitis
1010 2373 1209 2448 consentire
1226 2397 1423 2473 personam,
1446 2373 1514 2446 sal·

291 2495 365 2560 tem
383 2486 569 2561 tresviros
588 2497 702 2561 rectos
719 2511 762 2561 ac
778 2486 959 2584 sapientes
975 2484 1111 2582 eligite,
1124 2511 1211 2584 quos
1223 2488 1267 2561 ad
1279 2486 1373 2563 hanc
1387 2489 1511 2562 urbem

291 2599 541 2697 generalitatis
559 2601 640 2675 vice
657 2600 823 2687 mittatis,
841 2622 991 2697 quorum
1010 2598 1141 2673 iudicio
1158 2598 1257 2699 plebs
1275 2609 1347 2673 tota
1369 2624 1514 2676 consen·

290 2715 367 2789 tiat.
379 2718 472 2789 Nam
488 2716 561 2789 Deo
573 2724 741 2813 operante
758 2713 848 2788 forte
864 2713 926 2788 hic
942 2712 1050 2787 talem
1071 2711 1259 2810 reperient,
1272 2713 1334 2810 qui
1347 2712 1447 2787 vobis
1460 2714 1513 2786 in-

292 2827 621 2928 reprehensibiliter
629 2828 823 2903 ordinetur.
832 2828 929 2902 Idem
944 2824 1127 2923 Cypriane
1139 2824 1237 2901 dicit.
1245 2825 1446 2900 Lilibitanae
1458 2850 1514 2901 ec·

290 2943 409 3019 clasiae
426 2942 521 3018 clero
537 2941 610 3017 huc
626 2966 689 3040 pro
704 2942 899 3017 ordinando
914 2938 983 3012 sibi
1001 2937 1182 3012 sacerdote
1201 2939 1378 3027 veniente,
1404 2939 1513 3013 liceu-

290 3056 377 3131 tiam
395 3055 437 3130 de
457 3055 675 3152 exquirendo
691 3054 759 3129 sibi
777 3054 938 3152 episcopo
963 3074 1027 3125 nos
1052 3049 1190 3126 dedisse
1212 3075 1417 3148 cognoscas.
1442 3053 1512 3140 Qui

289 3168 440 3243 Decium
458 3167 632 3242 forensem
652 3165 903 3265 presbyterum
916 3165 986 3240 sibi
1000 3165 1200 3240 consecrari
1213 3175 1417 3263 poposcerat
1429 3190 1512 3264 quo

289 3305 371 3354 rum
388 3279 595 3377 petitionem
614 3278 900 3376 adimplevimus,

852 3503 940 3588 tu.

383 3720 580 3816 Gregorius
591 3723 768 3796 Honorato
776 3720 923 3796 diacono
932 3717 1137 3794 Salonitano
1147 3727 1223 3817 post
1232 3718 1510 3815 quedamscire

287 3843 322 3908 te
340 3833 505 3908 volumus
522 3833 612 3930 quod
629 3859 650 3907 a
667 3844 702 3909 te
718 3833 880 3909 districte
897 3830 1083 3929 quaesituri
1107 3857 1233 3906 sumus
1257 3832 1427 3928 quomodo
1453 3831 1510 3906 vel

286 3948 436 4045 propria
452 3946 624 4036 ecclesia,
641 3947 699 4023 vel
716 3972 758 4022 ea
775 3973 854 4046 quae
871 3947 913 4020 de
931 3944 1084 4020 diversis
1101 3943 1262 4019 ecclesiis
1279 3944 1428 4042 cymilia
1446 3969 1510 4018 seu

286 4060 446 4148 collecta,
459 4060 525 4134 sub
542 4059 639 4135 omni
657 4086 754 4137 nunc
772 4057 1013 4136 sollicitudine
1030 4067 1067 4132 et
1091 4057 1159 4132 fide
1184 4067 1384 4133 servantur.
1410 4057 1509 4145 Quod

286 4171 420 4269 siquid
438 4198 482 4248 ex
499 4173 551 4248 eis
568 4172 627 4248 vel
645 4172 872 4269 negligentia
890 4169 948 4246 vel
961 4169 1066 4246 cuius
1084 4195 1191 4268 quam
1210 4171 1333 4245 fraude
1350 4170 1452 4268 perit,
1469 4179 1512 4245 tu

285 4282 324 4356 in
343 4283 409 4357 hoc
426 4293 528 4358 reatu
545 4283 817 4381 constringeris,
841 4283 903 4382 qui
929 4307 990 4381 per
1014 4283 1326 4360 archidiaconatus
1350 4282 1509 4357 ordinem

286 4395 455 4471 custodia
472 4396 629 4472 eiusdem
648 4396 808 4473 ecclesiae
824 4396 939 4473 artius
956 4397 1163 4494 implicaris.
