3608 5498
933 422 974 438 -
998 390 1073 455 248,
1089 422 1129 441 ··-

424 518 526 609 ptum
549 509 637 598 eius,
654 519 690 585 et
707 519 796 585 tuno
812 533 856 584 ex
872 509 1050 584 sententia
1075 518 1111 586 et
1135 510 1266 588 iudicio
1288 522 1477 610 praetorum
1496 511 1644 610 recipiat

425 621 575 698 ecclesia
600 622 777 722 propriam
803 623 1067 722 possessionem.
1086 626 1155 701 Sed
1180 650 1224 701 ne
1242 650 1312 724 qua
1330 651 1436 724 quam
1455 626 1645 724 quisquam

424 737 518 835 apud
535 761 573 812 se
590 737 647 811 vel
662 761 723 835 per
736 761 774 812 se
789 736 898 812 faciat
910 737 1158 835 predictorum
1171 738 1385 814 ablationem
1398 737 1567 815 locorum.
1580 741 1646 813 Su·

425 851 626 948 spe'ctivum
644 851 774 951 quippe
790 849 861 924 tale
879 849 974 948 quid,
991 860 1028 926 et
1046 851 1150 926 multi
1168 853 1336 950 temporis
1353 851 1446 928 lucri
1471 861 1507 927 et
1530 851 1648 925 avari·

426 964 487 1039 tiae
503 963 666 1039 consistit
683 963 868 1039 iudicium.
886 964 925 1038 Si
943 963 1024 1062 quis
1041 989 1127 1062 ergo
1144 964 1330 1064 episcopus
1346 974 1410 1039 aut
1428 964 1648 1064 metropolita

425 1088 565 1179 propter
580 1077 675 1154 haue
692 1077 940 1154 diffinitionem
958 1088 1116 1154 nostram
1133 1079 1323 1155 abstulerit
1344 1079 1501 1178 aliquem
1527 1078 1646 1153 locum

426 1216 653 1291 aqucquam,
671 1203 802 1291 putans
818 1193 910 1290 quod
927 1192 1114 1269 ecclesiam
1133 1194 1308 1292 propriam
1328 1192 1505 1283 defendat,
1526 1216 1648 1289 seque·

427 1315 560 1394 stratur
576 1332 597 1380 a
616 1305 754 1406 proprio
778 1306 982 1405 patriarcha
1008 1331 1070 1405 per
1093 1306 1236 1404 aliquod
1261 1316 1403 1405 tempus
1429 1306 1517 1380 dans
1534 1306 1648 1406 primo

427 1421 519 1520 quod
532 1446 594 1520 per
605 1431 814 1519 potestatem
828 1446 930 1495 suam
942 1419 1133 1495 abstulerit
1147 1420 1204 1495 vel
1219 1421 1403 1519 surripuit.
1417 1420 1456 1494 si
1470 1442 1555 1495 vero
1568 1443 1648 1495 con-

428 1543 580 1634 temptor
597 1534 678 1632 quis
696 1533 902 1633 perstiterit,
919 1557 989 1608 uon
1006 1534 1172 1609 obediens
1189 1533 1246 1608 his
1263 1558 1343 1631 quae
1359 1543 1493 1609 sanctae
1509 1526 1553 1608 ac
1570 1532 1648 1606 uni·

432 1647 563 1723 versali
582 1649 717 1747 synodo
733 1648 812 1724 visa
829 1657 925 1739 sunt,
941 1647 1136 1746 deponatur
1153 1646 1374 1721 omnimodis.

989 1849 1087 1935 ΧΙΠ.

752 2055 788 2105 In
807 2054 942 2108 concilio
960 2053 1120 2107 Anclreno
1138 2064 1211 2119 cap.
1231 2054 1334 2106 X1111.

528 2218 568 2291 Si
584 2241 655 2315 qua
671 2218 714 2292 de
731 2217 837 2292 rebus
853 2216 1023 2293 aecclesiae
1039 2242 1122 2294 cum
1140 2216 1324 2317 episcopus
1341 2225 1489 2306 nonest,
1507 2215 1653 2314 presby·

433 2331 500 2407 teri
519 2330 753 2419 vendiderint,
769 2329 906 2429 placuit
923 2330 1072 2406 rescisso
1089 2340 1286 2421 contractu,
1303 2331 1348 2405 ad
1365 2331 1422 2404 ins
1439 2329 1653 2406 ecclesiasti·

433 2469 516 2520 cum
536 2442 706 2519 revocari.
723 2446 765 2517 In
782 2441 913 2519 iudicio
937 2452 1058 2518 autem
1084 2443 1238 2542 episcopi
1262 2444 1331 2518 erit
1355 2444 1603 2533 constitutum,
1621 2441 1652 2516 si

433 2556 588 2659 pretium
606 2555 731 2631 debeat
748 2555 870 2655 recipi,
887 2580 1009 2644 necne,
1027 2566 1168 2658 propter
1193 2557 1286 2656 quod
1310 2582 1403 2656 saepc
1424 2557 1579 2653 contigit
1603 2557 1654 2632 di-

434 2677 650 2758 stractarum
668 2695 787 2746 rerum
806 2669 965 2746 redditus
980 2671 1170 2771 ampliores
1187 2695 1365 2747 summam
1379 2678 1524 2772 accepto
1542 2669 1653 2770 pretio

437 2782 640 2860 reddidisse.

988 2911 1104 2994 llllll.

709 3091 791 3143 Item
805 3091 843 3141 'ln
861 3088 998 3142 concilio
1018 3087 1201 3156 Gangrensi
1219 3102 1291 3156 cap.
1311 3090 1381 3142 vn.

536 3243 575 3317 Si
585 3245 667 3343 quis
679 3244 815 3320 dederit
827 3243 886 3319 vel
899 3243 1079 3342 acceperit
1089 3245 1249 3321 fructum
1263 3243 1460 3334 oblationis
1473 3253 1572 3320 extra
1586 3242 1657 3341 epi·

438 3381 583 3456 scopum
598 3357 656 3433 vel
666 3359 859 3456 quemlibet
873 3357 1090 3447 ministrum,
1104 3368 1288 3457 tamquam
1302 3359 1347 3434 ad
1358 3357 1655 3455 dispensationem

439 3471 520 3548 boni
538 3472 663 3571 operis,
680 3474 869 3549 anathema
887 3472 944 3548 sit.

1008 3599 1086 3683 XV.

804 3779 841 3829 1n
860 3776 1085 3842 cartaginensi
1101 3785 1174 3841 cap.
1193 3776 1309 3828 XXX1.

535 3932 670 4009 Nullus
679 3955 736 4008 res
745 3931 905 4009 ecclesiae
913 3929 1205 4018 distrahatQuod
1214 3928 1244 4004 si
1255 3927 1488 4005 redditusnon
1496 3927 1612 4020 habet,
1622 3940 1658 4006 et

439 4049 561 4148 aliqua
574 4046 768 4124 necessitas
780 4046 893 4120 nimia
910 4046 1019 4143 cogit,
1035 4046 1130 4123 hanc
1147 4045 1400 4121 insinuandam
1418 4069 1495 4121 esse
1512 4045 1658 4144 primati

441 4161 635 4261 provinciae
652 4160 775 4259 ipsius,
793 4168 833 4234 ut
849 4184 931 4235 cum
950 4168 1084 4235 statuto
1101 4183 1249 4235 numero
1266 4160 1507 4258 episcoporum
1535 4169 1658 4234 utrum

442 4276 645 4351 faciendum
659 4275 707 4351 sit
718 4274 921 4350 arbitretur.
935 4274 1023 4348 Etsi
1037 4283 1138 4349 tanta
1152 4282 1261 4370 urget
1273 4273 1467 4348 necessitas
1476 4272 1658 4363 aecclesia,

444 4400 485 4465 ut
502 4412 570 4464 non
588 4389 698 4489 possit
713 4399 797 4464 ante
821 4387 1017 4478 consulere,
1042 4387 1168 4462 saltem
1196 4386 1333 4463 vicinos
1356 4396 1465 4462 testes
1490 4395 1659 4462 convocet

442 4501 638 4603 episeopus,
650 4526 781 4578 curans
792 4500 838 4577 ad
850 4498 1039 4578 concilium
1055 4523 1196 4576 omnem
1211 4499 1342 4575 referre
1354 4498 1525 4576 eecclesiae
1541 4522 1660 4578 noces·
