3608 5498
821 377 995 439 ..92-

299 495 539 572 anathematis
556 494 702 570 vinculo
718 508 755 570 et
780 519 1003 571 successores
1027 520 1149 571 eorum
1171 496 1464 573 constrinxerunt
1488 497 1519 571 si

298 637 458 710 unquam
477 610 613 709 aliquid
630 620 755 687 contra
772 634 831 687 eos
848 610 1170 709 praesumpsissent.
1187 617 1262 687 Aut
1283 621 1407 686 contra
1430 617 1521 710 Apo·

297 724 460 801 stolica‘m
482 724 540 799 vel
558 723 657 797 illius
674 723 824 798 alterius
841 724 1006 821 Episcopi
1024 724 1154 812 sedern,
1167 725 1359 823 quicquam
1377 725 1519 801 adversi

297 862 367 936 quo
384 838 485 913 modo
502 847 622 912 essent
641 837 765 912 moliti.
783 837 919 912 Idcirco
939 861 997 913 eos
1014 861 1085 912 non
1110 863 1187 914 esse
1211 863 1357 915 necesse
1381 863 1520 914 excom-

298 952 483 1027 municare
501 962 565 1026 aut
581 951 895 1041 anathematizare,
913 952 997 1049 qnia
1011 951 1098 1049 ipsis
1114 952 1355 1027 anathematis
1372 952 1519 1028 vinculo

297 1065 448 1164 propriis
466 1064 632 1139 manibus
649 1064 883 1163 professiones
904 1090 988 1139 suas
1005 1089 1141 1163 suaque
1165 1065 1298 1164 scripta
1324 1066 1522 1141 roboranda

296 1179 599 1254 constrinxerunt.
610 1179 709 1255 Sciat
721 1189 843 1254 tamen
852 1178 971 1275 etipse
980 1176 1154 1252 Iohannes
1164 1177 1234 1251 nisi
1244 1202 1400 1254 errorem
1411 1205 1518 1253 suum

296 1291 367 1367 cito
385 1293 588 1379 correxerit,
601 1292 700 1367 ocius
714 1317 751 1368 se
765 1290 1144 1368 excommunicandum
1160 1292 1244 1380 fore,
1257 1303 1293 1367 et
1306 1292 1520 1391 Apostolicae

296 1406 390 1480 sedis
407 1415 513 1503 atquc
539 1406 699 1480 omnium
721 1406 975 1505 Episcoporum
1000 1405 1249 1481 communione
1274 1431 1406 1482 carere.
1431 1406 1520 1482 Uni·

297 1517 447 1593 versalis
464 1542 603 1617 qnoque
620 1542 747 1594 nomen
764 1521 856 1618 quod
882 1518 950 1593 sibi
973 1518 1099 1594 illicite
1120 1519 1310 1617 usurpavit
1332 1520 1442 1596 nolite
1466 1531 1520 1595 at·

296 1633 450 1708 tendere.
466 1637 542 1709 Nec
560 1635 782 1710 vocationem
800 1635 939 1710 eiusad
957 1634 1120 1709 sinodum
1146 1634 1279 1731 absque
1304 1633 1519 1710 auctoritate

297 1746 397 1821 Sedis
414 1746 625 1845 Apostolicae
643 1772 801 1846 unquam
820 1748 953 1835 venire,
971 1747 1001 1820 si
1019 1748 1230 1845 Apostolicae
1253 1747 1356 1822 Sedis
1372 1758 1409 1822 et
1425 1757 1518 1823 cete·

296 1881 416 1933 rorum
435 1860 689 1959 Episcoporum
707 1861 956 1936 communione
975 1860 1087 1934 vultis
1105 1859 1188 1933 frui.

857 2089 978 2172 Olll'l.

391 2317 588 2412 Gregorius
598 2316 749 2392 Eusebio
763 2314 958 2403 Thesalico
972 2314 1103 2390 Urbico
1116 2314 1354 2414 Dyrrachino
1363 2315 1517 2390 Androm

294 2429 550 2527 Nicopolitana
559 2429 997 2517 lohanniCorinthiorum
1006 2427 1155 2505 Iohanni
1165 2427 1516 2526 primaeIustinianae‚
1536 2432 1538 2436 ⁴

295 2541 444 2616 Iohanni
458 2544 657 2632 Crethensi
671 2543 822 2618 Iohanni
833 2542 994 2617 Larisseo
1006 2553 1042 2617 et
1055 2543 1292 2618 Excodritano
1309 2542 1403 2617 inter
1416 2553 1518 2618 crate·

295 2680 344 2729 ra.
358 2655 560 2751 Cognoscat
573 2657 782 2733 fraternitas
790 2668 910 2732 vestra
920 2654 1113 2731 Iohannem
1124 2656 1300 2753 quondam
1314 2656 1517 2731 Constanti·

294 2768 504 2866 nopolitanae
513 2769 675 2844 civitatis
689 2771 899 2845 Antistitem
910 2781 1036 2846 contra
1047 2773 1161 2845 Deum
1175 2781 1299 2845 contra
1313 2793 1435 2867 pacem
1451 2772 1517 2844 Ec·

293 2882 411 2958 clesiae
429 2884 466 2958 in
483 2885 643 2960 omnium
660 2886 828 2984 despectu
846 2898 882 2960 et
899 2883 1078 2959 iniustitia
1095 2884 1319 2960 sacerdotum
1337 2883 1376 2956 in
1394 2882 1515 2957 sinodo

294 2997 486 3093 superbum
505 2998 750 3074 ichomenicon
768 3000 834 3075 hoc
851 3009 906 3074 est
932 2998 1138 3074 universale
1164 2998 1232 3072 sibi
1258 3022 1385 3074 nomen
1411 3024 1515 3072 usur·

294 3135 405 3206 passe.
424 3112 523 3198 Quod
544 3112 713 3209 Pelagius
730 3114 891 3188 decessor
909 3123 1028 3187 noster
1045 3137 1256 3209 agnoscens,
1281 3110 1401 3186 omnia
1422 3110 1514 3186 eius-

291 3224 371 3298 dem
390 3226 526 3323 Synodi
544 3237 648 3322 gesta
665 3228 833 3302 cassavit.
851 3228 947 3301 Adeo
972 3237 1013 3301 ιιι
1038 3254 1144 3301 suum
1168 3226 1221 3300 illi
1239 3226 1427 3300 diaconum
1442 3224 1513 3298 nisi

291 3348 435 3412 tantum
465 3340 567 3414 nefas
591 3342 796 3418 emendaret
815 3340 1001 3440 procedere
1020 3340 1230 3438 prohiberet.
1245 3343 1290 3413 Et
1308 3339 1412 3412 infra.
1425 3340 1512 3412 Hor·

291 3462 346 3525 tor
363 3452 484 3550 itaque
501 3465 542 3528 ut
559 3455 683 3529 nullus
706 3466 868 3531 vestrum
893 3455 960 3531 hoc
986 3479 1112 3532 nomen
1137 3442 1328 3554 aliquando
1354 3452 1512 3550 recipiat,

291 3564 415 3639 nullus
432 3568 641 3656 consentiat,
658 3568 781 3643 nullus
804 3571 948 3658 scribat,
965 3569 1089 3644 nullus
1115 3571 1173 3645 ubi
1201 3569 1310 3644 fuerit
1336 3567 1510 3664 scriptum

289 3678 468 3767 admittat,
485 3679 544 3755 vel
561 3682 858 3780 subscriptionem
877 3710 979 3758 suam
996 3684 1152 3761 adiiciat.
1170 3689 1216 3759 Et
1233 3694 1361 3760 cetera.

832 3856 970 3941 llXVll.

385 4017 548 4092 Presenti
558 4018 699 4096 decreto
711 4019 890 4094 constituo
904 4029 944 4093 ut
957 4020 1102 4118 quidam
1117 4047 1161 4097 er
1173 4022 1314 4100 clericis
1327 4023 1386 4098 vel
1400 4025 1508 4100 etiam

287 4155 331 4203 cx
348 4130 531 4205 monachis
548 4131 672 4208 electis
688 4132 887 4208 ministerio
904 4133 1063 4211 cubiculi
1082 4136 1295 4233 pontificalis
1316 4137 1508 4236 obsequan-

287 4253 359 4331 tur,
378 4254 418 4318 ιιι
435 4244 465 4317 is
482 4244 544 4341 qui
562 4244 600 4317 in
622 4245 697 4321 loco
722 4259 777 4321 est
803 4247 993 4343 regiminis
1014 4248 1142 4323 habeat
1163 4259 1273 4324 testes
1289 4250 1352 4348 qui
1372 4252 1452 4326 eins
1469 4251 1507 4326 in

287 4369 424 4433 secreto
441 4359 744 4434 conversationem
764 4360 919 4450 videant,
936 4361 998 4459 qni
1016 4386 1059 4438 ex
1085 4361 1219 4437 visione
1242 4365 1375 4454 sedula,
1392 4389 1508 4441 exem·

288 4469 386 4567 plum
406 4470 584 4567 profectus
603 4485 757 4548 sumant.
