3608 5498
942 422 982 438 -
1009 390 1073 451 322
1099 421 1139 435 ···

428 507 620 584 solidorum
638 509 729 583 auri.
742 508 839 583 Idem
854 508 890 580 in
905 508 1023 584 eodem
1043 508 1088 583 ad
1101 509 1349 601 Valerianum,
1362 522 1398 585 et
1413 509 1578 585 Liberum
1594 534 1652 586 no

427 622 571 713 tarium,
580 621 837 697 Monasterium
850 621 965 697 sancti
978 623 1110 719 Angeli
1124 623 1161 695 in
1173 622 1332 710 Claiano,
1341 624 1434 720 apud
1445 624 1650 698 Firmanam

428 734 623 822 civitatem,
633 734 724 808 iuris
736 733 830 810 beati
842 735 938 809 Petri
947 745 1011 810 cst.
1020 735 1117 809 Idem
1128 734 1165 808 in
1179 735 1363 824 eodem,ad
1373 736 1579 811 Munerium
1593 761 1652 810 no

426 848 570 936 tarium,
587 847 740 921 fundum
754 856 953 943 paternum,
965 856 1002 922 et
1014 845 1199 943 gaianum,
1211 857 1247 922 et
1260 847 1474 946 ciprianum,
1487 857 1526 922 et
1536 857 1652 946 pater-

426 984 514 1033 num
529 970 565 1036 et
576 959 802 1034 arbatianum
816 959 951 1034 locasse
964 959 1159 1034 invenitur.
1172 961 1268 1035 Idem
1283 960 1463 1048 incodem,
1473 960 1651 1036 Gaudioso

426 1072 819 1163 notari0,etAnatholio
833 1072 1171 1169 magistromilitum
1181 1072 1452 1170 Neapolitanam
1466 1072 1649 1147 civitatem

426 1186 618 1281 regendam
634 1186 835 1274 committit,
845 1211 928 1260 cum
942 1185 1107 1260 omnibus
1121 1185 1150 1261 ei
1165 1184 1483 1285 pertinentibuset
1496 1185 1650 1283 qualiter

419 1298 552 1375 debent
571 1301 648 1396 regi
663 1299 806 1398 scriptis
822 1300 1000 1373 informat.
1014 1299 1111 1373 Idem
1125 1297 1162 1371 in
1176 1298 1294 1373 eodem
1310 1299 1354 1372 ad
1367 1299 1588 1396 Episanium,
1601 1298 1650 1374 le-

423 1413 525 1509 gitur
542 1412 676 1489 locasse
691 1439 845 1488 massam
860 1412 1053 1487 Stracesim
1068 1437 1150 1486 cum
1165 1422 1265 1510 prato
1278 1436 1341 1487 suo
1354 1424 1389 1488 et
1402 1411 1567 1487 omnibus
1581 1412 1648 1487 sibi

423 1526 695 1622 pertinentibus,
705 1525 855 1624 positam
869 1527 907 1598 in
921 1525 1100 1600 territorio
1109 1525 1424 1601 Centumcellensi.
1435 1526 1503 1600 Sed
1516 1528 1650 1602 etGre·

423 1639 549 1734 gorius
566 1639 685 1714 iunior
702 1640 788 1713 item
807 1638 844 1711 in
863 1662 928 1713 suo
946 1639 1052 1733 regit,
1069 1637 1162 1712 locat
1184 1639 1222 1711 in
1247 1640 1409 1713 XXVIII
1429 1639 1535 1712 annis
1556 1643 1650 1712 Ana-

422 1752 530 1829 tholio
548 1754 691 1829 tribuno
708 1754 860 1829 fundum
879 1752 1062 1827 Meianula
1080 1778 1162 1826 cum
1181 1752 1275 1826 casis
1293 1762 1329 1826 et
1350 1752 1467 1826 vineis
1484 1762 1521 1827 et
1536 1754 1648 1826 omni·

421 1865 488 1941 bus
505 1868 581 1942 suis
597 1867 834 1966 pertinentiis,
851 1891 896 1942 ex
912 1889 1055 1963 corpore
1073 1890 1200 1939 massar
1220 1864 1381 1940 Peltiane
1399 1865 1576 1939 territorio
1603 1872 1648 1939 Α·

421 1981 592 2075 magnino,
601 1979 1013 2078 patrimonioLavicano,
1022 1978 1089 2052 sub
1101 2004 1223 2052 annua
1231 1979 1399 2078 pensione
1410 1989 1553 2077 praestat
1567 2002 1647 2076 csq.

420 2091 571 2190 siliquas
588 2095 677 2167 auri.
695 2094 793 2168 Idem
810 2093 849 2166 in
867 2092 1001 2168 eodem.
1017 2091 1223 2166 Exhilarato
1240 2102 1275 2165 et
1293 2091 1470 2165 Gaudioso
1487 2091 1580 2167 locut
1605 2103 1647 2167 ut

420 2228 529 2302 supra
542 2206 671 2295 casale,
680 2205 833 2305 pondera
845 2204 1045 2301 Agellione,
1054 2215 1090 2281 et
1103 2206 1220 2279 casale
1234 2205 1501 2301 Pompeianum,
1510 2205 1648 2281 Celeia-

420 2342 520 2408 num,
532 2331 568 2395 et
580 2320 732 2395 fundum
747 2322 925 2409 Fortunae,
941 2318 1071 2418 positos
1088 2317 1266 2392 territorio
1279 2317 1353 2391 loro
1367 2317 1586 2404 Claudirnsi,
1599 2343 1646 2392 ex

420 2454 562 2529 corpore
581 2459 717 2521 massae,
735 2433 872 2522 tusciae,
890 2433 1124 2529 suppensione
1143 2454 1168 2500 a
1185 2459 1219 2504 v.
1237 2431 1315 2505 auri
1333 2431 1470 2506 solidos.
1487 2432 1584 2507 Idem
1606 2433 1644 2506 in

419 2545 550 2620 eodem.
561 2545 806 2620 Constantina
818 2545 964 2619 honeste
979 2545 1122 2620 feminae
1135 2545 1229 2620 locat
1242 2554 1282 2619 ut
1296 2571 1404 2644 supra
1417 2545 1567 2619 fundum
1583 2547 1643 2618 Sa·

419 2656 568 2748 lianum,
581 2684 665 2734 cum
685 2657 849 2734 omnibus
863 2656 938 2731 suis
956 2657 1191 2754 pertinentiis,
1209 2658 1318 2731 situm
1334 2657 1371 2730 in
1385 2658 1562 2732 territorio
1580 2657 1645 2733 Ce-

418 2774 545 2864 sinate,
558 2775 602 2848 ad
612 2783 766 2848 montem
780 2773 841 2871 qui
855 2771 990 2846 dicitur
1003 2770 1141 2858 Lucati,
1154 2771 1199 2842 ab
1212 2793 1282 2843 uno
1296 2770 1404 2844 latere
1419 2771 1528 2844 situm
1542 2771 1643 2844 iuxta

418 2887 569 2962 fundum
588 2886 858 2975 Carbasianum,
875 2884 919 2959 ab
943 2884 1023 2971 alio,
1046 2884 1196 2957 fundum
1215 2883 1447 2972 Anianum,a
1473 2884 1578 2958 tertio
1595 2882 1644 2957 la·

416 3010 492 3077 tere
506 3002 639 3076 fundus
653 3000 712 3098 qui
727 3000 860 3074 dicitur
877 2999 1058 3086 Gumaris,
1074 3022 1117 3101 es
1130 3021 1272 3096 corpore
1286 2997 1490 3095 patrimonii
1504 3000 1643 3073 Raven-

417 3115 523 3202 natis,
536 3115 627 3188 iuris
641 3117 807 3189 Romanae
824 3111 995 3188 ecclesia
1007 3121 1152 3212 praestat
1165 3111 1352 3184 annuatim
1366 3129 1396 3183 si
1411 3110 1489 3184 auri
1504 3108 1641 3186 solidos.

416 3228 514 3303 Idem
533 3228 572 3301 in
589 3227 720 3304 eodem.
737 3227 910 3324 Lupicino
934 3224 1154 3324 presbytero,
1180 3223 1249 3297 duo
1273 3223 1499 3311 monasteria,
1523 3221 1642 3298 silicet

419 3341 534 3415 sancti
552 3341 680 3415 Leonis
697 3339 908 3415 confessoris
925 3349 961 3414 et
978 3337 1165 3436 pontificis
1182 3345 1219 3410 et
1235 3337 1351 3411 sancti
1377 3336 1553 3424 Severini,
1570 3335 1639 3410 sita

415 3452 512 3526 intra
529 3462 689 3527 castrum
710 3464 827 3528 monte
844 3456 1001 3541 Feretm,
1015 3475 1097 3525 cum
1113 3447 1277 3523 omnibus
1294 3449 1346 3523 eis
1362 3449 1597 3546 pertinentiis.
1609 3453 1641 3524 I·

415 3563 496 3639 dem
514 3565 552 3638 in
569 3565 690 3640 eodem
709 3565 804 3640 locat
820 3565 967 3654 Blando,
980 3572 1021 3637 ut
1035 3587 1153 3660 supra,
1167 3587 1319 3637 massam
1334 3563 1513 3637 iuniorum
1532 3564 1640 3663 patri-

415 3677 531 3759 monio
548 3677 727 3754 Lauicano
744 3678 810 3753 sub
827 3703 949 3752 annua
962 3676 1129 3776 pensione
1142 3698 1218 3774 asq.
1232 3676 1310 3750 auri
1325 3676 1526 3751 solidorum.
1539 3678 1636 3753 Idem

415 3790 454 3863 in
472 3790 603 3865 eodem.
622 3790 816 3866 Eustochio
833 3791 1052 3888 presbytero
1070 3789 1221 3864 fundum
1241 3815 1323 3864 casa
1344 3790 1482 3866 cantari
1499 3802 1536 3866 et
1557 3791 1636 3865 sun·

414 3901 498 3975 dum
517 3903 709 3991 vivarium,
726 3929 769 3979 ex
786 3929 914 3979 massae
940 3926 1082 4000 corpore
1107 3901 1231 3975 silanis
1249 3910 1285 3976 et
1306 3904 1358 3975 VI
1384 3901 1510 3977 uncias
1534 3903 1635 3976 fundi

411 4015 576 4089 Lauretis
592 4040 675 4091 cum
695 4015 835 4091 Oliveto
848 4040 923 4104 suo,
940 4041 985 4090 ex
997 4038 1141 4112 corpore
1152 4013 1319 4112 praedicte
1333 4039 1458 4089 massae
1467 4027 1636 4113 praestan·

414 4138 470 4203 tes
487 4129 693 4225 pensionem
711 4155 777 4201 am
798 4156 843 4203 m.
860 4128 938 4202 auri
957 4128 1097 4216 solidos,
1109 4128 1170 4201 sed
1183 4138 1219 4202 et
1231 4128 1382 4203 fundum
1397 4129 1635 4218 Marcianum,

412 4263 457 4314 ox
471 4264 614 4339 corpore
629 4268 753 4317 massa
767 4240 963 4330 Gallorum,
978 4240 1189 4339 patrimonio
1202 4240 1392 4331 Lauicano,
1404 4253 1632 4339 praestantem

413 4369 431 4422 ι
448 4354 529 4427 auri
548 4353 708 4453 siliquas,
725 4366 762 4431 et
773 4353 946 4431 coloniam
965 4354 1069 4428 sitam
1085 4353 1122 4427 in
1136 4351 1245 4427 fundo
1257 4352 1422 4429 Offiliano
1438 4379 1520 4429 cum
1535 4364 1636 4455 prato

411 4473 448 4537 et
458 4464 605 4540 saliceto
616 4489 681 4540 suo
694 4477 921 4564 praestantem
935 4488 1008 4564 srq.
1020 4467 1100 4540 auri
1114 4467 1276 4565 siliquas,
1288 4491 1332 4541 ex
1344 4491 1487 4567 corpore
1506 4492 1632 4542 massa
