3608 5498
797 381 996 445 ...4242

287 502 498 593 ecclesiam,
511 527 619 601 quam
636 500 817 578 aChristo
833 502 1003 576 tuendam
1021 500 1235 599 suscipiunt.
1247 503 1340 575 Nam
1358 501 1437 577 sive
1450 527 1525 575 au·

289 626 422 711 geatur
447 639 528 713 pax,
545 624 583 690 et
609 612 799 711 disciplina
815 612 986 689 aecclesiae
1002 637 1063 710 per
1080 611 1201 687 fideles
1226 611 1417 709 principes,
1433 613 1522 688 sive

288 727 557 817 solvantur,ille
570 727 676 803 abeis
689 728 861 802 rationem
877 727 1008 822 exiget,
1017 726 1079 824 qui
1092 749 1213 800 eorum
1224 725 1391 822 potestati
1405 751 1521 801 suam

288 840 488 919 ecclesiam
504 842 628 918 credit.
641 841 699 914 Ad
716 840 886 916 delictum
901 839 1057 938 pertinet
1072 839 1288 938 principum,
1300 839 1363 936 qui
1379 863 1520 938 pravos

287 954 424 1031 iudices
448 964 573 1029 contra
598 953 821 1048 voluntatem
848 952 913 1029 Dei
938 951 1089 1051 propriis
1113 951 1278 1026 fidelihus
1302 952 1518 1049 praeferunt

287 1067 381 1140 Nam
394 1065 491 1140 sicut
503 1063 623 1164 populi
636 1064 807 1141 delictum
821 1076 876 1141 est
889 1065 1030 1165 qnando
1046 1064 1227 1166 principes
1244 1065 1329 1139 mali
1345 1076 1444 1156 sunt,
1456 1068 1519 1143 sic

288 1178 461 1278 principis
477 1188 533 1254 est
549 1189 749 1277 peccatum,
761 1180 902 1277 quando
918 1179 1034 1277 iniqui
1052 1179 1189 1254 iu'dioes
1205 1179 1375 1254 existunt
1388 1182 1519 1255 Bonus

288 1295 396 1369 iudex
411 1294 508 1371 sicut
523 1317 649 1370 nocere
666 1294 806 1392 civibus
824 1295 949 1382 nescit,
966 1295 1017 1368 ita
1034 1293 1197 1391 prodesse
1215 1293 1382 1368 omnibus
1398 1294 1518 1369 novit

289 1409 387 1483 Idem
402 1408 440 1482 in
453 1408 585 1497 eodem,
598 1408 714 1507 capite
726 1411 880 1484 XLVIII
893 1411 1122 1485 etXLVIIII.
1133 1407 1320 1506 Principes
1335 1432 1520 1508 regesque

290 1520 393 1597 electi
419 1530 517 1611 sunt,
534 1532 575 1596 ut
599 1531 730 1597 terrore
752 1544 816 1595 suo
831 1521 979 1621 populos
1003 1547 1025 1595 a
1051 1522 1144 1597 malo
1169 1531 1386 1610 coercerent,
1402 1532 1521 1622 atque

290 1634 335 1708 ad
347 1634 649 1710 recte-vivendum
659 1633 802 1730 legibus
814 1634 1285 1712 subderentPotestasbona
1297 1638 1521 1732 estquando

248 1744 250 1748 ⁴
291 1745 442 1821 Domino
458 1746 611 1822 donante
635 1756 701 1834 est,
718 1757 759 1822 ut
784 1746 919 1822 malum
946 1759 1042 1825 terre
1066 1760 1237 1838 coerceat,
1254 1772 1324 1823 non
1349 1758 1391 1823 ut
1412 1774 1521 1826 mare

290 1860 426 1935 malum
443 1861 652 1937 committat.
669 1861 793 1937 Nichil
814 1873 935 1938 autem
962 1865 1075 1961 peius,
1091 1889 1198 1962 quam
1225 1887 1286 1961 per
1302 1871 1522 1962 potestatem

290 1973 460 2073 peccandi
477 1973 677 2049 libertatem
695 1976 834 2052 hahere.
850 1975 1043 2076 Nichilque
1068 1976 1251 2053 infelicius
1271 1976 1363 2052 male
1379 1977 1519 2072 agendi

290 2088 472 2164 felicitate.
490 2087 558 2176 Qui
578 2089 674 2163 intra
691 2089 865 2165 saeculum
883 2090 973 2167 hene
991 2089 1236 2188 temporaliter
1253 2091 1416 2186 imperat,
1432 2090 1519 2167 sine

291 2204 361 2277 fine
378 2200 416 2274 in
434 2211 645 2300 perpetuum
672 2214 814 2299 regnat,
830 2213 866 2280 et
891 2205 933 2281 de
951 2205 1067 2302 gloria
1085 2203 1209 2281 saeculi
1226 2203 1337 2278 huius
1352 2204 1397 2278 ad
1413 2213 1522 2280 aeter-

290 2340 374 2389 nam
391 2314 631 2412 transmigrat
655 2315 820 2413 gloriam.
839 2318 907 2406 Qui
935 2342 1019 2394 vero
1036 2342 1145 2417 prave
1163 2341 1316 2414 regnum
1333 2327 1518 2409 exercent,

290 2439 368 2527 post
393 2439 530 2504 vestem
559 2429 772 2526 fulgentem,
789 2430 955 2527 fulgente
981 2443 1017 2507 et
1045 2431 1182 2505 lumina
1205 2429 1407 2528 lapillorum
1426 2431 1521 2505 nudi

291 2552 327 2618 et
341 2541 462 2616 miseri
476 2542 519 2616 ad
534 2543 674 2618 inferna
688 2545 878 2641 torquendi
891 2545 1122 2621 descendunt.
1132 2548 1250 2641 Reges
1262 2569 1283 2616 a
1298 2554 1393 2619 recte
1405 2567 1521 2640 agen·

290 2655 333 2729 do
351 2654 532 2729 dicuntur.
545 2658 592 2728 Et
610 2655 686 2730 ideo
704 2665 800 2731 recte
817 2657 984 2734 faciendo
1004 2659 1103 2755 regis
1121 2681 1248 2732 nomen
1266 2667 1420 2745 tenetur,
1436 2680 1521 2754 pec·

146 2817 148 2822 ·
290 2768 1518 2870 candoamittiturRegesquandobonisunt,munerisestDei,quan-

290 2885 333 2959 do
351 2907 435 2958 vero
453 2883 537 2957 mali
554 2885 700 2961 sceleris
717 2895 771 2960 est
796 2886 926 2984 populi.
946 2886 1105 2960 Membra
1124 2884 1261 2961 Christi
1287 2882 1409 2958 fideles
1425 2896 1517 2959 sunt

291 2997 422 3097 populi,
431 2999 492 3097 qui
506 3000 591 3073 dum
605 3024 683 3075 eam
695 3009 903 3097 potestatem
914 3024 1022 3098 quam
1032 2999 1216 3098 accipiunt
1226 2997 1356 3096 optime
1367 3007 1517 3092 regunt,

159 3179 161 3183 ,
290 3112 420 3187 bonam
439 3111 564 3210 utique
581 3112 833 3188 vissitudinem
853 3116 926 3188 Deo
946 3113 1110 3210 largitori
1124 3112 1331 3188 restituunt.
1345 3115 1391 3184 Et
1403 3111 1514 3188 inira

290 3226 381 3322 Regi
399 3225 592 3300 ascribitur
609 3227 779 3325 quicquid
792 3237 847 3302 est
859 3227 938 3302 eius
951 3226 1110 3325 exemplo
1126 3252 1147 3300 a
1165 3225 1317 3300 subditis
1334 3237 1517 3326 perpetra-

290 3348 379 3414 tum.
397 3339 511 3415 Cuius
537 3348 724 3440 peccatum
751 3340 914 3438 quisquis
938 3341 1111 3438 sequitur,
1129 3363 1271 3415 necesso
1296 3348 1350 3414 est
1375 3350 1416 3412 ut
1433 3339 1516 3416 eius
1565 3333 1567 3336 ’

291 3477 417 3552 penam
435 3463 616 3552 sequatur.
630 3456 754 3551 Neque
771 3454 867 3530 enim
885 3453 954 3528 erit
972 3453 1088 3551 impar
1106 3451 1321 3552 supplicium
1340 3451 1446 3526 cuius
1458 3476 1516 3528 er-

294 3567 364 3642 rori
382 3568 533 3666 quisque
554 3591 617 3665 par
643 3576 697 3641 est
722 3593 764 3644 ac
792 3569 892 3656 vitio,
909 3566 1089 3667 principes
1114 3564 1259 3641 vinculo
1276 3564 1446 3662 equitatis
1463 3575 1517 3643 te-

292 3692 424 3758 nentur
440 3681 592 3772 astricti,
605 3692 647 3756 ut
664 3682 766 3757 fidem
782 3681 918 3758 Christi
936 3681 1013 3756 suis
1031 3681 1173 3778 legibus
1190 3680 1393 3780 praediecnt,
1407 3690 1445 3756 et
1461 3682 1513 3783 ip-

292 3821 366 3872 sam
386 3796 466 3873 fidei
486 3795 771 3895 predicationem
791 3795 949 3872 moribus
965 3797 1066 3872 bonis
1083 3806 1306 3873 conservent.

826 3964 968 4047 ovssll.

388 4137 575 4212 Hormisda
590 4136 733 4213 natione
743 4138 948 4237 Campanus
961 4163 1005 4214 ex
1017 4136 1210 4213 constituto
1223 4135 1351 4234 synodi
1362 4135 1464 4211 misit
1472 4137 1512 4211 in

289 4248 1513 4349 Graeciam,humunitatemostendensSedisApostolicmquamGraeci

291 4362 439 4459 obligati
453 4374 557 4438 erant
569 4362 715 4438 vinculo
728 4363 966 4439 anathematis
979 4391 997 4438 a
1010 4365 1178 4439 Romanis
1188 4362 1421 4439 Pontificibus
1434 4387 1514 4460 pro·

293 4485 369 4572 pter
388 4479 533 4551 Petrum
554 4477 837 4554 Alexandrinum
857 4477 1069 4576 Episcopum
1090 4476 1391 4553 Euthicianistam
1410 4485 1447 4552 et
1466 4483 1514 4552 A·
