3608 5498
823 421 996 482 ..77-

808 656 1001 740 LXXXIII.

390 881 427 954 Si
444 882 525 979 quis
542 893 663 957 autem
681 882 751 957 alio
767 883 810 958 de
828 883 903 959 loeo
919 884 964 958 ad
982 882 1099 958 locum
1120 883 1282 980 migrans
1299 885 1336 958 in
1362 885 1438 960 loco
1462 888 1515 959 ui·

295 994 412 1068 ventis
428 994 613 1068 ordinatus
629 1006 694 1083 est,
710 996 836 1070 tandiu
854 1007 960 1072 vacet
976 998 1170 1072 sacerdotio
1187 999 1248 1096 qui
1267 1001 1444 1098 propriam
1458 1002 1515 1076 de·-

294 1107 447 1182 seruerit
464 1107 649 1184 civitatem
662 1109 771 1185 donec
789 1135 973 1186 successor
990 1111 1068 1186 eius
1086 1113 1285 1211 requiescat
1301 1114 1339 1187 in
1357 1115 1517 1190 Domino.

797 1341 1006 1426 LXXXIIII.

318 1656 324 1664 .
389 1571 565 1643 Damasus
583 1572 754 1666 Prospero
771 1568 940 1642 Numidis
958 1569 1082 1666 primur
1099 1571 1192 1645 sedis
1206 1572 1386 1669 Episcopo.
1400 1573 1515 1647 Reite-

293 1682 365 1753 rari
383 1706 525 1757 necesse
542 1682 703 1779 estquod
721 1681 884 1776 legitime
897 1691 1019 1756 actum
1032 1693 1097 1757 aut
1109 1683 1278 1783 collatum
1293 1685 1440 1760 minime
1453 1711 1514 1784 ap·

294 1794 461 1886 probatur
477 1796 507 1869 si
530 1796 728 1893 perfectum
753 1821 830 1870 esse
855 1795 1005 1870 debebit.
1032 1799 1124 1869 Nam
1150 1799 1320 1894 quomodo
1345 1797 1513 1874 honorem

293 1909 402 2005 possit
418 1911 583 1999 retinere,
600 1935 705 2008 quern
723 1911 768 1984 ab
785 1910 847 1984 illo
863 1910 1002 2006 accepit
1019 1910 1081 2007 qui
1100 1920 1308 2007 potestatem
1331 1911 1416 1987 dare
1442 1937 1512 1986 non

292 2021 417 2096 habuit
433 2023 597 2118 legitime
614 2024 779 2099 invenire
796 2048 865 2098 non
884 2047 1037 2121 possum.
1055 2025 1148 2098 Cum
1173 2024 1234 2099 ille
1259 2024 1322 2122 qui
1347 2024 1514 2100 honorem

293 2136 528 2231 pontificalem
547 2162 616 2212 non
635 2138 770 2226 habuit,
787 2138 1005 2236 pontificalia
1024 2161 1093 2212 nou
1112 2149 1227 2236 potest
1243 2139 1323 2212 iura
1346 2139 1513 2214 tribuere.

292 2252 368 2324 Nec
384 2248 451 2325 hoc
468 2251 536 2325 sibi
553 2262 716 2348 poterant
733 2253 934 2341 vendicare,
950 2253 1055 2328 cuius
1072 2276 1222 2349 capaces
1243 2275 1306 2350 per
1330 2253 1397 2328 hoc
1422 2255 1513 2351 quod

292 2361 365 2436 illis
381 2363 566 2439 obstiterat
583 2389 652 2439 non
672 2367 828 2442 fuerunt.

814 2587 986 2671 LXXXV.

388 2815 540 2890 Siricius
559 2816 732 2913 Hymet-io
749 2816 1006 2890 Tarraconensi
1031 2815 1213 2914 Episcopo.
1240 2816 1442 2914 Baptizatos
1467 2818 1512 2891 ab

292 2925 411 3023 impiis
429 2929 605 3017 Arrianis,
622 2929 736 3003 denuo
753 2928 933 3026 baptizare
951 2952 1020 3002 non
1038 2928 1135 3016 licet,
1152 2954 1236 3003 curn
1249 2929 1314 3003 hoc
1327 2930 1403 3003 fieri
1419 2940 1454 3003 et
1467 2930 1512 3004 ab

292 3038 469 3135 Apostolis
494 3050 647 3129 vetetur,
671 3050 706 3114 et
731 3050 808 3137 post
836 3051 1016 3115 cassatum
1042 3041 1272 3115 Ariminense
1297 3040 1512 3129 Concilium,

294 3151 402 3224 missa
418 3152 463 3225 ad
480 3152 683 3249 provincias
700 3178 721 3224 s
736 3154 950 3228 ‘venerandae
967 3155 1145 3229 memoriae
1162 3154 1415 3252 praedecessore
1436 3179 1512 3230 meo

291 3263 428 3339 Liberio
444 3266 630 3359 generalia
647 3266 789 3341 decreta
807 3266 1023 3363 prohibeant.

816 3505 989 3587 LXXXVI.

384 3722 615 3798 Innocentius
632 3725 803 3799 Decentio
819 3723 991 3820 Episcopo
1005 3721 1208 3817 Eugubino.
1222 3721 1260 3796 Si
1274 3721 1441 3797 instituta
1455 3746 1511 3796 ec·

289 3829 490 3911 clesiastics
508 3848 549 3911 ut
564 3848 650 3912 sunt
667 3863 688 3910 a
705 3838 819 3912 beatis
844 3835 1022 3933 Apostolis
1047 3836 1179 3909 tradita
1201 3835 1345 3930 integra
1372 3835 1510 3911 vellent

288 3949 425 4021 servari
442 3950 576 4023 domini
593 3951 804 4038 sacerdotes,
821 3947 923 4021 nulla
939 3947 1140 4033 diversitas,
1164 3946 1267 4020 nulla
1293 3947 1449 4022 varietas
1471 3947 1509 4019 in

289 4061 376 4159 ipsis
392 4063 575 4139 ordinibus
592 4074 627 4139 et
643 4059 970 4139 consecrationibus
986 4059 1187 4135 haberetur.
1205 4059 1275 4134 Sed
1293 4059 1376 4133 dum
1401 4085 1510 4134 unus·

288 4176 437 4275 quisque
454 4200 525 4250 non
543 4176 635 4274 quod
651 4175 824 4251 traditum
838 4185 903 4263 est,
915 4173 976 4248 sed
988 4171 1081 4269 quod
1094 4170 1161 4246 sibi
1176 4171 1294 4246 visum
1308 4172 1429 4261 fuerit,
1442 4172 1509 4248 hoe

288 4288 469 4364 existimat
485 4315 562 4365 esse
579 4290 785 4376 tenendum,
801 4287 883 4362 inde
900 4287 1043 4361 diversa
1060 4285 1098 4359 in
1116 4284 1267 4361 diversis
1283 4286 1370 4361 locis
1383 4286 1508 4362 11111-

289 4400 407 4476 clesiis
424 4413 488 4477 aut
504 4406 618 4478 teneri
635 4414 699 4476 aut
715 4400 886 4476 celebrari
904 4399 1082 4474 videntur.
1101 4404 1154 4473 Ac
1173 4400 1213 4473 Iit
1228 4399 1437 4473 scandalum
1451 4423 1510 4498 po·

289 4515 383 4611 pulis
401 4517 461 4613 qui
479 4516 563 4588 dum
582 4515 750 4589 nesciunt
768 4512 977 4588 traditiones
990 4514 1158 4610 antiquas
1169 4512 1329 4587 humana
1342 4537 1510 4612 praesum·
1535 4591 1537 4597 ,
