3608 5498
804 391 1000 452 -102-

286 512 393 588 nendi
412 511 523 587 resin
541 511 736 585 utilitatem
753 509 913 585 ecclesiae
930 518 1064 585 sanctae
1082 513 1259 599 Romanae,
1280 509 1380 586 iuxta
1396 511 1512 610 quali·

287 636 397 702 tatem
414 625 582 724 temporis
598 623 702 722 quasi
722 623 792 697 iam
811 622 1075 698 inthronizatus
1092 624 1148 698 sit.

779 850 1021 936 (illlllllllll.

385 1080 552 1157 Gelasius
569 1079 732 1179 Helpidio
749 1080 921 1179 Episcopo
937 1078 1163 1167 Volaterano‚
1181 1078 1274 1154 inter
1291 1090 1419 1157 cetera.
1432 1084 1511 1169 Quo

288 1221 391 1285 ausu,
404 1220 473 1294 qua
483 1194 683 1270 temeritate
698 1193 864 1269 rescribis
872 1193 917 1267 ad
926 1196 1134 1268 Ravennam
1145 1202 1180 1267 te
1190 1217 1314 1291 parare
1324 1195 1513 1294 proficisci,

287 1335 371 1386 curn
388 1332 541 1385 canones
553 1307 738 1383 evidenter
751 1307 970 1406 praecipiant,
983 1307 1124 1382 nullum
1137 1307 1281 1383 omnino
1294 1308 1511 1407 Episcopum

288 1423 359 1498 nisi
376 1422 477 1497 nobis
493 1432 576 1497 ante
594 1422 682 1498 visis
699 1432 807 1520 atque
820 1421 993 1498 consultis
1005 1421 1051 1496 ad
1064 1422 1273 1497 comitatum
1286 1422 1412 1498 debere
1429 1446 1512 1499 con-

288 1537 459 1612 tendere?
476 1540 523 1610 Et
538 1544 616 1635 post
633 1561 757 1635 pauca.
774 1536 1078 1623 Quemadmodum
1103 1547 1144 1610 tu
1161 1546 1267 1634 putas
1291 1536 1400 1613 licere
1417 1537 1510 1635 quod

290 1649 475 1740 nonlicet,
491 1649 562 1724 nisi
579 1649 664 1747 qnia
681 1649 748 1724 hoc
764 1650 904 1725 officere
921 1674 1043 1725 carere
1062 1649 1221 1737 festinas,
1239 1674 1307 1747 qno
1324 1660 1359 1725 te
1377 1649 1435 1724 his
1452 1675 1512 1726 ex·

293 1763 453 1838 cessibus
470 1763 626 1839 ostendis
644 1763 844 1860 indignum.

856 1990 952 2074 CXL.

386 2221 552 2296 Gelasius
570 2221 738 2296 llaiorico
755 2233 791 2296 et
808 2221 958 2296 Iohanni
976 2220 1170 2318 Episcopis.
1188 2224 1243 2295 lta
1260 2244 1324 2294 nos
1341 2221 1513 2309 Quillaci·

289 2359 417 2410 norum
435 2335 538 2410 cedes
554 2334 738 2430 geminata
757 2334 972 2410 Pontificum
986 2332 1153 2408 horrendi
1166 2333 1312 2409 sceleris
1324 2334 1512 2411 atrocitate

289 2448 472 2537 confudit,
498 2459 540 2521 ut
563 2448 626 2521 diu
651 2447 859 2522 constitutio
884 2459 1004 2524 nostre
1028 2447 1295 2522 deliberationis
1316 2449 1512 2539 excitaret,

289 2562 373 2635 dum
393 2572 431 2636 et
446 2560 610 2657 ingerere
628 2585 841 2658 quemqnam
864 2562 1137 2659 parricidalibus
1162 2561 1333 2660 exemplis
1357 2563 1513 2638 destare·

291 2700 373 2749 mur
389 2675 599 2750 antistitem.
616 2678 837 2773 Quapropter
855 2676 925 2750 iam
943 2677 1045 2752 velut
1070 2704 1176 2752 usum
1201 2677 1513 2753 cousuetudinem·

291 2813 359 2887 que
377 2788 592 2884 sacrilegam
610 2789 841 2877 declinantes,
856 2802 1005 2867 eatenus
1019 2790 1185 2887 religioni
1203 2791 1374 2866 duximus
1387 2815 1516 2868 consu·

290 2902 447 2993 lendum,
465 2912 506 2978 ut
518 2903 713 3000 parrochiae
726 2903 805 2979 vioe
818 2905 863 2977 ab
876 2906 1099 2980 extrinsecus
1112 2904 1254 3002 possitis
1269 2904 1512 2980 sacerdotibus

290 3019 548 3114 gubernentur,
565 3019 649 3117 quia
663 3019 792 3093 ibidem
806 3030 1072 3094 commanentes
1084 3020 1177 3094 ferro
1190 3019 1392 3095 didicerunt
1408 3044 1513 3095 neca-

291 3159 328 3209 re
346 3141 511 3232 pastores,
528 3133 760 3232 Inauditoque
779 3133 935 3208 facinore
950 3133 996 3207 ad
1022 3133 1113 3231 quod
1139 3133 1246 3208 etiam
1271 3132 1310 3206 in
1335 3131 1410 3207 illis
1436 3155 1513 3230 pro·

290 3248 421 3324 vinciis
446 3272 623 3346 nusquam
650 3271 794 3345 prorsus
818 3246 1007 3336 acciderat,
1033 3272 1111 3344 quae
1132 3247 1305 3323 bellorum
1329 3245 1513 3322 continuis

290 3360 513 3460 diversisque
529 3362 795 3437 incursionibus
811 3361 1037 3457 affliguntur,
1053 3360 1130 3437 hmo
1152 3371 1291 3459 reperta
1308 3361 1355 3435 sit
1371 3360 1514 3452 civitas,

291 3500 370 3575 quae
388 3476 558 3573 praesules
576 3476 809 3550 ministrande
826 3476 893 3550 sibi
911 3474 990 3548 fidei
1010 3473 1225 3550 Christianae
1249 3475 1327 3550 sine
1348 3499 1513 3572 persecu·

291 3599 366 3664 tore
383 3598 590 3687 prosternat.
608 3590 815 3665 Curandum
834 3599 889 3665 est
904 3588 1019 3685 igitur
1032 3597 1074 3663 ut
1086 3587 1164 3663 illic
1177 3589 1318 3663 funesta
1335 3588 1512 3687 pernicies

291 3703 487 3779 cessatione
503 3704 722 3801 propriorum
740 3715 887 3780 sanetur
902 3703 1119 3792 antistitum,
1131 3712 1237 3803 atque
1252 3705 1302 3778 ita
1315 3703 1474 3778 saltemf
1497 3745 1512 3760 ·

293 3817 383 3892 roris
397 3817 487 3890 tanti
502 3818 650 3892 materia
665 3819 908 3908 subtrahatur,
919 3844 1027 3918 eoque
1038 3819 1512 3896 modovelillacivitasdum

293 3932 331 4005 in
347 3955 434 4029 quos
447 3933 607 4008 deseviat
620 3958 689 4007 uon
702 3933 854 4022 habebit,
867 3935 912 4009 ab
924 3933 1128 4008 huiusmodi
1142 3934 1344 4010 temeritate
1353 3933 1513 4021 desistat,

292 4045 351 4119 vel
369 4045 451 4117 aliis
468 4045 632 4120 imitandi
650 4047 727 4120 dira
745 4047 913 4144 contagia
930 4071 1001 4122 non
1018 4047 1179 4144 praebeat.
1197 4051 1314 4142 Egeat
1330 4070 1417 4142 ergo
1440 4046 1513 4144 epi·

293 4159 494 4257 scopalibus
511 4161 678 4235 subsidiis
695 4162 838 4236 sibimet
854 4161 997 4236 aliunde
1014 4161 1188 4258 depensis,
1205 4186 1283 4259 quie
1306 4186 1447 4236 sacrum
1472 4160 1513 4234 iu

293 4295 357 4346 suo
370 4274 507 4368 gremio
519 4274 726 4350 collocatam
740 4276 819 4349 fuso
832 4275 1025 4351 crudeliter
1038 4274 1196 4349 maculat
1205 4276 1383 4371 sanguine
1395 4273 1516 4371 digni·

295 4396 416 4463 tatem.
433 4388 524 4475 Quia
542 4388 580 4460 in
599 4397 748 4488 utroque
764 4388 831 4464 hoc
849 4399 903 4463 est
921 4389 1055 4464 ultione
1073 4388 1270 4487 plectenda,
1283 4388 1359 4462 sive
1376 4388 1516 4463 scilicet

296 4499 471 4576 instinctu
484 4501 686 4590 domestico,
696 4528 760 4578 seu
774 4501 878 4576 furiis
891 4503 1039 4578 incitata
1054 4500 1229 4578 nesashoc
1241 4501 1442 4578 committat
1453 4525 1515 4577 ex·
