3608 5498
818 385 992 448 -ll-

293 504 393 589 Quod
409 502 511 578 nulla
530 506 709 603 scriptura
726 505 774 579 sit
789 505 971 581 autentica
996 506 1066 580 nisi
1084 505 1185 581 illius
1202 507 1335 584 iudicio
1353 509 1400 585 sit
1418 513 1513 589 roba

364 626 451 692 rata.
469 618 554 716 Cap.
575 620 619 692 V.
632 622 831 694 LXXVIII.
848 619 943 695 XCI.
961 621 1053 696 CVI.
1067 621 1251 698 CCXXII.

293 731 393 817 Quod
403 733 561 806 Romana
571 720 927 830 Eccleffla‘iiunquam
942 759 963 806 a
976 759 1063 809 vera
1072 735 1139 811 fide
1152 738 1415 813 erraveraverit
1424 740 1512 837 (sic).

364 848 449 944 Cap.
466 849 595 921 LXVI.
611 848 776 921 LXXIII.

294 961 345 1036 De
362 960 523 1037 doctrina
537 960 705 1036 eiusdem.
720 962 888 1062 Capitula
902 963 1154 1042 CCXXXVII.

291 1074 392 1161 Quod
410 1077 586 1150 Damasus
603 1086 639 1151 et
657 1076 809 1153 Siricius
827 1080 985 1157 scribant
1002 1077 1044 1151 de
1063 1074 1202 1150 Libario
1221 1100 1327 1174 quem
1350 1075 1511 1152 Hieroni-

317 1278 320 1283 .
364 1184 443 1264 mus
460 1189 585 1265 scribit
602 1190 639 1263 in
657 1191 837 1282 chronica,
855 1203 933 1293 post
954 1189 1252 1287 subscriptionem
1273 1189 1403 1265 iterum
1427 1215 1511 1266 exu-

362 1302 475 1378 latum
493 1303 615 1379 fuisse.
633 1305 717 1402 Cap.
731 1309 894 1382 LXXXI.
912 1309 1096 1382 LXXXV.

290 1422 378 1493 Item
396 1417 596 1494 deLiberio.
610 1421 693 1518 Cap.
711 1422 926 1497 CCXXXII.
944 1430 981 1496 et
998 1420 1034 1493 in
1049 1421 1135 1493 ΙΙΙΙο
1155 1418 1213 1492 lib.
1227 1419 1312 1515 Cap.
1326 1419 1510 1494 CXXXV.

362 1530 456 1607 etde
475 1531 614 1628 Vigilio
631 1534 715 1631 Cap.
734 1535 986 1609 CCXXXIIII.

290 1644 390 1730 Quod
404 1648 562 1719 Romana
576 1647 736 1722 Ecclesia
753 1676 775 1722 a
792 1649 965 1724 fidelitate
978 1647 1184 1746 iniquorum
1198 1646 1375 1723 subiectos
1388 1669 1510 1722 eorum

360 1759 469 1857 possit
484 1758 677 1835 absolvero.
694 1762 769 1835 Lib.
787 1764 873 1837 IIII⁰
892 1764 984 1838 CVI.
1004 1763 1114 1836 CVII.
1133 1762 1371 1835 CXXXVIII.

291 1876 340 1947 Ut
352 1873 515 1971 Episcopi
529 1875 573 1948 ad
586 1874 793 1949 comitatum
808 1900 879 1951 uon
894 1887 978 1952 eant
990 1874 1060 1948 uisi
1074 1874 1221 1950 licentia
1232 1874 1384 1948 Romani
1394 1874 1513 1948 Ponti·

361 1987 438 2063 ficis
455 1989 514 2064 vel
528 1988 585 2063 sui
599 1989 777 2065 Primatis.
791 1993 876 2089 Cap.
890 1992 1024 2064 XXIII.
1038 1991 1146 2063 XLII.
1160 1989 1416 2064 CXXXVIIII.
1426 1988 1511 2063 CLI.

290 2102 338 2176 Ut
354 2101 499 2175 finitimi
518 2101 682 2199 Episcopi
699 2102 905 2178 annualiter
923 2107 1069 2178 Romam
1088 2103 1246 2177 veniant.
1264 2103 1347 2199 Cap.
1366 2103 1478 2178 CXX.

289 2214 428 2301 Quibus
457 2214 496 2288 iu
531 2214 617 2290 locis
651 2219 808 2291 Romana
838 2218 1056 2292 cousuetudo
1086 2217 1223 2292 servari
1258 2216 1393 2291 debeat.
1423 2216 1509 2313 Cap.

360 2330 560 2402 LXXXVI.
575 2329 650 2402 CV.

290 2444 341 2519 De
382 2443 666 2519 inobedientibus
705 2446 917 2542 Apostolicae
959 2446 1050 2520 Seli.
1090 2447 1175 2542 Cap.
1216 2448 1289 2518 LV.
1327 2445 1509 2519 CXVIIII.

363 2558 1510 2636 CXXIIII.CLXXIIII.CLXXXVIIIICCXXXVI.CCXLVI.

289 2674 340 2747 De
359 2672 559 2747 reverentia
576 2698 655 2770 quac
673 2673 727 2747 illi
744 2674 902 2749 debetur·
920 2674 1005 2771 Cap.
1022 2676 1150 2747 LXXI.
1167 2674 1368 2746 LXXVIII.

289 2787 342 2860 De
358 2785 414 2860 his
431 2810 510 2884 quae
527 2786 606 2861 eius
622 2797 746 2863 contra
764 2788 904 2863 decreta
922 2788 1024 2860 fiunt.
1042 2787 1127 2884 Cap.
1146 2787 1276 2861 CXXI.
1294 2785 1447 2861 CCXLI.

213 2932 216 2937 ·
291 2901 344 2974 De
360 2899 644 2975 inobedientibus
663 2901 927 2977 universalibus
945 2899 1087 2975 sinodis.
1105 2900 1190 2998 Cap.
1207 2900 1379 2972 XXXVI.

291 3014 342 3088 De
359 3012 684 3108 transgressoribus
702 3016 900 3090 Canonum.
919 3017 1004 3113 Cap.
1030 3017 1146 3089 XIIII.
1172 3017 1343 3089 XXXVI.
1364 3016 1510 3088 LXXX.

361 3125 451 3200 etin
470 3129 556 3201 IIIIo
575 3127 634 3202 lib.
652 3128 736 3227 Cap.
754 3132 791 3202 L.

288 3243 339 3315 De
356 3241 568 3315 auctoritate
586 3242 773 3316 Canouum
793 3243 1039 3340 Apostolorum
1055 3243 1294 3342 quorumlibet
1308 3244 1510 3330 Canobum,

359 3378 476 3452 quare
494 3354 532 3428 in
550 3355 694 3453 prologo
711 3365 747 3431 et
764 3358 848 3455 Cap.
866 3361 1011 3433 LVIIII.
1029 3359 1213 3433 CXXIIII.

288 3472 338 3544 Ut
354 3468 486 3566 absque
503 3472 660 3543 Romano
674 3469 847 3546 Pontifice
865 3471 942 3569 (sic)
956 3471 1138 3546 licentiam
1153 3470 1312 3546 basilicae
1324 3494 1425 3544 uovae
1438 3493 1508 3544 non

359 3594 622 3659 consecrentur.
641 3585 726 3682 Cap.
744 3585 855 3659 CIIII.

288 3700 338 3771 Ut
354 3697 440 3772 item
457 3697 589 3796 absque
605 3697 684 3772 eius
700 3697 846 3773 lieentia
871 3722 973 3772 novae
998 3698 1192 3796 parrochia
1218 3722 1288 3772 nou
1314 3698 1507 3772 instituan-

360 3821 430 3886 tur.
448 3811 533 3910 Cap.
552 3812 753 3887 CXXVIII.

288 3925 389 4010 Quod
406 3923 459 3998 illi
478 3924 585 4000 liccat
600 3924 690 3999 duas
707 3926 933 4025 Episcopales
946 3927 1046 4001 sedes
1064 3937 1100 4001 et
1116 3926 1186 4000 dua
1202 3927 1415 4000 monasteria
1429 3927 1507 3998 uni·

293 4096 297 4105 .
362 4062 409 4113 re.
426 4038 511 4136 Cap.
528 4040 632 4115 CLII.
646 4040 767 4115 CLIII.
786 4042 926 4116 CLIllI.

290 4150 389 4236 Quod
407 4150 474 4225 sibi
491 4151 641 4226 alterius
663 4151 823 4228 ecclesiae
848 4155 1121 4250 parrochianum
1147 4155 1296 4229 ordinat.
1315 4155 1399 4251 Cap.
1425 4156 1507 4228 XII.

362 4266 502 4342 CLVII.
520 4266 678 4342 CXLVI.

289 4378 393 4569 Quog
401 4378 577 4454 violenter
590 4391 786 4478 promotum
802 4382 837 4455 in
858 4384 1049 4480 pristinum
1066 4385 1231 4459 restituat
1244 4384 1408 4482 gradum.
1423 4387 1507 4483 Cap.

394 4496 467 4568 LX.
