3608 5498
808 392 1005 455 -188-

292 516 330 588 in
340 512 618 589 sacerdotalibus
631 514 705 588 sint
718 514 1004 612 reprehendenda
1017 515 1186 616 personis,
1200 514 1281 614 plus
1295 527 1415 591 tamen
1428 496 1517 611 erga

292 628 522 725 corrigendos
536 638 624 725 agat
635 627 887 716 benivolentia,
901 652 1007 726 quam
1026 627 1211 718 severitas,
1228 627 1309 727 plus
1325 629 1517 704 cohortatio

295 766 405 840 quarn
423 742 621 831 commotio,
637 741 719 840 plus
736 741 868 817 caritas
886 766 993 840 qnam
1020 750 1184 843 potestas.
1210 743 1277 817 Sed
1303 743 1347 818 ab
1372 743 1430 817 his
1454 743 1517 842 qui

292 881 371 956 quae
380 882 445 930 sua
458 865 545 930 sunt
558 867 714 954 querunt
727 879 797 930 non
810 880 889 954 quaa
901 855 1009 931 Ihesu
1019 856 1166 945 Christi,
1176 857 1281 933 facile
1291 857 1335 931 ab
1350 857 1420 932 hac
1435 856 1517 954 lege

291 970 496 1055 disceditur,
510 969 596 1043 dum
605 969 768 1044 damnari
779 971 896 1068 magis
905 995 1013 1069 quam
1027 971 1212 1047 consulere
1226 970 1376 1046 subditis
1389 971 1517 1069 piacet.

795 1163 1009 1249 XXXVIIII.

362 1369 411 1419 Ex
430 1367 570 1432 epistola
588 1366 734 1420 eiusdem
753 1365 797 1419 ad
815 1370 941 1420 Donum
959 1370 1222 1422 Beneventanum
1239 1370 1449 1434 Episcopum.

392 1538 569 1614 Iudicium
583 1538 675 1637 quod
688 1539 730 1614 de
743 1549 778 1614 te
792 1538 1021 1639 sperabamus
1030 1538 1190 1614 dolemus
1201 1563 1278 1613 esse
1292 1537 1516 1626 frustratum,

294 1652 462 1751 quoniam
479 1662 515 1728 te
532 1677 573 1728 ea
592 1652 828 1727 commississe
847 1651 1093 1753 perspicimus,
1106 1675 1184 1749 quae
1197 1673 1337 1726 ornnem
1350 1650 1516 1725 ecclesia·

295 1765 394 1840 sticae
411 1765 607 1842 sanctionis
625 1764 788 1861 regulam
807 1764 977 1863 culpabili
995 1763 1154 1838 novitate
1171 1763 1325 1838 faedaret.
1342 1767 1389 1838 Et
1410 1763 1516 1861 paulo

165 1959 166 1962 ,
294 1889 382 1979 post.
400 1879 534 1954 Libello
550 1880 680 1954 etenim
701 1879 805 1955 Pauli
824 1877 1023 1977 presbyteri
1040 1877 1095 1951 tui
1113 1877 1230 1975 quiin
1248 1877 1399 1951 subditis
1412 1876 1517 1953 habe·

291 2002 364 2081 tur,
377 1993 612 2090 cognorimus
633 2004 753 2091 aperte
767 2017 858 2069 novo
879 1991 1017 2066 ambitu
1039 1991 1187 2090 fedeque
1205 1991 1357 2066 colludio
1370 1992 1516 2092 presby·

290 2106 373 2182 terii
397 2107 552 2182 ordinem
573 2108 684 2183 fuisse
701 2109 897 2196 turbatum,
914 2106 964 2179 ita
983 2116 1024 2179 ut
1045 2105 1154 2179 unius
1179 2105 1308 2180 festina
1333 2116 1369 2179 ct
1392 2105 1516 2180 imma·

290 2230 373 2306 tura
391 2221 571 2320 provectio
588 2222 748 2320 quaedam
767 2221 910 2296 illorum
927 2219 1077 2295 deiectio
1093 2221 1189 2297 facta
1206 2220 1254 2294 sit
1269 2243 1357 2318 quos
1377 2230 1454 2295 etas
1478 2231 1516 2295 et

291 2335 419 2432 religio
435 2336 714 2425 commendabat,
731 2361 814 2411 cum
832 2335 1007 2434 incipiens
1024 2334 1182 2409 emeritis
1199 2342 1234 2408 et
1251 2332 1415 2408 novellus
1428 2358 1511 2429 praa⁴

290 2448 387 2523 latus
399 2448 635 2546 estantiquis.
648 2452 695 2522 Et
712 2450 816 2523 infra.
834 2449 873 2521 Si
887 2470 970 2521 vero
987 2446 1093 2546 primi
1110 2446 1171 2522 sed
1183 2445 1296 2544 aliqui
1311 2445 1512 2545 presbyteri

290 2561 386 2636 circa
400 2561 652 2660 Epycandium
666 2560 807 2636 sibimet
824 2561 1097 2663 praeponendum
1114 2569 1215 2635 tanta
1228 2563 1421 2636 assentatio
1434 2561 1514 2650 fuit,

290 2686 331 2750 ut
348 2675 453 2749 illum
474 2701 558 2752 cum
577 2677 633 2750 sui
651 2676 824 2752 dedecore
841 2686 1026 2773 poscerent
1038 2673 1216 2762 honorari,
1233 2699 1277 2748 ne
1291 2672 1357 2749 boc
1372 2674 1515 2772 quidem

289 2789 344 2862 illi
358 2789 497 2887 proprio
510 2815 547 2864 se
560 2788 692 2864 iudicio
708 2788 942 2864 deicientibus
955 2787 1083 2863 tribuit
1095 2787 1217 2862 debuit
1229 2789 1321 2885 quod
1338 2788 1514 2879 volebant,

290 2925 379 2999 quos
389 2912 462 2976 tarn
474 2900 626 2977 miserioe
635 2900 812 2976 voluntati
826 2901 961 2998 dignus
973 2904 1091 2977 fuerat
1104 2902 1246 2977 obviare
1259 2926 1367 3000 quarn
1381 2904 1514 2978 cedere.

289 3016 464 3091 Deformis
477 3025 598 3090 autem
615 3026 651 3090 et
665 3015 810 3110 ignavis
824 3016 1007 3103 subiectio,
1024 3015 1105 3089 aliis
1122 3015 1211 3090 bene
1228 3014 1294 3089 sibi
1313 3016 1465 3091 consciis
1477 3024 1515 3091 et

289 3153 358 3204 non
377 3130 517 3204 irritam
535 3128 643 3204 faciet
656 3127 720 3203 tibi
735 3129 891 3225 gratiam
905 3131 969 3207 Dei
983 3131 1216 3230 praeindiearc
1233 3155 1303 3207 non
1317 3131 1455 3229 poterit,
1473 3141 1514 3205 ut

289 3244 466 3343 primatus
486 3267 568 3318 suos
589 3267 814 3342 quocumque
834 3245 1046 3320 commercio
1066 3245 1105 3318 in
1124 3244 1338 3319 alterutrum
1363 3246 1514 3321 transfe-

289 3370 381 3433 rant.
395 3357 551 3432 Predicti
569 3357 685 3452 igitur
697 3359 760 3456 qui
778 3358 945 3455 indignos
962 3384 999 3434 se
1015 3358 1157 3435 honoris
1174 3359 1230 3433 sui
1243 3358 1365 3434 ordine
1378 3359 1512 3456 proferri

290 3471 469 3547 suntlicet
478 3471 613 3570 privari
623 3472 731 3547 etiarn
746 3472 940 3548 sacerdotio
950 3482 1184 3560 mererentur,
1197 3482 1319 3548 tamen
1330 3471 1512 3546 ultimiin-

289 3595 344 3661 ter
357 3610 479 3661 omnes
493 3596 534 3660 ut
547 3585 718 3661 aecclesiae
730 3586 956 3686 presbyteros
967 3585 1177 3675 habeantur,
1190 3585 1334 3661 iudiciis
1347 3586 1422 3660 suis
1435 3612 1513 3662 sen-

287 3699 439 3774 tentiam
448 3699 575 3774 serant.
585 3699 773 3775 Inferiores
783 3699 890 3774 etiarn
902 3699 1195 3798 illoeruntquem
1205 3700 1271 3774 sibi
1281 3699 1420 3799 propria
1434 3726 1512 3777 sen-

287 3813 400 3888 tentia
417 3813 664 3911 praetnlerunt,
681 3813 819 3888 caeteris
837 3813 1001 3888 omnibus
1018 3813 1056 3885 in
1073 3837 1113 3888 eo
1130 3813 1251 3888 ordine
1274 3815 1513 3911 permanenti·

287 3929 356 4004 bus
372 3953 477 4026 quem
496 3929 664 4026 cuiquam
679 3926 910 4002 ordinationis
923 3953 998 4001 suae
1011 3936 1152 4028 tempus
1165 3925 1324 4017 ascribit,
1337 3952 1403 4004 neo
1417 3929 1512 4027 quis-

287 4067 394 4141 quam
408 4041 583 4140 primatus
596 4041 652 4115 sui
666 4040 824 4141 patiatur
837 4039 1018 4130 iniuriam,
1031 4040 1092 4115 sed
1105 4039 1142 4112 in
1155 4062 1277 4115 eorum
1287 4049 1421 4114 statum
1435 4050 1510 4115 tan·

285 4155 466 4230 tummodo
483 4155 550 4231 hoo
567 4167 731 4232 recurrat
747 4155 983 4256 opprobrium,
1000 4154 1061 4253 qui
1079 4154 1219 4229 novello
1239 4153 1399 4230 ordinato
1423 4155 1481 4229 inl
1498 4198 1512 4211 ·

287 4270 397 4344 riores
414 4269 490 4344 ficri
508 4268 717 4365 delegerint.
735 4271 839 4343 iuxta
856 4268 957 4343 illud.
973 4272 1015 4342 In
1033 4291 1102 4365 quo
1119 4268 1213 4343 enim
1233 4267 1364 4343 iudicio
1377 4268 1511 4344 iudica-

287 4383 413 4458 veritis
430 4382 685 4458 iudieabimini.
704 4382 840 4456 Paulus
857 4405 940 4456 vero
957 4381 1145 4480 presbyter
1161 4381 1319 4456 ordinem
1337 4407 1443 4455 suum
1468 4382 1510 4457 de

287 4521 356 4596 quo
370 4495 538 4572 laudabili
554 4496 722 4572 firmitate
735 4521 805 4571 non
818 4496 937 4585 cessit,
950 4495 1115 4571 obtineat.
1125 4499 1201 4572 Nec
1214 4493 1364 4570 alterius
1376 4495 1511 4593 aliquid
