3608 5498
823 428 865 440 -
890 395 933 456 aa
958 347 1021 444 -’

842 625 978 707 xot‘ll.

395 863 504 938 Nulla
523 863 612 936 ratio
628 862 716 935 sinit
735 871 774 935 nt
792 862 886 936 inter
906 861 1093 959 Episcopus
1110 861 1322 949 habeantur,
1339 863 1401 960 qui
1415 886 1519 936 neca

298 979 440 1055 clericis
456 987 543 1052 sunt
559 977 675 1065 electi,
692 1001 758 1051 nec
776 1001 797 1049 a
815 976 978 1074 plebibus
995 977 1152 1074 expetiti,
1169 1001 1236 1051 nec
1253 1002 1273 1048 a
1292 976 1520 1073 provinciali-

299 1096 366 1169 bus
382 1119 464 1169 cum
484 1091 744 1191 metropolitani
763 1091 894 1166 iudicio
911 1091 1119 1167 consecrati.

828 1321 986 1406 Xlll'lll.

392 1550 651 1627 Sollicitudiuis
669 1550 811 1646 quidem
830 1561 891 1624 tue
915 1549 982 1622 istc
1003 1549 1088 1622 ordo
1104 1573 1180 1624 esse
1194 1549 1363 1625 debuerat
1381 1561 1421 1625 ut
1434 1576 1517 1626 cum

298 1664 566 1763 metropolitano
582 1674 644 1737 tuo
661 1662 830 1760 primitus
846 1662 888 1737 de
906 1684 945 1736 eo
970 1661 1062 1758 quod
1087 1662 1306 1758 querendum
1329 1663 1519 1739 videbatur

297 1804 373 1855 csse
390 1779 580 1856 conferres,
598 1783 672 1851 Aut
689 1777 719 1850 si
737 1776 824 1875 quid
841 1776 1030 1872 ignorabat
1054 1775 1198 1852 dilectio
1223 1788 1285 1851 tua
1311 1779 1419 1853 ctiam
1442 1779 1517 1876 ipse

297 1896 480 1983 nescisset,
496 1892 629 1968 instrui
646 1915 710 1966 nos
728 1891 862 1988 pariter
880 1891 1080 1989 posceretis.
1092 1892 1185 1979 Quia
1198 1892 1236 1965 in
1249 1893 1369 1968 causis
1382 1918 1461 1992 quae
1473 1893 1517 1968 ad

296 2008 499 2104 generalem
513 2004 774 2082 observantiam
790 2005 944 2101 pertinet
956 2005 1047 2079 nihil
1061 2006 1138 2081 sine
1152 2007 1364 2104 primatibus
1380 2018 1517 2106 oportet

298 2146 442 2220 rnqurrr.
1300 2142 1306 2151 ·

819 2350 993 2436 xovflss.

389 2587 468 2657 Non
485 2580 677 2678 ampliusa
701 2588 835 2652 statuto
859 2577 1001 2652 concilii
1029 2587 1185 2676 temporo
1211 2603 1316 2676 qnam
1344 2581 1418 2655 dies
1444 2585 1513 2655 ΧΥ

295 2706 476 2772 morentur
493 2693 668 2792 Episcopi.

884 2927 920 3006 ll.

378 3145 424 3229 'Si
443 3153 523 3252 quis
540 3150 736 3250 Episcopus
753 3150 913 3225 civitatis
930 3178 993 3228 sue
1013 3154 1255 3228 mediocritate
1273 3154 1438 3252 despecta
1454 3156 1514 3228 ad·

293 3266 591 3341 ministrationem
610 3263 678 3338 loci
695 3262 901 3338 celebrioris
918 3266 1083 3342 ambierit
1099 3269 1191 3342 etad
1210 3267 1377 3342 maiorem
1391 3292 1429 3342 se
1443 3269 1512 3365 ple·

292 3383 371 3457 bem
388 3404 614 3480 quacumque
633 3378 769 3454 ratione
786 3379 1023 3468 transtulerit,
1040 3407 1061 3452 a
1083 3380 1252 3456 cathedra
1277 3379 1419 3478 quidem
1442 3379 1513 3479 pel-

291 3496 388 3571 latur
403 3496 533 3584 aliena,
550 3495 611 3569 sed
628 3503 664 3569 et
681 3492 817 3568 carebit
833 3503 868 3568 et
886 3494 1036 3592 propria.
1054 3498 1104 3570 Ut
1129 3519 1195 3570 nec
1220 3492 1294 3567 illis
1314 3493 1510 3591 presideat,

292 3633 379 3708 quos
396 3634 459 3708 per
476 3607 666 3682 avaritiam
684 3606 902 3704 concupivit.
920 3632 986 3684 nec
1011 3608 1084 3682 illis
1109 3631 1196 3707 quos
1221 3633 1283 3705 per
1307 3606 1510 3705 superbiam

291 3724 435 3823 sprevit.
1294 3727 1299 3735 '

875 3951 929 4035 cl.

385 4183 454 4254 Leo
472 4178 676 4276 Episcopus.
693 4179 840 4254 Rustico
857 4180 1081 4255 Narbonensi
1100 4168 1282 4278 Episcopo,
1300 4180 1394 4255 inter
1418 4191 1510 4257 cete·

290 4320 341 4368 ra.
358 4293 462 4369 Siout
478 4284 639 4393 quoeda‘m
658 4304 743 4368 sunt
760 4319 839 4392 quae
855 4294 957 4369 nulla
971 4308 1118 4393 possunt
1130 4297 1267 4372 ratione
1279 4297 1446 4387 convelli,
1459 4299 1509 4371 ita

288 4411 403 4483 multa
420 4420 506 4482 sunt
522 4432 601 4506 quae
619 4431 680 4506 per
697 4409 1013 4484 considerationem
1030 4419 1165 4485 etatum
1184 4420 1248 4485 aut
1270 4435 1332 4510 pro
1356 4413 1508 4487 uecessi-

287 4529 362 4594 tate
380 4544 497 4596 rerum
516 4530 674 4620 oporteat
689 4523 893 4621 temperari,
906 4522 967 4597 illa
981 4547 1119 4622 semper
1131 4525 1335 4601 condicione
1352 4536 1508 4614 serrata,
