3608 5498
691 428 886 491 -519-

184 546 295 637 vobis,
312 548 429 622 studio
446 557 567 623 vestro
585 548 758 623 uniantur
776 547 945 621 eecclesiae
962 546 1027 620 Dei
1047 555 1082 621 et
1100 544 1209 620 vobis.
1227 545 1318 621 Cum
1343 544 1412 641 igi·

185 669 245 734 tur
271 662 447 750 venerint,
465 662 643 762 recipietis
668 684 726 736 eos
752 660 846 736 sicut
872 661 968 736 filius
993 674 1091 758 pater
1108 671 1143 734 et
1160 658 1408 734 ammonebitis

58 856 68 873 Ι
186 797 244 848 eos
269 786 310 849 ut
336 786 475 873 propter
501 800 622 872 pacem
647 774 816 850 aecclesiae
836 774 898 849 nei
925 801 997 848 una
1023 773 1206 848 nobiscum
1230 771 1408 846 unianimi

129 978 137 989 ,
186 886 356 964 aecclesiae
373 898 409 964 et
427 889 607 988 recipiatis
626 889 788 963 Photium
811 888 1061 985 patriarcham.
1079 888 1305 984 Quicumque
1323 908 1408 960 vero

187 1005 299 1076 exeis
316 1002 415 1101 prius
433 1003 585 1077 ordinati
607 1015 702 1091 sunt,
721 1003 895 1100 recipiant
921 1002 1021 1076 sedes
1046 1025 1138 1075 suas.
1156 1000 1225 1088 oui
1252 1023 1337 1073 vero
1353 1023 1410 1096 po

186 1115 328 1203 sterius,
344 1114 389 1188 ab
413 1114 499 1212 ipsis
516 1115 688 1214 episcopis
706 1116 843 1190 victum
861 1127 897 1190 et
915 1116 1170 1191 vestimentum
1189 1113 1411 1188 sufficienter

187 1227 376 1324 accipiant.
390 1231 489 1301 Item.
503 1227 586 1300 Illos
604 1229 664 1324 qui
683 1228 855 1303 discordie
873 1229 1018 1303 student
1035 1238 1071 1303 et
1088 1229 1132 1302 ad
1152 1228 1327 1301 unitatem
1345 1251 1411 1301 aec·

136 1324 141 1334 ⁶
190 1338 308 1414 clesiae
324 1351 360 1415 et
385 1341 537 1415 fratrum
565 1343 691 1416 nolunt
717 1343 848 1417 reverti
864 1354 951 1444 ¹post
975 1342 1168 1418 secundam
1194 1340 1413 1416 communio-

188 1479 269 1527 nem
289 1464 443 1528 vestram
471 1467 507 1530 et
531 1457 708 1553 synodis
734 1457 944 1531 comunione
968 1469 1004 1531 ct
1021 1455 1264 1531 ecclesiastico
1288 1455 1412 1529 ordine

188 1568 401 1663 suspendite.
419 1571 517 1643 Item.
536 1571 627 1643 Cum
654 1569 756 1644 fratri
784 1580 902 1644 nostro
920 1568 1137 1644 Patriarchae
1156 1568 1279 1642 Photio
1296 1568 1333 1640 in
1351 1593 1412 1665 sy-

188 1680 277 1754 nodo
294 1680 496 1756 interdicite
513 1707 557 1756 ne
575 1682 723 1779 pallium
750 1684 786 1756 in
805 1683 980 1778 Balgaria
1000 1683 1128 1770 mittat,
1146 1680 1204 1756 vel
1221 1681 1411 1755 ordinatio

188 1818 270 1868 nem
289 1794 324 1866 iu
345 1820 385 1869 ea
403 1796 521 1869 faeiat.
539 1797 639 1883 Quod
656 1797 684 1869 si
705 1797 839 1883 lecerit,
857 1797 1026 1870 canonice
1045 1795 1146 1868 illurn
1167 1794 1412 1891 corripiemus,

189 1911 289 1982 Item.
307 1910 433 1985 Videte
455 1937 498 1985 ne
516 1912 557 1985 de
577 1914 762 2009 praeceptis
780 1910 910 1984 nostris
927 1910 971 1982 ad
988 1909 1170 1982 dexteram
1189 1907 1247 1981 vel
1266 1908 1309 1981 ad
1328 1907 1413 1979 sini-

188 2029 299 2093 stram
330 2021 509 2097 declinare
540 2024 671 2112 velitis,
689 2025 773 2122 quia
803 2023 919 2096 locum
951 2032 987 2096 et
1015 2031 1224 2118 potestatem
1254 2031 1412 2093 nostram

189 2158 296 2229 quam
323 2135 422 2208 nobis
440 2161 501 2233 pro
520 2162 604 2233 pace
622 2138 782 2214 ecclesiae
799 2138 961 2211 dedimus
983 2136 1129 2209 habetis,
1147 2139 1246 2208 item.
1265 2138 1312 2208 Et
1329 2134 1411 2207 sub·

189 2247 400 2343 scriptiones
412 2250 567 2346 epistole.
583 2253 760 2327 Martinus
770 2250 980 2325 Narniensis
994 2249 1188 2346 episcopus.
1202 2247 1412 2321 Dominicus

190 2358 419 2435 Tiburiensis.
433 2362 569 2436 Florus.
584 2366 817 2438 Gauderieus.
836 2362 1049 2459 Stephanus
1063 2365 1140 2436 Leo.
1155 2364 1293 2434 Petrus
1312 2359 1412 2432 Wal-

189 2471 320 2548 bertus,
338 2477 535 2571 Gregorius
553 2478 738 2575 episcopus
755 2478 832 2551 sive
851 2475 1029 2550 Candida.

710 2665 801 2718 Actio
822 2664 892 2712 1111.

287 2814 411 2890 Photio
437 2816 608 2915 presbiter
633 2817 732 2891 dixit.
750 2819 842 2905 Quia
868 2817 986 2890 omnia
1004 2839 1084 2912 quae
1101 2814 1199 2911 pacis
1216 2823 1302 2887 sunt
1319 2839 1412 2889 com·

193 2923 287 3022 pleta
304 2926 625 3016 lrabemus,bonum
640 2939 694 3003 est
712 2939 752 3002 ut
771 2930 953 3004 vobiscum
972 2937 1008 3002 et
1025 2953 1108 3002 cum
1124 2927 1248 3001 Photio
1265 2928 1414 3024 patriar·

192 3037 260 3111 cha
279 3039 468 3113 missarum
495 3041 703 3138 sollempnia
728 3042 958 3117 celebremus.
977 3044 1109 3115 Sancta
1135 3041 1293 3138 synodus
1310 3041 1412 3130 dixit,

193 3148 259 3225 hoc
277 3151 408 3227 bonum
426 3163 534 3228 estet
552 3157 623 3228 Deo
640 3166 839 3251 acceptum,
857 3155 919 3228 fiat
936 3152 1103 3228 voluntas
1120 3166 1251 3228 vestra.

730 3340 820 3392 Aetio
840 3341 877 3392 V.

290 3491 464 3589 Praecepit
476 3501 601 3566 sancta
614 3503 649 3566 et
663 3492 881 3566 universalis
898 3492 1069 3589 synodus,
1081 3501 1122 3565 ut
1140 3492 1357 3590 quicumque
1370 3492 1412 3567 de

194 3602 299 3676 Italia
315 3603 479 3700 episcopi,
492 3602 579 3678 cleri
594 3615 630 3677 et
643 3603 726 3678 laici
743 3605 780 3677 in
796 3607 893 3693 Asia,
906 3610 1047 3702 Europa
1061 3605 1119 3680 vel
1133 3605 1232 3679 Libia
1245 3606 1415 3702 degentes

196 3740 217 3789 a
235 3715 459 3789 sanctissimo
481 3720 575 3813 Papa
594 3715 749 3789 Iohanne
771 3718 933 3818 suspensi
951 3719 1253 3795 excommunicati
1272 3718 1331 3794 vel
1356 3720 1416 3794 de·

195 3829 297 3926 positi
316 3828 462 3916 luerint,
474 3829 629 3904 habeant
646 3854 703 3904 eos
720 3840 756 3904 et
772 3832 1023 3906 sanctissimus
1042 3831 1191 3906 Photius
1208 3830 1413 3931 patriarcha

195 3965 383 4040 suspensos
400 3941 724 4016 excommunicatos
743 3944 796 4018 vel
816 3944 999 4042 depositos.
1012 3947 1113 4018 Item.
1129 3944 1345 4042 Apocrisarii
1364 3945 1415 4019 di·

195 4063 335 4126 xerunt.
345 4056 447 4126 Hauc
458 4056 926 4150 potestatemsanctissimus
936 4061 1030 4155 Papa
1040 4057 1415 4133 IohannesdoditPho·

196 4164 245 4237 tin
263 4162 476 4259 patriarche,
485 4174 525 4236 ut
538 4164 641 4238 abeat
658 4175 863 4264 potestatem
879 4169 1109 4245 convertendi
1122 4180 1158 4245 et
1172 4194 1241 4243 non
1256 4170 1414 4268 peniten-

194 4288 248 4350 tes
265 4276 426 4351 eiciendi.
439 4280 541 4365 Item,
554 4289 590 4352 et
604 4281 732 4352 Petrus
749 4282 924 4379 presbiter
936 4279 1036 4355 dixit.
1046 4282 1271 4356 Universalis
1288 4292 1324 4355 et
1336 4305 1416 4379 apo

194 4389 341 4464 stolicus
351 4394 445 4486 Papa
456 4390 630 4464 lohannes
643 4391 736 4465 hanc
748 4402 956 4490 potestatem
972 4419 992 4465 a
1006 4394 1164 4492 principe
1177 4395 1413 4492 apostolorum

196 4505 301 4576 Petro
322 4503 501 4600 accipiens
527 4503 622 4576 dedit
640 4504 764 4578 Photio
790 4504 990 4602 patriarche
1016 4515 1189 4603 potestate
1215 4505 1352 4602 ligandi
1380 4513 1417 4579 et
