3608 5498
816 397 989 460 ...9οη

289 517 645 616 stantinopolitanum
664 517 840 615 quondam
860 516 1074 614 Episcopum
1092 515 1138 589 ab
1155 514 1359 612 Apostolica
1377 515 1466 590 Sede
1478 540 1514 586 a·

245 640 247 644 ‘
290 631 611 707 mathematizatum
629 654 751 706 eorum
770 629 981 727 complicem
999 640 1034 705 et
1051 653 1251 728 sequacem,
1266 626 1325 702 vel
1339 627 1376 700 in
1391 651 1512 702 eornm

289 749 351 847 qui
361 757 622 825 communeaut
632 746 799 821 societate
813 743 1084 843 permanserint.
1094 745 1164 832 Qui
1179 743 1513 840 Acathiusquorum
1595 774 1599 781 ·

290 888 327 938 se
344 860 525 939 communi
545 859 702 946 miscuit,
720 859 877 957 ipsorum
896 857 1051 933 similem
1069 858 1199 934 habere
1217 857 1350 934 meruit
1367 857 1404 930 in
1418 857 1515 931 darn·

288 977 431 1051 natione
450 972 674 1049 sententiam.
697 975 843 1047 Petrum
865 972 1101 1047 nihilominus
1115 971 1353 1048 Antiocennm
1371 972 1516 1048 damna-

290 1116 370 1163 mus
387 1114 471 1164 cum
489 1086 700 1185 sequacibus
718 1086 793 1160 suis
810 1096 845 1161 et
862 1085 1029 1160 omnibns
1046 1110 1153 1183 snpra
1177 1085 1331 1183 scriptis.
1357 1083 1514 1182 Suscipi-

289 1230 370 1277 mns
383 1211 503 1276 autem
518 1210 554 1276 et
566 1201 756 1299 probamus
769 1199 936 1298 epistolas
948 1199 1044 1274 beati
1058 1199 1183 1274 Leonis
1201 1202 1307 1298 Papae
1324 1199 1514 1274 universas

289 1342 379 1415 quas
396 1317 438 1390 de
456 1315 653 1391 christiana
673 1315 846 1411 religione
864 1312 1085 1410 conscripsit.
1099 1312 1202 1388 Sicut
1214 1313 1445 1409 praediximus
1462 1337 1515 1388 se-

289 1440 439 1528 quentes
457 1429 494 1500 in
514 1428 678 1502 omnibus
697 1428 935 1526 Apostolicam
962 1427 1087 1502 Sedem
1113 1436 1150 1501 et
1174 1426 1409 1524 predicantes
1434 1428 1513 1503 eius

290 1543 408 1616 omnia
425 1541 616 1639 apostolica
634 1551 769 1615 statuto
787 1565 864 1615 esse
882 1540 1065 1614 servanda.
1083 1543 1129 1614 Et
1146 1564 1208 1637 per
1224 1540 1344 1616 omnia
1358 1565 1460 1638 spero
1472 1553 1515 1616 ut

290 1655 329 1729 in
342 1682 414 1730 una
427 1656 674 1731 communione
688 1654 873 1729 vobiscum
887 1678 994 1751 quam
1010 1653 1117 1728 Sedes
1128 1654 1330 1751 Apostolica
1344 1655 1514 1752 praedicat

290 1795 368 1844 csse
385 1794 534 1858 merear,
552 1769 588 1842 in
607 1793 677 1866 qua
694 1777 749 1842 est
766 1767 909 1863 integra
927 1777 963 1842 et
980 1792 1065 1841 vera
1091 1768 1306 1843 Christianae
1329 1768 1514 1864 religionis

290 1894 326 1957 et
339 1883 495 1980 perlecta
513 1882 683 1957 soliditas.
698 1880 951 1957 Promittantes
969 1892 1209 1979 sequestratos
1225 1909 1246 1955 a
1264 1883 1514 1958 communione

290 1996 485 2072 Catholicae
502 1996 683 2081 Ecclesiae,
706 1995 799 2069 idem
818 2018 889 2068 non
915 1995 1177 2072 eonsentientes
1202 1997 1276 2071 sedi
1303 1995 1513 2094 Apostolicae

294 2135 415 2186 eorum
434 2111 577 2185 nomine
595 2110 689 2184 inter
706 2134 807 2183 sac-ra
826 2133 894 2183 non
913 2109 1095 2185 recitanda
1113 2135 1189 2185 esse
1207 2110 1391 2208 mysteria.
1413 2111 1514 2198 Quod

291 2223 321 2296 si
340 2223 377 2296 in
396 2223 517 2320 aliqua
534 2221 749 2320 professione
764 2246 842 2296 mea
856 2222 999 2298 deviare
1012 2234 1234 2321 temptavero
1246 2224 1304 2298 his
1317 2249 1404 2322 quos
1416 2225 1513 2299 dam·

289 2337 397 2434 pnavi
414 2336 623 2435 complicem
643 2361 720 2411 mea
738 2337 916 2426 sententia
929 2363 985 2412 mc
998 2362 1075 2412 esse
1089 2339 1266 2426 confiteor,
1278 2338 1373 2414 hanc
1390 2348 1512 2415 autem

289 2450 540 2547 professionem
555 2476 671 2525 meam
684 2474 751 2546 ego
762 2451 937 2525 lohannes
947 2451 1362 2551 Constantinopolitanae
1372 2453 1513 2552 Episco-

289 2589 355 2662 pus
373 2590 483 2637 manu
501 2591 579 2640 mea
597 2565 789 2665 subscripsi
809 2577 843 2641 et
861 2563 1035 2642 Ormisdae
1049 2575 1172 2640 sancto
1184 2576 1220 2640 et
1233 2565 1429 2640 venerabili
1447 2570 1512 2640 Pa·

288 2700 341 2773 pae
358 2675 466 2751 Urbis
483 2681 603 2752 Romae
619 2679 742 2754 direxi.

841 2843 965 2927 oxlll.

385 3014 547 3110 vigilius
563 3015 797 3090 dilectissimo
810 3011 913 3088 fratri
929 3014 1146 3090 Eleutherio.
1159 3015 1261 3091 Nulli
1281 3016 1339 3092 vel
1353 3017 1512 3095 tenuiter

288 3127 417 3203 scienti
433 3130 490 3204 rel
508 3129 660 3227 pleniter
675 3129 826 3227 sapienti
842 3128 990 3203 dubium
1003 3131 1160 3227 estquod
1175 3131 1338 3206 Ecclesia
1351 3135 1511 3207 Romana

288 3242 562 3330 fundamentum
582 3256 617 3319 et
635 3246 747 3318 forma
761 3245 808 3318 sit
825 3243 1069 3320 Ecclesiarum
1087 3269 1192 3342 aqua
1205 3268 1328 3321 omnes
1341 3246 1511 3322 ecclesias

290 3356 506 3454 principium
534 3358 730 3456 sumpsisse
756 3381 860 3432 nemo
886 3369 983 3433 recto
1008 3359 1230 3434 credentium
1249 3359 1402 3455 ignorat.
1420 3364 1511 3448 Quo·

288 3470 384 3543 niam
402 3471 488 3547 licet
501 3473 660 3546 omnium
676 3473 923 3570 Apostolorum
939 3497 1003 3572 par
1016 3486 1109 3549 esset
1121 3474 1257 3564 electio,
1270 3475 1373 3549 beato
1388 3486 1509 3552 tamen

288 3588 392 3659 Petro
410 3587 532 3660 datum
551 3598 659 3662 estut
672 3588 812 3662 caeteris
830 3587 1065 3686 praemineret.
1078 3588 1180 3663 Unde
1197 3599 1234 3662 et
1251 3587 1392 3686 Cophes
1408 3612 1511 3665 voca-

287 3710 348 3773 tur
364 3702 448 3797 quia
466 3712 628 3798 caputet
646 3703 784 3799 primus
805 3713 860 3777 est
884 3700 1043 3776 omnium
1072 3700 1329 3798 Apostolorum.
1346 3704 1394 3775 Et
1417 3702 1510 3799 qnod

287 3814 323 3886 in
342 3815 459 3912 capite
478 3815 669 3912 praecessit,
687 3815 724 3887 in
752 3815 921 3890 membris
946 3815 1046 3912 sequi
1073 3839 1217 3890 necesse
1244 3826 1307 3890 est.
1325 3818 1441 3903 Quam
1466 3815 1510 3891 ob

287 3955 361 4005 rem
389 3933 546 4004 Romana
569 3929 742 4017 Ecclesia,
759 3929 837 4003 eius
862 3929 989 4004 merito
1011 3929 1152 4002 Domini
1177 3951 1266 4004 voce
1290 3939 1509 4017 consecrata,

288 4043 485 4140 primatum
502 4054 601 4117 tenet
613 4043 772 4115 omnium
788 4041 1031 4117 ecclesiarum.
1045 4042 1145 4129 Quod
1158 4053 1277 4118 autem
1292 4067 1329 4117 se
1343 4041 1413 4117 scit
1425 4042 1509 4116 aliis

286 4181 363 4231 esse
377 4155 604 4253 praepositum
620 4178 690 4228 non
706 4156 849 4230 moleste
863 4154 955 4230 ferat
967 4155 1123 4253 aliquem
1137 4155 1205 4229 sibi
1218 4179 1295 4230 esse
1309 4154 1508 4253 praelatum.

287 4273 333 4345 Et
349 4281 428 4367 post
445 4294 568 4367 pauca.
586 4274 666 4368 Ipsa
682 4294 837 4367 namque
855 4267 1017 4343 Ecclesia
1035 4293 1115 4366 quae
1136 4269 1252 4366 prima
1274 4279 1329 4343 est
1350 4267 1401 4342 ita
1428 4268 1508 4342 reli-

286 4385 366 4481 quis
383 4384 545 4459 ecclesiis
561 4386 661 4459 vices
679 4410 763 4457 suas
780 4383 931 4459 credidit
948 4382 1153 4477 largiendas
1170 4394 1212 4457 ut
1229 4382 1266 4456 in
1281 4393 1417 4481 partem
1433 4381 1507 4455 sint

285 4510 419 4574 vocatae
437 4497 690 4575 sollicitudinis
707 4522 777 4572 non
797 4499 831 4572 in
852 4495 1110 4595 plenitudinem
1130 4497 1324 4595 potcstatis.
