3608 5498
387 889 558 959 Hornrna
577 884 830 960 Dilectissimis
846 864 1022 957 fratribus*
1034 880 1217 955 universis
1243 880 1427 978 Episcopis
1448 903 1510 978 par

289 997 483 1098 Yspaniam
496 996 716 1085 constitutis,
729 995 890 1071 libellum
905 997 1132 1094 professionis
1145 997 1225 1072 fidei
1240 995 1408 1071 Iohannis
1421 995 1510 1070 Cou-

289 1112 593 1210 stantinopolitani
611 1111 775 1209 Episcopi
793 1111 894 1184 iuxta
912 1121 1070 1185 vestram
1089 1111 1294 1208 petitionem
1321 1108 1420 1189 vobis
1446 1107 1510 1181 mi·

292 1227 418 1314 simus,
434 1226 501 1301 sub
518 1249 587 1324 quo
604 1225 634 1298 si
652 1225 734 1323 quis
750 1225 1036 1299 communionem
1051 1216 1207 1299 nestram
1222 1224 1264 1298 de
1277 1220 1511 1297 orientalibus

289 1341 432 1417 clericis
449 1339 654 1438 poposcerit,
671 1339 716 1412 ad
733 1363 810 1414 eam
830 1336 940 1435 possit
956 1336 1107 1410 admitti.
1125 1337 1329 1412 Secundum
1348 1359 1455 1432 quam
1474 1346 1510 1409 et

289 1456 333 1531 de
351 1454 488 1529 Scithia
505 1465 542 1529 et
558 1453 601 1527 de
619 1453 746 1528 Tracia
763 1451 960 1548 Illiricique
982 1451 1143 1548 partibus
1167 1451 1226 1525 vel
1251 1451 1365 1548 Epyri
1390 1450 1509 1524 ventis

290 1569 350 1644 sed
367 1579 403 1643 et
420 1567 617 1644 secuudum
636 1589 724 1665 quos
741 1566 783 1640 de
797 1565 905 1664 Syria
920 1563 1051 1638 multos
1064 1564 1135 1638 iam
1148 1574 1288 1640 constat
1301 1586 1377 1638 esse
1391 1587 1510 1638 snsce-

290 1693 377 1780 ptos
394 1681 593 1778 gaudentes
610 1679 654 1751 ad
673 1689 770 1754 recta
796 1677 974 1753 confluere
996 1689 1032 1752 et
1049 1678 1153 1752 devia
1178 1676 1385 1752 declinasse.
1407 1676 1510 1752 Unde

289 1817 350 1892 pro
368 1792 625 1868 resurrectione
644 1791 855 1864 mandamns
873 1800 914 1865 ut
930 1792 1046 1866 omnis
1067 1818 1155 1869 cura
1179 1802 1216 1866 et
1240 1791 1355 1865 omnis
1381 1790 1511 1865 sollici·

289 1909 373 1984 tudo
389 1906 569 2003 invigilet.
587 1909 662 1980 Iam
680 1904 803 1979 nullus
820 1915 874 1979 est
892 1904 1105 2000 ignorantia
1123 1903 1232 1990 locus,
1245 1903 1370 1977 nullus
1386 1912 1510 1978 utatur

293 2019 535 2118 simplicitatis
552 2019 780 2094 excusatione
798 2018 979 2116 proedicta.

295 2181 457 2256 Lr'bellns
478 2182 718 2281 professionis
738 2181 835 2280 fidei
857 2179 1112 2276 Epr‘saoporara
1138 2176 1318 2251 Iohannis
1345 2176 1513 2250 Constan

388 2297 624 2395 cleopalitana
639 2303 672 2368 et
688 2294 840 2369 Enlalr‘r'
856 2292 1128 2391 Cartapr'nensr‘s
1152 2292 1219 2389 qai
1240 2315 1276 2365 se
1300 2316 1323 2364 a
1346 2292 1511 2364 Romana

385 2411 471 2484 Sede
486 2416 748 2508 separaverant.

385 2571 507 2644 Prima
523 2569 620 2644 salus
636 2581 691 2645 est
703 2580 815 2645 -reotae
832 2569 911 2643 fidei
926 2568 1090 2663 regulam
1104 2566 1282 2643 custodire
1296 2578 1366 2642 eta
1383 2566 1513 2640 consti·

292 2684 382 2760 tutis
399 2696 540 2782 patrum
558 2683 767 2759 nullatenus
783 2685 936 2759 deviare.
954 2685 1001 2755 Et
1021 2681 1105 2779 quia
1130 2704 1200 2754 non
1226 2690 1341 2778 potest
1366 2678 1511 2753 Domini

290 2798 401 2872 nostri
419 2796 526 2871 Ihesu
544 2796 680 2871 Christi
699 2797 923 2895 praetermitti
941 2790 1120 2872 sententia
1137 2796 1302 2886 dicentis,
1319 2800 1373 2869 Tu
1387 2821 1425 2870 es
1450 2798 1513 2869 Pe-

290 2923 369 2986 trns
385 2923 421 2987 et
438 2937 544 3010 super
562 2910 654 2988 hana
668 2920 804 3008 petram
818 2911 996 2988 aedificabo
1013 2910 1212 2987 aecclesiam
1230 2913 1356 2986 meam.
1374 2913 1420 2984 Et
1435 2909 1512 2984 haec

290 3050 369 3124 quae
385 3027 481 3101 dicta
498 3035 583 3122 sunt
601 3051 721 3100 rerum
740 3025 933 3124 probantur
949 3024 1133 3101 effectibus
1150 3024 1235 3122 quia
1252 3023 1290 3096 in
1308 3024 1397 3097 Sede
1424 3028 1514 3119 Apo

291 3139 415 3215 stalica
436 3149 537 3214 extra
563 3139 742 3215 maculam
768 3164 908 3238 semper
928 3149 983 3214 est
1003 3138 1181 3214 catholica
1206 3145 1347 3212 servata
1374 3134 1513 3230 religio.

291 3256 344 3329 De
367 3278 438 3352 qua
459 3277 521 3350 spe
537 3264 572 3328 et
590 3255 657 3328 fide
674 3254 830 3351 separari
850 3253 997 3327 minime
1022 3253 1208 3350 cupientes
1232 3260 1268 3325 et
1293 3257 1434 3347 patrum
1461 3273 1513 3324 se·

291 3377 440 3465 quantes
452 3366 658 3455 constituta,
670 3366 1017 3441 anathematizamus
1030 3391 1153 3441 omnes
1165 3366 1318 3451 hereses,
1336 3364 1512 3461 praecipue

292 3481 497 3556 Nestorium
515 3481 715 3557 hereticum
734 3481 795 3578 qui
813 3481 989 3578 quondam
1016 3478 1417 3577 Constantinopolitanae
1443 3477 1513 3552 luit

292 3594 392 3668 urbis
407 3595 611 3693 Episcopus.
621 3597 844 3693 Dampnatus
857 3594 894 3668 in
907 3594 1057 3670 concilio
1070 3592 1289 3690 Ephesin0,a
1302 3591 1402 3665 beato
1416 3591 1515 3665 Cele-

292 3709 385 3784 stiuo
402 3711 471 3782 ΡΡ.
488 3708 595 3783 Urbis
612 3711 732 3782 Romae
748 3719 785 3784 ct
806 3734 827 3781 a
853 3707 1049 3784 venerabili
1068 3707 1145 3782 viro
1162 3705 1288 3782 Cirillo
1305 3703 1515 3780 Alexandri·

293 3846 347 3896 nae
364 3819 525 3896 civitatis
542 3821 713 3895 antistite.
726 3821 902 3897 Similiter
919 3821 1266 3897 anathematizamus
1282 3817 1462 3893 Euthicen
1477 3829 1514 3892 et

292 3934 501 4011 Dioscorum
516 3935 798 4011 Alexandrinum
813 3937 851 4008 in
865 3944 990 4009 saneta
1003 3934 1138 4032 synodo
1155 3956 1263 4030 quam
1281 3929 1466 4028 sequimur
1478 3938 1514 4004 et

292 4048 544 4146 amplectimur
557 4048 811 4124 calcedonensi
830 4049 1065 4147 dampnatum
1083 4072 1163 4145 quae
1176 4055 1299 4121 secuta
1316 4044 1512 4120 secundum

293 4163 487 4241 concilium
500 4165 679 4239 Nicennm
695 4165 799 4239 fidem
809 4163 1049 4262 Apostolicam
1058 4163 1277 4261 praedicavit.
1286 4163 1515 4236 Detestamur
1600 4218 1603 4222 .

293 4289 329 4353 et
338 4277 564 4354 Timotheum
578 4277 788 4376 patricidam
801 4278 945 4353 illorum
958 4287 1196 4374 cognomento
1209 4275 1399 4362 imbutum,
1411 4274 1515 4350 disci-

294 4390 419 4488 pulum
437 4414 575 4488 quoquc
592 4390 706 4489 ipsius
718 4401 754 4465 et
767 4415 954 4489 sequacem
968 4391 1007 4465 in
1019 4390 1184 4465 omnibus
1196 4393 1344 4464 Petrum
1362 4387 1516 4463 Alexan·

295 4505 438 4579 drinum
449 4507 760 4604 condempnemus.
770 4506 888 4581 Etiam
903 4505 1205 4605 condempnemus
1218 4503 1411 4580 Acathium
1426 4504 1516 4577 Con·
