3608 5498
808 395 1005 458 -410-

290 541 373 592 eum
391 540 436 592 ne
453 516 638 592 videretur
654 542 675 591 a
693 539 882 616 quoquam.
899 517 968 593 Sed
984 517 1051 593 hoc
1064 516 1101 590 iu
1116 517 1193 592 viro
1205 520 1325 592 omnia
1337 520 1414 596 haec
1426 520 1514 595 obli-

289 630 387 705 vioni
405 631 608 720 traduntur,
625 631 666 706 fit
678 630 825 728 plausus
838 631 881 706 de
894 628 1035 704 Domini
1050 630 1231 705 sacerdote
1244 630 1382 706 scurris
1399 641 1435 708 et
1447 633 1518 730 hy·

289 743 493 832 strionibus,
505 743 576 819 heu
590 743 761 842 quomodo
773 743 1002 820 obscuratum
1016 752 1070 818 est
1081 769 1223 835 aurum,
1236 743 1414 822 libetcunr
1430 747 1516 823 Hie·

289 856 402 932 remia
420 857 585 932 clamare.
602 859 649 930 ‘Et
666 866 794 932 cetera.

850 954 953 1038 xoss.

732 1102 734 1106 ·
814 1100 851 1150 In
864 1097 989 1153 eadem.

388 1201 457 1276 Sed
476 1218 645 1297 rogamus
662 1200 935 1298 omnipotentem
951 1203 1076 1292 Deum,
1089 1211 1130 1276 ut
1143 1201 1242 1276 vobis
1255 1202 1391 1277 tribuet
1407 1225 1513 1280 nosse

290 1311 334 1385 ad
349 1312 493 1410 plenum
508 1338 581 1388 sues
594 1313 915 1412 dispositionisque
929 1326 1051 1391 sancta
1065 1315 1227 1391 aecolcsia
1240 1317 1442 1392 moderatur
1457 1342 1515 1391 ar·

289 1425 457 1501 ohauum.
475 1430 521 1502 Et
538 1452 617 1526 quae
633 1427 717 1516 sint,
735 1427 792 1502 vel
810 1439 955 1526 quanta,
972 1437 1008 1503 et
1020 1428 1141 1527 qualia
1158 1432 1325 1504 Romana
1341 1430 1514 1506 Ecclesiae

292 1540 498 1637 privilegia,
511 1566 555 1617 ex
567 1566 636 1640 quo
649 1541 809 1640 ceperint
819 1542 978 1631 exordio,
990 1551 1026 1617 'et
1039 1543 1121 1640 quis
1137 1541 1215 1617 eius
1231 1568 1370 1619 summe
1386 1554 1513 1621 auctor

288 1654 420 1730 existat
444 1657 670 1732 auctoritatis
690 1656 791 1730 vobis
815 1657 1009 1732 clementer
1033 1654 1179 1750 aperiat.
1197 1655 1298 1743 Quod
1321 1656 1352 1729 si
1372 1656 1513 1732 anobis

290 1771 452 1868 quaeritis
474 1772 577 1861 scire,
595 1781 714 1869 utpote
738 1797 760 1845 a
784 1770 961 1845 ministris
987 1767 1134 1858 Christi,
1151 1779 1187 1844 ct
1211 1770 1514 1867 dispensatoribus

209 1954 215 1965 ,
290 1882 570 1958 ministeriorum
583 1883 781 1974 eiusvobis
794 1882 996 1959 evidentius
1009 1882 1242 1957 ostendemus.
1252 1882 1291 1955 Si
1305 1896 1388 1958 v'ero
1405 1907 1511 1960 nosse

288 1996 560 2098 parvipenditis,
573 2007 609 2072 et
625 1997 740 2072 solum
758 2006 881 2075 contre
898 1995 1089 2095 privilegia
1106 1995 1265 2071 ecclcsiae
1276 1999 1443 2072 Romam
1459 1998 1515 2071 ni-

287 2136 351 2184 sus
372 2120 510 2186 vestros
526 2111 680 2207 erigitis,
697 2121 820 2186 cavete
837 2135 883 2186 uo
900 2109 1069 2208 superbos
1085 2118 1351 2185 convertantur.
1369 2112 1510 2186 Durum

288 2225 417 2323 quippe
436 2235 491 2301 est
508 2225 608 2301 vobis
621 2236 746 2301 contre
759 2224 933 2323 impetum
946 2222 1107 2297 fluminis
1122 2221 1512 2324 reluctari,dnrumque

287 2351 341 2415 est
357 2349 481 2415 contra
499 2339 689 2415 stimulum
706 2340 903 2416 calcitrare·
920 2340 1027 2411 Porro
1040 2336 1070 2411 si
1083 2345 1148 2411 nos
1160 2361 1231 2412 nou
1243 2337 1441 2428 audieritis,
1458 2364 1513 2415 re-

287 2462 359 2528 stat
375 2462 416 2528 ut
432 2454 513 2529 sitis
529 2454 623 2552 apud
641 2476 703 2529 nos
721 2451 920 2529 necessario
936 2450 1061 2548 quales
1078 2450 1252 2526 Dominus
1272 2461 1392 2527 noster
1408 2455 1512 2527 Iesus

291 2569 460 2644 Christus
477 2569 540 2643 hos
556 2568 680 2644 haberi
706 2567 877 2668 praeoipit,
894 2565 956 2663 qui
981 2565 1179 2642 [ecclesiam
1197 2567 1261 2640 Dei
1278 2566 1401 2640 audire
1430 2589 1514 2641 con·

288 2682 426 2757 temnit.
445 2682 647 2757 Praesertim
676 2707 758 2758 curn
786 2680 956 2758 acclesiae
973 2683 1138 2755 Romanae
1162 2679 1356 2777 privilegia
1373 2679 1512 2756 Christi

288 2818 347 2870 ore
365 2795 403 2869 in
420 2794 523 2870 beato
541 2799 651 2871 Petro
665 2796 818 2883 firmata,
835 2795 871 2868 iu
889 2794 1041 2870 ecclesia
1058 2795 1134 2893 ipsa
1160 2793 1339 2893 disposita,
1354 2795 1512 2892 antiqui·

287 2918 347 2984 tus
363 2909 560 3000 observata,
572 2920 641 2985 eta
659 2909 793 2985 sanctis
811 2907 1076 2985 universalibus
1093 2908 1239 3007 synodis
1251 2907 1440 2997 celebrata,
1457 2919 1511 2983 at-

290 3047 358 3122 que
371 3048 392 3096 a
406 3035 537 3100 cuncta
554 3024 706 3101 ecclesia
722 3023 858 3120 iugiter
875 3030 1056 3110 venerata,
1068 3020 1277 3096 nullatenus
1294 3021 1430 3118 possint
1446 3021 1512 3095 mi-

289 3136 366 3228 nui,
379 3137 588 3213 nullatenus
604 3136 768 3234 infringi,
781 3137 989 3212 nullatenus
1002 3135 1224 3211 commutari.
1237 3135 1413 3224 Quoniam
1431 3136 1512 3210 fun·

286 3249 492 3326 dementum
511 3250 604 3349 quod
621 3253 717 3326 Deus
734 3250 862 3350 posuit,
877 3249 1059 3324 humanus
1074 3274 1146 3324 uon
1158 3248 1256 3323 valet
1273 3271 1437 3325 amovere
1455 3273 1513 3325 oo·

287 3372 404 3453 natus,
421 3377 458 3439 ct
482 3365 576 3463 quod
593 3366 690 3440 Deus
707 3363 846 3454 statuit,
864 3365 1006 3439 firmum
1023 3363 1255 3463 validumque
1275 3363 1448 3439 consistit.
1464 3364 1512 3439 Il·

290 3473 394 3573 lcque
407 3477 631 3573 potissimum
651 3487 775 3574 peccat
789 3476 850 3575 qui
861 3479 925 3554 Dei
939 3478 1151 3554 ordinationi
1171 3478 1335 3555 resistere
1348 3488 1510 3576 temptet.

288 3588 486 3685 Privilegia
506 3589 650 3689 inquam
671 3590 776 3664 istius
794 3589 887 3665 sedis
912 3594 970 3668 vel
994 3593 1154 3669 ecclcsiae
1170 3602 1341 3691 perpetua
1358 3601 1444 3666 suut
1461 3593 1512 3667 di·

286 3701 424 3776 vinitus
450 3703 607 3779 radicata
631 3714 739 3801 atque
764 3704 924 3805 plantata
941 3715 1037 3781 sunt.
1054 3706 1199 3806 Iupingi
1218 3714 1376 3804 possunt,
1393 3714 1511 3780 trans-

287 3816 372 3891 ferri
400 3842 470 3893 non
499 3828 656 3917 possunt.
682 3819 790 3893 Trahi
817 3831 975 3918 possunt,
1003 3821 1110 3897 evelli
1135 3842 1205 3894 non
1234 3827 1391 3920 possunt.
1420 3821 1510 3905 Qum

290 3942 374 4009 aute
393 3933 582 4032 imperium
596 3942 758 4009 vestrum
771 3933 918 4010 fuerunt
929 3944 966 4009 ct
979 3943 1165 4032 permanet
1176 3936 1248 4008 Deo
1260 3931 1400 4029 gratias
1416 3942 1512 4008 acte·

287 4072 356 4122 nus
381 4048 530 4138 illibata,
549 4048 774 4147 manebitque
800 4057 878 4146 post
905 4073 979 4138 vos,
996 4059 1031 4125 et
1055 4071 1239 4147 quousque
1268 4045 1508 4123 christianum

287 4185 414 4237 nomen
432 4162 664 4259 praedicatum
682 4162 791 4238 fuerit
803 4162 866 4235 illa
883 4161 1077 4239 subsistere
1094 4185 1165 4237 non
1182 4159 1336 4236 cessabit
1352 4159 1513 4234 immuti-

288 4274 452 4350 latalsta
471 4277 587 4372 igitur
604 4276 796 4374 privilegia
813 4275 899 4351 huic
916 4285 1050 4350 sancte
1066 4270 1412 4350 ecclesiaeaChristo
1424 4280 1513 4346 sunt

288 4389 427 4478 donata,
444 4415 465 4462 a
491 4390 640 4489 synodis
656 4415 726 4466 uon
739 4402 825 4465 suut
837 4391 976 4478 donata,
993 4389 1054 4465 sed
1070 4386 1316 4462 tantummodo
1333 4383 1512 4460 celebrata

287 4513 325 4582 et
340 4512 522 4596 venerata,
539 4529 600 4607 por
621 4528 700 4605 quar
717 4527 787 4579 uon
804 4514 878 4580 tarn
896 4503 1005 4578 honor
1022 4525 1130 4602 quam
1147 4523 1239 4576 onus
1255 4498 1355 4575 uobis
1370 4495 1513 4574 indibit
