3608 5498
803 430 844 459 .-
867 396 934 472 252
959 430 999 447 -

825 567 989 653 xxvffl.

795 733 845 783 Ex
864 730 1011 796 epistole.

364 957 366 962 ¹
388 867 585 944 Anacletns
597 891 725 942 servus
742 865 878 944 Christi
890 865 1009 956 Ihesu,
1022 865 1206 965 Episcopis
1221 865 1387 942 omnihus
1399 876 1435 942 et
1449 891 1514 944 ce

290 980 377 1058 teris
395 980 537 1058 cunctis
554 979 727 1055 fidelibus.
744 980 813 1068 Qui
830 980 1020 1057 abstulerit
1036 981 1129 1079 patri
1146 981 1206 1057 uel
1224 980 1330 1056 matri
1356 980 1506 1080 aliquid,

291 1094 456 1194 dicatque
473 1094 540 1169 hoc
556 1102 742 1192 peccatum
760 1116 830 1167 non
848 1118 935 1187 esse,
952 1096 1126 1173 homicide
1140 1097 1318 1195 particeps
1330 1106 1393 1172 est.
1406 1100 1514 1172 Pater

291 1220 411 1284 noster
427 1208 505 1283 sine
522 1207 627 1283 dubio
645 1209 740 1282 Deus
757 1216 822 1297 cst,
839 1208 901 1306 qui
918 1233 982 1286 nos
999 1210 1145 1287 creavit.
1163 1213 1280 1285 Mater
1293 1234 1379 1285 vero
1391 1220 1514 1287 nostra

290 1321 559 1420 ecclesiaque
576 1345 640 1395 nos
656 1320 694 1393 in
711 1320 885 1418 baptismo
902 1322 1138 1421 spiritualiter
1156 1323 1397 1420 regeneravit.
1416 1327 1513 1421 Ergo

293 1435 355 1535 qui
373 1435 508 1510 Christi
527 1434 697 1533 pecunias
714 1443 751 1509 et
767 1434 940 1512 aecclesiae
958 1438 1078 1513 aufert
1095 1435 1152 1515 vel
1166 1436 1319 1526 fraudat,
1335 1436 1514 1513 homicida

291 1559 356 1637 est,
373 1559 480 1647 atque
498 1548 673 1626 homicida
691 1557 774 1624 ante
791 1561 1022 1648 conspectum
1040 1550 1127 1625 iusti
1151 1549 1281 1628 iudicis
1306 1575 1382 1626 esse
1407 1551 1514 1649 depu-

290 1663 434 1738 tabitur.
452 1663 522 1751 Qui
540 1662 633 1760 rapit
649 1663 839 1760 pecuniam
859 1662 992 1738 domini
1010 1665 1066 1740 sui
1084 1664 1312 1762 iniquitatem
1337 1674 1513 1762 operatur.

290 1778 360 1864 Qui
378 1785 499 1851 autern
521 1774 712 1874 pecuniam
738 1775 888 1872 proximi
914 1774 972 1849 sui
996 1774 1224 1873 iniquitatem
1249 1784 1426 1873 operatur.
1442 1775 1513 1863 Qui

289 1890 490 1989 pecuniam,
507 1889 566 1965 vel
584 1914 640 1965 res
657 1888 828 1964 aecclesiae
844 1888 1044 1979 abstulerit,
1061 1889 1297 1986 sacrilegium
1314 1888 1413 1964 facit.

813 2054 995 2140 XXVllll.

761 2211 843 2264 Item
862 2211 895 2263 tn
913 2211 1040 2264 eadem.

384 2347 587 2444 Privilegia
600 2345 846 2423 aecclesiarum
860 2356 896 2422 et
910 2345 1216 2435 monasteriorum,
1229 2344 1400 2420 inviolata
1414 2353 1450 2420 et
1462 2344 1515 2418 in·

290 2471 464 2539 temerata
480 2461 646 2536 omnibus
663 2461 891 2537 decrevimus
909 2484 1052 2536 manere
1070 2460 1299 2558 temporibus,
1323 2459 1424 2556 leges
1449 2484 1514 2534 aec·

289 2576 420 2665 clesiae,
438 2575 629 2674 apostolica
647 2575 833 2649 firmamus
849 2574 1075 2663 auctoritate,
1092 2573 1300 2671 peregrinas
1314 2579 1513 2647 summovcss

289 2716 380 2765 mus.
397 2689 506 2765 Idem.
520 2689 557 2763 Si
575 2688 695 2763 omnia
712 2688 749 2761 in
767 2687 834 2765 hoc
851 2686 982 2763 saeculo
998 2685 1157 2762 iudicata
1174 2696 1305 2776 essent,
1322 2685 1439 2761 lucum
1461 2684 1514 2759 di·

292 2802 377 2879 viua
394 2802 528 2878 iudicia
544 2825 613 2877 non
631 2801 811 2878 haberent.

851 2947 962 3032 XXX.

388 3147 590 3224 Alexander
606 3146 803 3247 Episcopus
820 3147 985 3223 omnihus
1010 3144 1193 3245 episcopis.
1218 3145 1287 3233 Qui
1309 3168 1372 3221 vos
1397 3169 1513 3247 perse-

288 3263 426 3362 quitur,
458 3263 575 3361 ipsum
607 3261 712 3338 cuius
742 3262 823 3337 vice
847 3260 1026 3358 legatione
1050 3259 1252 3357 fungimini
1276 3260 1512 3359 persequitur.

289 3378 382 3467 Quia
398 3378 494 3456 sicut
512 3377 587 3476 ipse
604 3375 721 3452 Filius
739 3376 804 3453 Dei
822 3376 994 3451 mediatur
1019 3374 1090 3449 luit
1111 3373 1177 3449 Dei
1196 3383 1232 3449 et
1247 3373 1445 3464 hominum,
1461 3373 1512 3448 ita

288 3500 325 3567 et
341 3513 405 3566 vos
422 3490 500 3567 cius
516 3490 596 3566 vice
616 3489 654 3563 in
672 3488 822 3566 ecclesia
841 3490 927 3565 estis
945 3488 1142 3577 constituti,
1161 3498 1203 3565 ut
1226 3489 1321 3565 inter
1343 3492 1458 3565 Deum
1475 3499 1512 3565 et

286 3604 448 3682 homines
466 3603 647 3702 legatione
665 3601 881 3700 fungamini.
900 3605 939 3679 Si
964 3603 1045 3703 quis
1069 3613 1192 3679 autem
1209 3602 1427 3701 legationem
1453 3627 1533 3718 ve·

287 3730 399 3797 stram
417 3718 658 3819 impeditum
673 3717 793 3809 unius,
810 3717 872 3794 sed
888 3717 1084 3792 multorum
1098 3717 1296 3815 profectum
1309 3717 1451 3793 avertit.
1464 3720 1511 3792 Et

287 3835 382 3912 sicut
400 3832 526 3908 multis
542 3841 658 3922 nocet,
674 3832 763 3908 itaa
789 3830 915 3906 multis
938 3831 1150 3928 arguendus
1175 3842 1238 3908 est.
1264 3835 1310 3908 Et
1334 3830 1420 3931 quia
1445 3831 1510 3908 Dei

287 3972 434 4024 causam
452 3945 610 4044 impedit,
623 3955 659 4021 et
672 3954 807 4020 statum
824 3946 1014 4021 conturbat
1031 3945 1212 4036 oecclesiae,
1228 3946 1272 4021 ab
1285 3946 1363 4022 eius
1380 3945 1512 4020 limini·

286 4062 355 4137 bus
372 4070 548 4137 arceatur.
565 4062 639 4135 Vos
650 4068 771 4135 autem
785 4059 815 4132 si
828 4058 1054 4137 dilectionem
1068 4060 1267 4137 habueritis
1279 4060 1323 4134 ad
1341 4059 1510 4148 invicem,

287 4186 323 4251 et
336 4174 524 4249 unanimes
537 4173 690 4262 fueritis,
703 4171 809 4249 facile
822 4170 913 4248 tales
925 4173 1149 4274 superabitis.
1163 4174 1202 4248 Si
1215 4197 1300 4249 vero
1313 4174 1404 4272 quod
1417 4172 1510 4248 absit

288 4288 466 4363 discordes
483 4288 625 4362 fueritis
641 4297 677 4361 et
693 4286 822 4361 canino
835 4311 900 4360 vos
913 4287 1018 4363 doute
1032 4285 1201 4376 roseritis,
1214 4287 1394 4362 neminem
1408 4310 1510 4383 supe·

289 4401 422 4477 rabitis.
436 4401 506 4489 Qui
516 4425 599 4476 veru
612 4425 656 4477 ex
668 4409 786 4476 vestro
799 4399 950 4497 collegio
962 4400 1082 4486 fuerit,
1093 4410 1176 4475 etse
1188 4400 1232 4474 ab
1245 4399 1378 4473 auxilio
1390 4410 1509 4474 vestro

288 4514 516 4606 subtraxerit,
533 4514 651 4614 magis
667 4513 895 4593 scismaticus
911 4537 1019 4612 quam
1037 4511 1201 4590 sacerdos
1218 4537 1295 4589 esse
1313 4511 1492 4613 probatur.
