3608 5498
686 421 690 428 ’
805 393 1002 458 -457-

291 510 435 589 visibile
448 514 734 589 Sacramentum.
748 515 818 601 Qui
833 517 1028 595 manducat
1038 514 1139 592 intus
1151 540 1220 592 non
1234 516 1403 616 foris,qui
1417 543 1516 594 man·

294 627 451 704 ducatio
465 627 579 716 corde,
598 650 667 702 non
685 628 746 727 qui
761 630 891 731 premit
904 628 1019 705 dente.
1033 629 1129 726 Idem
1144 629 1182 703 in
1199 630 1331 706 eadem.
1345 630 1512 708 Christus

290 764 361 815 non
380 752 500 816 manet
516 739 555 814 in
574 740 718 816 Christo
734 752 771 818 ct
788 743 825 816 in
839 766 909 842 quo
920 765 992 817 non
1007 753 1127 819 manet
1140 742 1311 820 Christus
1327 744 1515 842 proculdu-

289 853 347 928 bio
363 878 430 930 nec
448 853 641 929 manducat
658 854 737 931 eius
752 880 899 932 carnem
916 881 984 933 neo
1000 857 1216 954 sanguinem
1233 855 1335 947 bibit,
1352 857 1460 933 etiarn
1479 859 1510 933 si

289 979 390 1045 tante
408 969 458 1045 rei
476 981 740 1046 sacramentum
758 971 802 1046 ad
828 970 1003 1047 iudicium
1029 969 1097 1045 sibi
1125 969 1317 1047 manducat
1342 980 1378 1046 et
1403 970 1511 1048 bibat.

289 1087 380 1161 ltem
398 1084 437 1159 in
453 1086 539 1159 XX·
560 1087 656 1160 VII'.
672 1089 752 1161 Non
777 1084 1063 1162 scandalizemur
1088 1084 1198 1160 etiam
1224 1082 1254 1158 si
1281 1083 1387 1159 multi
1413 1086 1513 1161 modo

289 1200 474 1275 nobiscum
491 1199 711 1275 manducant
727 1209 762 1275 et
777 1199 906 1275 bibunt
922 1197 1164 1298 temporaliter
1185 1207 1422 1290 sacramenta,
1449 1198 1510 1298 qui

288 1314 470 1391 habebunt
486 1313 524 1386 in
542 1316 611 1390 fine
629 1325 763 1390 aterna
779 1323 969 1389 tormenta.

797 1505 1004 1605 cxxvfflr.

712 1713 749 1763 1n
767 1710 840 1764 ead.
860 1721 962 1776 super
979 1708 1087 1762 Amos.

390 1882 473 1957 Odit
490 1885 588 1959 Deus
607 1881 785 1958 sacrificia
802 1881 1051 1956 haereticorum
1077 1888 1113 1956 et
1138 1906 1160 1955 a
1177 1906 1214 1957 se
1234 1882 1362 1980 proicit
1377 1892 1414 1957 et
1430 1906 1514 1980 quo-

289 1997 540 2094 tienscumque
553 1995 619 2071 sub
632 1994 773 2071 nomine
784 1995 924 2070 Domini
938 1995 1075 2071 fuerint
1088 1997 1300 2093 congregati
1315 1997 1512 2073 detestatur

291 2112 438 2187 fetorem
449 2133 572 2185 eorum
585 2120 622 2186 et
633 2109 770 2184 claudit
782 2133 888 2183 nares
898 2135 992 2184 suas.
1002 2110 1147 2184 Odissea
1157 2120 1290 2200 antem,
1303 2121 1338 2186 et
1347 2111 1515 2211 proicere,

292 2237 329 2301 at
345 2249 416 2299 non
433 2223 569 2299 odorari
587 2223 746 2297 humana
763 2222 921 2321 loquitur
938 2222 1186 2312 similitudine,
1204 2232 1245 2297 ut
1261 2247 1326 2298 nos
1342 2223 1510 2300 affectum

294 2340 361 2415 Dei
378 2338 511 2414 nostris
528 2336 751 2413 sermonibus
767 2359 1036 2433 cognoscamus.
1054 2338 1099 2410 Et
1112 2336 1141 2409 si
1159 2336 1364 2412 holocausta
1379 2337 1514 2414 obtule·

294 2454 378 2540 rint,
396 2462 437 2526 ut
453 2451 644 2527 videantur
660 2449 830 2539 ieiunare,
847 2450 930 2526 dare
944 2449 1193 2541 helemosinas,
1211 2451 1422 2549 pudicitiam
1442 2452 1514 2551 pol·

288 2565 403 2655 liceri,
416 2589 485 2663 quc
501 2564 705 2640 holocausta
723 2572 809 2638 sunt
822 2587 998 2653 vora,non
1012 2587 1054 2638 oa
1071 2564 1226 2665 suscipit
1239 2564 1421 2639 Dominus.
1433 2568 1513 2640 Non

289 2679 546 2755 sacrificiorum
563 2677 931 2775 magnitudinem,scd
940 2676 1164 2753 offerentium
1178 2677 1307 2785 merita
1316 2703 1514 2777 causasque

290 2791 473 2869 diiudicat.
483 2795 529 2865 Et
541 2815 612 2866 non
624 2817 666 2868 ea
679 2817 759 2892 quaa
771 2791 980 2883 offeruntur,
994 2792 1055 2869 sed
1066 2793 1289 2869 offerentium
1303 2793 1447 2895 respicit
1455 2818 1515 2869 vo-

290 2907 479 2982 luntatcm.
491 2907 690 3003 Gregorius
702 2907 739 2980 in
753 2906 882 2982 ultimo
899 2906 1100 2982 moralium.
1115 2907 1365 2982 Hereticorum
1379 2907 1513 2983 sacrifi·

290 3021 347 3098 cia
364 3031 511 3120 accepta
527 3023 601 3096 Deo
617 3046 694 3097 esse
715 3032 913 3120 nequeunt,
925 3022 996 3096 nisi
1016 3020 1146 3119 procis
1163 3021 1380 3096 universalis
1392 3021 1514 3098 aeocle·

290 3135 353 3210 sira
366 3135 532 3210 manibus
544 3135 747 3211 offerantur.
761 3136 995 3232 Augustinus
1008 3146 1051 3211 ut
1062 3135 1115 3211 ait
1128 3137 1289 3235 Prosper.
1302 3135 1389 3211 Veri
1403 3136 1510 3212 sacri·

291 3247 482 3326 ficiilocus
497 3258 598 3326 extra
615 3248 837 3327 catholicam
856 3249 1044 3327 ecclesiam
1062 3272 1132 3323 non
1150 3259 1214 3324 est.

832 3442 967 3527 CXXX.

591 3644 684 3698 Idem
703 3658 803 3714 super
821 3646 961 3712 epistola
981 3647 1026 3700 ad
1042 3646 1216 3713 Ephesios.

386 3817 425 3891 Si
443 3818 616 3895 Dominus
639 3844 681 3896 ca
711 3819 809 3894 iubet
833 3843 913 3918 quae
936 3840 1008 3893 non
1033 3827 1120 3894 sunt
1148 3818 1298 3895 adversa
1322 3816 1512 3918 scripturis

291 3933 438 4022 sanctis,
454 3933 654 4009 subiciatur
670 3935 811 4010 domino
827 3960 964 4010 servus.
982 3933 1020 4008 Si
1044 3956 1128 4010 vero
1144 3932 1323 4010 contraria
1339 3932 1512 4033 precipit,

292 4047 411 4144 magis
427 4047 565 4123 obediat
581 4048 731 4147 spiritus
747 4074 855 4147 quam
873 4047 1029 4147 corporis
1045 4046 1196 4122 domino.
1213 4048 1261 4120 Et
1277 4045 1381 4119 infra.
1399 4044 1437 4120 Si
1455 4044 1513 4119 bo

292 4186 378 4234 num
397 4161 561 4259 estquod
579 4161 741 4261 precipit
764 4162 956 4261 imperator
980 4159 1138 4236 iubentis
1159 4182 1333 4257 exequere
1350 4157 1513 4233 volunta-

292 4283 375 4349 tem.
389 4274 428 4347 Si
447 4274 594 4367 malum,
611 4275 792 4375 responde,
808 4275 949 4351 obedire
961 4283 1097 4374 oportet
1109 4275 1181 4350 Deo
1194 4272 1312 4370 magis
1328 4297 1435 4372 quam
1452 4272 1513 4350 ho

291 4387 460 4466 minibus.
