3608 5498
665 434 705 452 ..
730 403 797 468 449
820 436 864 451 ..

148 523 270 599 olesiae
282 522 495 622 aliquotiens
508 547 578 600 non
591 548 635 601 ex
648 524 845 613 voluntate,
856 523 919 600 sed
931 549 976 600 ex
987 521 1201 600 necessitate
1214 529 1372 620 peceato

149 662 206 713 res
219 661 286 711 non
300 649 475 734 arguunt.
485 650 525 713 ut
538 639 632 715 inter
645 639 832 736 spirituale
843 638 1144 713 medicamentum
1159 645 1195 710 et
1209 634 1371 710 caritatis

149 749 344 825 artificium
366 751 536 851 superbos
552 775 710 851 quosque
731 753 840 827 etiam
862 749 1048 846 indignius
1068 747 1235 823 laudibus
1256 769 1373 846 prose·

149 873 319 961 quantur,
329 874 370 940 ut
382 865 468 940 dum
482 864 536 938 illi
549 865 766 941 erubescunt
779 865 869 939 falsa
881 889 960 940 esse
972 888 1052 962 quae
1064 864 1107 938 de
1123 863 1176 938 eis
1188 862 1314 937 dicunt
1326 859 1372 934 ad

150 976 431 1053 emendationem
443 979 539 1069 ritae,
549 989 585 1054 et
593 979 684 1054 bona
697 1001 802 1077 opera
815 989 1064 1079 provocentur,
1073 976 1270 1052 secundum
1280 972 1372 1048 illud

150 1089 243 1187 quod
261 1089 435 1189 scriptum
452 1101 517 1181 est,
535 1091 626 1190 quod
640 1091 808 1166 laudatur
820 1102 983 1189 peccator
996 1093 1034 1165 in
1047 1089 1231 1166 desideriis
1243 1087 1373 1161 animm

149 1227 234 1291 sure,
251 1211 287 1277 et
309 1203 369 1300 qui
387 1202 510 1301 iniqua
526 1204 624 1301 gerit
640 1204 873 1282 benedicitur.
891 1208 938 1279 Et
954 1205 1039 1304 quia
1056 1229 1142 1279 vera
1162 1212 1217 1277 est
1238 1200 1302 1274 illa
1318 1226 1374 1275 sa-

150 1315 283 1413 pientis
296 1315 368 1391 viri
380 1318 674 1407 sententia,sicut
686 1317 1088 1408 veralaushonorat,ita
1101 1315 1192 1391 salsa
1205 1314 1373 1410 castigat.
1391 1352 1397 1365 ·

152 1431 230 1503 Non
248 1440 303 1504 est
319 1440 440 1505 tamen
457 1430 675 1529 impossibile
688 1434 771 1523 Deo,
784 1443 826 1508 ut
837 1433 946 1509 etiam
965 1432 1018 1506 illi
1036 1431 1097 1529 qui
1115 1428 1285 1504 humanis
1297 1428 1374 1501 lau·

149 1542 255 1618 dibus
272 1543 418 1621 invitati
436 1544 525 1623 bona
542 1571 646 1645 opera
663 1571 828 1622 exercere
850 1549 1020 1643 ceperint.
1036 1546 1132 1618 Deus
1150 1541 1224 1616 illis
1241 1540 1308 1615 hoc
1333 1539 1373 1613 iu

148 1680 304 1732 amorem
322 1670 359 1732 et
375 1659 668 1735 cousuetudinem
687 1668 885 1748 convertat,
903 1657 1100 1735 secundum
1117 1654 1209 1730 illud
1225 1654 1318 1753 quod
1330 1653 1373 1728 de

151 1769 372 1866 sapientibus
388 1771 531 1847 dicitur.
548 1776 643 1848 Bene
660 1797 906 1860 consuescere,
922 1770 1067 1873 pudebit
1083 1771 1301 1846 desuescere.
1326 1770 1374 1842 Et

149 1884 292 1959 iterum.
317 1888 415 1959 Bona
431 1885 631 1985 loquamur,
656 1887 808 1962 transiet
832 1909 949 1961 sermo
973 1885 1011 1960 in
1036 1883 1217 1959 affectum.
1239 1885 1373 1957 Beatus

148 2007 269 2073 tamen
286 1997 463 2074 Iohannes
479 1999 584 2097 plena
601 2011 637 2076 et
655 2000 812 2098 perfecta
828 1999 993 2075 libertate
1009 1997 1139 2072 maluit
1154 1995 1291 2071 iniusta
1314 2019 1374 2070 su·

147 2111 293 2204 sunere,
308 2137 417 2212 quam
433 2112 530 2189 iusta
546 2138 618 2190 non
635 2113 764 2191 dicere.

684 2305 839 2392 CXXVI.

491 2509 574 2563 Item
592 2511 624 2563 ln
640 2508 724 2564 libro
743 2508 786 2563 de
805 2509 939 2564 civitate
957 2510 1025 2563 Det.

242 2673 335 2746 Nam
352 2680 388 2746 et
404 2670 507 2747 miles
523 2695 608 2746 curn
632 2671 797 2748 obediens
821 2671 998 2771 potestati,
1022 2671 1090 2747 sub
1111 2694 1182 2769 qua
1207 2666 1372 2764 legitime

148 2785 366 2860 constitutus
382 2783 442 2860 hic
459 2784 637 2860 hominem
655 2784 795 2876 occidit,
812 2785 913 2859 nulla
930 2784 1093 2861 civitatis
1109 2808 1175 2859 sua
1192 2782 1275 2878 lege
1289 2806 1372 2856 reus

149 2910 204 2974 c'st
220 2899 413 2988 homicidii,
430 2900 500 2973 imo
518 2899 588 2973 nisi
605 2899 761 2983 fecisset,
779 2925 862 2976 reus
879 2909 934 2974 est
958 2899 1098 2998 imperii
1116 2896 1246 2972 deserti
1264 2905 1372 2994 atque

148 3014 351 3111 contempti.
369 3014 516 3101 Quodsi
534 3038 600 3087 sua
617 3025 739 3112 sponte
757 3013 816 3107 vel
833 3013 1046 3088 auctoritate
1064 3011 1217 3100 fecisset,
1230 3009 1371 3085 crimen

147 3128 296 3202 humaui
314 3128 458 3225 generis
474 3127 577 3203 effusi
593 3127 788 3202 incidisset.
806 3130 930 3224 Itaque
952 3126 1046 3200 unde
1063 3123 1212 3223 punitur
1224 3122 1256 3197 si
1270 3121 1373 3198 lecis-

149 3254 203 3318 set
219 3243 391 3330 iniussus,
408 3241 490 3316 inde
516 3241 666 3340 punitur
683 3241 753 3314 nisi
770 3240 897 3316 iecerit
921 3239 1052 3313 iussus.
1069 3237 1168 3325 Quod
1193 3236 1225 3311 si
1249 3234 1301 3309 ita
1317 3242 1373 3310 est

149 3357 293 3433 iubente
312 3357 535 3454 imperatore,
552 3364 729 3453 quantum
746 3355 828 3451 agis
852 3353 997 3428 iubente
1015 3353 1206 3431 cratere?
1227 3347 1297 3436 Qui
1318 3371 1373 3423 er·

148 3495 196 3567 go
218 3472 331 3560 audit,
346 3494 416 3544 non
435 3469 542 3545 licere
559 3468 732 3556 occidere,
749 3467 860 3543 faciat
884 3492 974 3541 suus
998 3466 1047 3541 sit
1066 3465 1173 3540 cuius
1195 3485 1265 3537 non
1286 3460 1373 3551 licet

148 3588 246 3662 iussa
270 3596 506 3662 contemnere.
524 3581 784 3657 Tantummodo
809 3580 942 3668 videat,
959 3589 1083 3656 utrum
1109 3577 1234 3653 divina
1258 3574 1370 3649 iussio
1496 3611 1499 3615 ·

150 3701 249 3776 nullo
273 3710 378 3775 nutet
406 3698 551 3782 incerto.
585 3700 659 3771 Nos
692 3719 885 3793 pauperem
914 3691 1171 3768 conscientiam
1201 3689 1370 3765 conveni·

150 3841 243 3904 mus,
259 3813 480 3890 occultorum
498 3810 599 3886 nobis
615 3807 790 3885 iudicium
809 3830 879 3881 non
897 3830 1124 3903 usurpamus.
1143 3805 1257 3878 Nemo
1273 3798 1372 3875 onim

149 3929 218 4003 scit
235 3929 320 4026 quid
336 3936 468 4021 agatur
487 3924 524 4002 in
542 3924 695 4012 homine,
712 3921 782 3996 nisi
801 3919 950 4019 spiritus
966 3917 1121 3994 hominis
1142 3915 1204 4015 qui
1229 3914 1267 3988 in
1292 3911 1371 4012 ipso

147 4054 211 4116 est.
231 4045 285 4115 Ex
301 4043 353 4114 VI
369 4039 460 4114 libro
476 4034 674 4112 Burchardi
694 4032 858 4132 Episcopi
879 4054 957 4129 cap.
982 4031 1093 4105 XLII.
1117 4029 1188 4116 Qui
1214 4024 1373 4125 percutit

149 4156 260 4230 rnalos
277 4155 315 4228 in
331 4177 372 4229 eo
389 4152 482 4251 quod
498 4150 584 4231 mali
602 4159 749 4239 suntet
765 4145 872 4221 habet
889 4168 1035 4220 causam
1049 4138 1319 4228 interfectionis,
1331 4149 1373 4212 ut

126 4309 129 4317 ,
148 4269 325 4367 percutiat
343 4266 523 4364 pessimos,
540 4262 704 4336 minister
720 4258 784 4334 Dei
801 4268 866 4332 est.
883 4257 1138 4352 Hieronymus.
1164 4251 1372 4327 Homicidas

148 4394 185 4456 et
208 4381 403 4477 sacrilegos
419 4377 559 4478 punire,
580 4398 650 4450 non
676 4384 731 4449 est
754 4371 879 4448 effusio
903 4368 1104 4464 sanguinis.
1130 4366 1372 4464 Augustinus.

106 4568 109 4571 ,
149 4491 476 4583 Quaeistavanitas
487 4489 552 4563 uni
565 4510 721 4587 parcere,
733 4494 770 4561 et
780 4482 1159 4585 omnesindiscrimen
1172 4481 1373 4567 adduceret,

1153 4597 1190 4651 aa
