3608 5498
799 418 997 484 -265-

288 543 500 631 decreverit,
517 541 744 618 medietatem
762 540 924 618 ecclesiae
940 539 999 616 cui
1018 539 1093 640 ipse
1111 539 1289 639 pertinere
1306 540 1505 618 dinoscitur

291 656 481 753 relinquat,
493 666 530 730 ct
547 656 599 730 sic
617 655 760 731 demum
778 656 817 729 in
833 654 1047 730 monasterio
1065 665 1169 756 prout
1186 655 1254 731 sibi
1271 655 1414 731 libitum
1432 655 1507 731 iue-

289 770 338 844 rit
352 769 461 844 eundi
478 769 779 868 convertendique
796 759 925 844 habeat
938 767 1133 846 licentiam.
1143 771 1370 869 Quicumque
1383 779 1505 845 autem

288 882 398 957 huius
411 882 523 957 nostri
537 882 671 958 decreti
684 872 934 974 contradictor,
942 883 1144 973 convulsor,
1153 908 1197 960 ac
1209 893 1402 959 temerator
1414 884 1506 958 exti-

288 996 383 1084 terit,
401 995 521 1092 gladio
536 997 779 1074 anathematis
795 997 988 1075 subiaceat.
1001 1000 1093 1074 Data
1112 1001 1230 1074 Romae
1247 1022 1369 1074 mense
1388 997 1504 1096 Aprili

291 1109 347 1184 die
363 1110 436 1185 XX
453 1107 646 1184 indictione
664 1113 709 1184 V.
1174 1137 1177 1146 ·

860 1312 931 1397 tx.

555 1518 604 1569 Ex
616 1518 646 1568 11
660 1516 743 1570 libro
756 1518 834 1570 vitoe
847 1518 958 1571 Sancti
971 1516 1122 1584 Gregorii
1133 1520 1245 1583 Papae.

387 1688 656 1765 Niobilominus
680 1712 743 1788 per
767 1689 927 1764 divorsas
952 1689 1156 1787 provincias
1182 1712 1243 1787 pro
1268 1689 1427 1764 custodia
1452 1716 1506 1766 sa·

290 1828 350 1878 cre
377 1803 563 1900 religionis
590 1802 696 1878 rebus
720 1827 917 1901 pauperum
943 1814 1089 1880 strenue
1114 1802 1360 1900 gubernandis
1385 1804 1507 1880 aeccle-

295 1917 359 1991 siae
376 1943 450 1992 suae
466 1918 574 2006 viros,
591 1917 784 1991 industrios
809 1927 965 1994 rectores
986 1918 1277 2016 patrimoniorum
1304 1918 1445 1994 ascivit.
1463 1921 1505 1993 In

294 2030 425 2128 quibus
438 2030 662 2130 Cyprianum
680 2030 868 2107 diaconum
882 2030 1099 2132 patrimonii,
1112 2032 1238 2107 Siculi.
1251 2031 1506 2107 Pantaleonem

289 2145 478 2220 Notarium
493 2145 711 2221 Siracuseni.
721 2145 917 2220 Fantinum
927 2147 1154 2223 Defensorem
1165 2147 1506 2222 Panormitani.Ser·

288 2261 392 2355 gium
417 2260 657 2350 Defensorem,
674 2259 904 2336 Calabritani.
930 2264 1129 2335 Romanum
1154 2261 1358 2351 Notarium,
1384 2260 1504 2358 Apuli.

290 2376 513 2448 Benenatum
527 2373 933 2464 Defensorem,Sarruci.
943 2373 1179 2449 Anthemium
1195 2375 1506 2465 Diaconum,Nea·

289 2487 446 2586 politani.
464 2491 611 2564 Petrum
629 2487 907 2579 Subdiaconum,
920 2490 1105 2587 Campani.
1118 2490 1320 2565 Candidum
1338 2489 1506 2565 Defensa

291 2625 378 2690 rem,
395 2602 513 2676 Tusci.
531 2600 705 2677 Urbicum
731 2602 972 2692 Defensorem,
993 2601 1126 2676 Sabini.
1144 2604 1314 2700 Optatum
1339 2602 1507 2679 Defenso-

290 2714 545 2805 rem,Nursini.
554 2714 788 2790 Benedictum
800 2717 1002 2804 Notarium,
1016 2715 1233 2792 Carseolani.
1243 2715 1401 2792 Felicem
1416 2717 1507 2792 Sub-

289 2829 489 2920 diaconum,
503 2831 637 2928 Appiae.
651 2830 853 2907 Castorium
872 2829 1130 2921 Cartularium,
1145 2829 1372 2906 Ravennatis.
1386 2830 1508 2906 Casto·

290 2943 384 3017 rium
397 2944 596 3035 Notarium,
608 2945 780 3019 Ystriani.
794 2946 990 3020 Antonium
1005 2946 1282 3032 Subdiaconum,
1294 2943 1504 3020 Dalmatini.

288 3056 481 3133 Iohannem
501 3058 702 3150 Notarium,
719 3059 917 3134 Illiriciam.
936 3059 1146 3136 Simachum
1164 3061 1406 3151 Defensorem,
1424 3062 1506 3133 Sar·

289 3172 404 3247 diniee.
429 3174 648 3248 Bonifatium
674 3175 875 3264 Notarium,
901 3175 1096 3250 Corsicani.
1122 3174 1374 3250 Pantaleonem
1399 3175 1507 3249 Nota·

291 3286 397 3374 rium,
415 3286 582 3382 Liguriae.
601 3288 850 3363 Hieronimum
868 3289 1111 3378 Defensorem,
1136 3288 1505 3387 Alpiumscottiarum.

291 3399 486 3499 Hylarium
505 3404 706 3494 Notarium,
723 3402 1002 3480 Germaniciani.
1016 3401 1218 3478 Candidum
1238 3400 1506 3499 Presbyterum,

294 3513 469 3590 Galicani.

790 3782 793 3787 .
855 3710 942 3794 Llll.

387 3961 585 4058 Gregorius
609 3964 776 4037 Ianuario
794 3962 1000 4039 Calaritono
1021 3962 1204 4064 Episcopo.
1222 3963 1426 4040 iudicatum
1452 3971 1507 4037 cst

293 4075 404 4164 nobie,
421 4074 513 4173 quod
538 4074 641 4151 laicis
658 4075 871 4174 quibusdam
898 4102 1022 4152 curam
1048 4080 1161 4154 vostri
1187 4078 1392 4177 patrimonii
1415 4100 1508 4153 com-

293 4188 486 4278 mittentes,
499 4188 719 4285 postmcdum
730 4189 767 4262 in
783 4190 999 4266 rusticorum
1013 4192 1173 4266 virorum
1187 4189 1508 4290 depredationibus,

293 4313 401 4400 atque
418 4328 481 4402 per
498 4302 565 4378 hoc
583 4302 855 4399 fatigationibus
880 4304 1017 4379 fuerint
1042 4305 1261 4405 deprehensi.
1281 4303 1379 4392 Quod
1404 4305 1435 4379 si
1457 4304 1508 4378 ita

292 4423 346 4490 cst
363 4414 526 4490 districte
543 4441 564 4488 a
581 4415 681 4489 robis
698 4416 830 4492 discuti
856 4421 1035 4509 convenit,
1052 4431 1159 4518 atque
1184 4422 1278 4496 inter
1302 4444 1361 4496 eos
1386 4421 1508 4496 aeccle·

294 4529 427 4632 sieque
444 4541 575 4609 vestroe
592 4532 745 4611 rusticos
761 4557 908 4611 causam
925 4534 1130 4614 examinare
1150 4533 1332 4626 subtilius,
1348 4542 1385 4610 et
1408 4535 1508 4636 quic·
