3608 5498
935 394 1127 458 -178-

975 603 1089 688 vnn.

581 802 631 854 Ex
649 801 782 855 concilio
801 800 988 855 sardicensi
1008 801 1091 856 ccc.
1111 802 1244 869 patrum
1262 816 1334 870 cap.
1354 806 1485 858 xxvn.

520 965 626 1039 osius
639 965 834 1063 Episcopus
847 964 947 1040 dixit.
965 966 1064 1053 Quod
1078 991 1134 1042 me
1148 968 1266 1043 adhuc
1281 978 1398 1043 mouet
1412 968 1561 1046 reticere
1574 995 1645 1045 non

423 1079 539 1155 debeo.
557 1080 595 1153 Si
612 1081 693 1178 quis
710 1079 905 1178 Episcopus
923 1079 1012 1155 sorte
1030 1079 1226 1155 iracundus
1252 1082 1345 1179 quod
1362 1106 1439 1157 esse
1457 1106 1525 1156 non
1545 1082 1647 1157 debet

424 1194 495 1269 cito
508 1204 544 1269 et
560 1219 684 1293 aspere
701 1202 966 1270 commoveatur
983 1195 1157 1269 adversus
1174 1194 1422 1292 presbyterum
1442 1195 1519 1270 sive
1532 1195 1648 1270 diaco·

423 1332 506 1394 ncmw
518 1334 637 1397 suum,
649 1317 685 1383 et
697 1307 937 1384 exterminare
948 1332 1030 1383 eum
1044 1308 1086 1382 dc
1100 1309 1262 1384 aeclesia
1281 1308 1446 1399 voluerit,
1462 1308 1648 1407 providen-

305 1519 307 1523 ἢ
423 1422 507 1502 dum
527 1431 580 1496 cst
597 1447 642 1496 ne
659 1421 830 1498 innocens
846 1421 1048 1509 damnetur,
1065 1432 1128 1497 aut
1145 1421 1269 1520 perdat
1286 1422 1583 1498 communionem.
1600 1426 1648 1497 Et

422 1533 499 1608 ideo
515 1535 643 1610 habeat
660 1544 869 1633 potestatem
887 1535 918 1610 is
930 1535 993 1634 qui
1006 1536 1167 1612 abiectus
1184 1546 1250 1626 est,
1268 1546 1310 1611 ut
1327 1536 1516 1635 Episcopus
1541 1536 1648 1611 finiti·

423 1672 499 1725 mos
515 1649 718 1746 interpellet
740 1660 781 1725 ut
797 1675 906 1726 causa
923 1649 1001 1724 eius
1018 1650 1197 1739 audiatur,
1213 1675 1257 1725 ac
1282 1649 1493 1746 diligentius
1518 1658 1647 1725 tracte·

426 1771 497 1853 tur,
515 1763 599 1861 quia
616 1788 687 1838 non
705 1771 819 1862 potest
835 1763 867 1838 ei
882 1787 1016 1860 negare
1029 1764 1248 1841 audientiam
1263 1765 1415 1860 roganti.
1429 1766 1475 1838 Et
1493 1763 1554 1838 ille
1566 1764 1648 1861 Epi-

421 1899 549 1974 scopus
565 1877 626 1974 qui
644 1877 738 1954 iuste
754 1886 818 1952 aut
834 1876 967 1952 iniuste
980 1901 1063 1952 eum
1075 1878 1216 1967 abiecit,
1230 1878 1406 1976 patienter
1419 1876 1587 1975 accipiat,
1604 1886 1647 1952 ut

423 1992 607 2086 negotium
626 1992 853 2081 discutiatur,
871 2000 911 2066 ut
929 1992 987 2067 vel
1005 1991 1170 2090 probetur
1187 1990 1365 2066 sententia
1390 1989 1468 2065 eius
1493 2014 1513 2062 a
1539 1990 1648 2087 pluri·

424 2103 504 2193 mis,
521 2105 579 2179 vel
598 2104 816 2181 emendetur.
829 2108 962 2180 Tamen
981 2104 1081 2203 prius
1098 2128 1205 2202 quam
1222 2104 1342 2177 omnia
1355 2102 1548 2198 diligenter
1560 2111 1597 2178 et
1611 2104 1649 2176 ti-

422 2218 549 2294 daliter
566 2220 831 2309 examinentur,
855 2245 938 2295 eum
963 2220 1024 2319 qui
1049 2220 1168 2294 fuerat
1192 2244 1213 2291 a
1238 2216 1485 2293 communione
1511 2240 1649 2314 separa·

423 2341 493 2421 tua,
510 2342 594 2408 aute
619 2333 861 2430 cognitionem
880 2333 1004 2408 nullus
1022 2355 1235 2431 presumere
1260 2329 1374 2421 debet,
1399 2340 1439 2403 ut
1456 2354 1538 2404 eum
1556 2353 1648 2404 com-

403 2507 405 2517 .
423 2445 586 2520 munioni
603 2446 725 2536 societ,
741 2447 779 2520 hi
796 2472 881 2524 vero
898 2447 960 2545 qui
977 2446 1198 2522 conveniunt
1214 2444 1259 2519 ad
1275 2443 1494 2519 audiendum
1508 2443 1539 2517 si
1553 2443 1650 2517 vide·

423 2559 497 2633 rint
514 2558 728 2634 clericorum
746 2584 823 2636 esse
837 2561 976 2657 sagium
994 2570 1031 2635 ct
1047 2559 1262 2657 superbiam,
1280 2558 1364 2657 quia
1386 2580 1456 2631 nou
1482 2558 1582 2633 decet
1607 2567 1649 2632 ut
1695 2563 1705 2577 '

424 2673 610 2770 episcopus
627 2673 796 2748 iniuriam
815 2672 874 2749 vel
888 2674 1141 2751 coutumeliam
1156 2673 1326 2770 patiatur,
1338 2671 1578 2747 severioribus
1590 2693 1649 2746 eos

422 2785 543 2867 verbis
568 2786 759 2883 castigent,
784 2796 826 2861 ut
849 2787 1015 2862 obediant
1043 2787 1191 2863 honesta
1220 2786 1441 2884 praecipienti
1467 2785 1648 2883 Episcopo

423 2898 516 2987 Quia
534 2898 630 2990 sicut
647 2898 709 2976 ille
730 2899 872 2977 clericis
897 2898 1067 2975 exhibere
1091 2899 1193 2975 debet
1218 2898 1380 2973 caritatis
1405 2920 1572 2987 amorem,
1596 2896 1648 2970 ita

421 3035 561 3112 quoque
579 3010 741 3087 vicissim
761 3012 917 3100 ministri
934 3012 1095 3089 infucata
1112 3011 1242 3108 debent
1267 3010 1440 3110 Episcopo
1464 3034 1529 3084 suo
1553 3009 1649 3085 exhi·

422 3111 504 3199 bere
522 3123 701 3223 obsequia.

1014 3311 1057 3395 X.

873 3508 922 3558 Ex
940 3505 1013 3559 eod.
1033 3469 1106 3573 cap.
1125 3509 1195 3560 xx.

518 3673 570 3744 Ea
587 3679 744 3766 tempora
761 3669 956 3745 constituta
970 3678 1056 3744 sunt
1068 3670 1165 3746 circa
1179 3669 1381 3768 Episcopos,
1398 3675 1434 3743 ct
1450 3667 1547 3742 circa
1566 3671 1647 3742 Pre-

422 3783 585 3883 sbyteros
601 3793 639 3858 ct
655 3783 839 3874 Diaconos,
856 3784 1089 3859 observentur
1107 3783 1214 3874 idom,
1227 3794 1268 3860 ut
1281 3808 1351 3858 non
1364 3784 1484 3859 absint
1499 3782 1576 3857 suis
1593 3806 1648 3855 eo

400 3910 402 3912 ’
423 3894 545 3971 olesiis
557 3896 673 3971 tribus
686 3895 907 3995 septimanis,
915 3907 1063 3994 excepta
1075 3898 1181 3994 gravi
1196 3897 1417 3974 necessitate.
1427 3897 1464 3971 Si
1478 3897 1560 3996 quis
1573 3920 1649 3994 prc-
1694 3932 1697 3937 ·

422 4009 547 4116 sbyter
563 4011 811 4111 antdiaconus
824 4011 869 4085 ab
885 4011 1046 4110 episcopo
1060 4034 1124 4086 suo
1136 4023 1361 4109 segregatur,
1374 4011 1471 4085 hunc
1484 4034 1554 4083 non
1568 4009 1650 4084 lice-

424 4147 463 4211 re
479 4123 525 4198 ab
541 4123 613 4199 alio
631 4123 751 4223 recipi,
768 4124 829 4199 sed
846 4123 890 4199 ab
907 4147 948 4198 eo
964 4124 1026 4222 qui
1041 4149 1121 4199 eum
1136 4134 1395 4222 segregaverat
1412 4122 1480 4196 uisi
1499 4121 1646 4196 forsitan

421 4234 548 4316 obierit
566 4237 753 4335 episcopus
770 4237 833 4335 qui
850 4262 932 4312 eum
951 4260 1164 4334 segregasse
1182 4237 1422 4334 cognoscitur.
