3608 5498
950 391 1104 452 ..4.-

415 514 508 612 quod
535 513 587 587 ita
605 537 642 587 se
665 511 806 586 habent.
824 508 983 607 Regulos
1001 520 1206 585 sanctorum
1235 514 1384 583 Petrum
1407 535 1469 608 per
1494 511 1641 608 singulo

414 652 512 703 nunc
537 651 650 724 usquc
675 624 829 701 coucilia
853 623 1048 701 constituta
1071 623 1251 720 proprium
1278 623 1384 698 robur
1408 623 1567 699 obtinere
1583 624 1641 701 de·

413 740 607 816 crevimus.
632 744 725 814 Nam
752 738 1041 815 chalcedonense
1060 738 1263 815 Concilium
1281 739 1372 837 quod
1394 765 1416 812 6
1442 739 1513 814 DC.
1531 741 1640 813 XXX

414 854 582 930 Patribus
595 855 663 929 sub
677 856 791 928 Leone
802 855 897 950 Papa
910 861 1055 948 gestum
1070 861 1135 939 cst,
1148 851 1225 926 eius
1237 850 1463 926 auctoritatis
1476 875 1519 927 ac
1533 852 1641 925 firmi-

412 968 562 1058 tudinis
575 980 616 1043 ut
633 967 796 1067 quisquis
809 967 887 1042 eius
905 965 1118 1040 soliditatem
1136 989 1206 1040 non
1224 976 1331 1054 tcnct,
1348 965 1542 1042 cuiuslibet
1555 967 1639 1043 vitae

413 1091 520 1180 atque
530 1082 681 1158 actionis
691 1081 822 1157 existat
832 1091 872 1153 ut
881 1080 1007 1155 beatus
1017 1081 1214 1175 Gregorius
1224 1081 1402 1168 ait,ctiam
1413 1081 1444 1154 si
1458 1080 1549 1178 lapis
1562 1107 1638 1158 esso

413 1195 581 1271 videatur
602 1208 704 1270 extra
729 1195 792 1271 Dei
806 1194 996 1269 aedificium
1018 1192 1121 1268 iacet.
1138 1194 1204 1268 Sed
1228 1193 1326 1269 etde
1346 1196 1560 1270 auctoritate
1582 1220 1639 1270 ca·

226 1274 231 1285 1
275 1340 337 1420 χ
413 1334 548 1386 nonum
563 1311 813 1411 Apostolorum
823 1311 885 1409 qui
895 1334 957 1409 per
967 1308 1188 1384 Clementem
1201 1310 1239 1380 lt.
1251 1308 1458 1383 Pontificem
1473 1308 1516 1381 de
1529 1332 1638 1404 greco

403 1425 450 1519 ,16
460 1424 614 1499 latinum
628 1425 794 1500 translati
808 1424 991 1510 dicuntur,
1001 1425 1159 1509 Quorum
1171 1420 1279 1494 etiam
1289 1419 1540 1496 auctoritatem
1552 1423 1634 1494 Vll¹

410 1533 628 1614 universalis
645 1540 805 1638 synodus
822 1543 971 1613 Petrum
987 1537 1088 1611 000.
1102 1539 1138 1610 L.
1151 1547 1188 1610 et
1201 1535 1294 1609 idem
1309 1536 1506 1632 Gregorius
1521 1535 1559 1610 in
1573 1560 1638 1612 suo

412 1653 567 1750 registro
584 1654 637 1728 uti
656 1654 809 1740 videtur,
826 1654 868 1728 de
881 1676 1004 1727 eorum
1019 1650 1165 1747 inquom
1180 1659 1216 1723 et
1229 1649 1469 1746 quorumlibet
1481 1650 1633 1725 aliorum

408 1791 588 1842 canonum
605 1768 828 1855 auctoritate,
849 1763 1061 1840 Anastasius
1080 1767 1245 1837 Romame
1264 1762 1436 1838 Ecclesiae
1454 1764 1638 1841 bibliothe-

410 1880 530 1955 carius
543 1881 580 1954 in
595 1881 740 1980 prologo
752 1880 910 1955 ciusdem
925 1879 1008 1951 VII‘
1026 1877 1222 1953 universali
1236 1878 1363 1976 synodi
1378 1902 1485 1976 quarn
1499 1879 1542 1953 (16
1555 1903 1636 1975 gre·

409 2017 450 2070 co
467 1994 505 2068 iu
522 1995 676 2070 latinum
693 1994 892 2083 transtulit,
908 1991 1058 2067 Iohanni
1081 1993 1168 2064 VIII
1190 1994 1295 2089 Papae
1319 1991 1369 2065 ito
1392 1993 1527 2067 scribit.
1544 1997 1636 2067 Prae·

409 2107 591 2183 decessore
609 2119 728 2183 vestro
745 2106 950 2182 beatissimo
967 2108 1063 2202 Papa
1081 2106 1271 2202 Stephano,
1288 2116 1324 2179 ct
1342 2107 1552 2204 Apostolatu
1579 2133 1637 2182 ve·

409 2229 483 2294 stro
499 2220 712 2295 decernente
729 2243 800 2294 non
817 2228 958 2293 tautum
978 2217 1068 2292 solos
1087 2219 1333 2316 Apostolorum
1357 2223 1385 2293 L
1406 2245 1560 2296 canones
1583 2246 1637 2297 ec·

409 2332 519 2408 616616
538 2333 674 2431 recipit,
689 2342 809 2430 utpote
822 2332 946 2407 tubam
960 2330 1117 2429 Spiritus
1131 2334 1266 2422 Sancti,
1279 2335 1339 2410 scd
1352 2335 1461 2410 etiam
1475 2336 1635 2409 omnium

407 2447 552 2521 omnino
576 2445 813 2544 probabilium
844 2456 998 2544 patrum,
1023 2456 1059 2518 et
1088 2458 1292 2535 sanctorum
1323 2447 1556 2524 conciliorum
1583 2475 1635 2524 rc·

409 2560 518 2655 gulas
535 2569 570 2634 et
588 2559 834 2633 institutiones
851 2557 1019 2644 admittit,
1038 2560 1119 2633 illas
1136 2560 1332 2647 dumtaxat,
1349 2587 1429 2660 queo
1445 2588 1512 2637 nec
1530 2576 1637 2638 recte

408 2672 501 2759 fidei,
519 2696 585 2747 nec
601 2671 705 2746 bonis
722 2672 880 2746 moribus
896 2671 1054 2761 obviant,
1066 2673 1127 2749 sed
1145 2700 1211 2748 nec
1225 2675 1326 2749 Sedis
1339 2679 1506 2751 Romanae
1519 2676 1636 2751 decre-

409 2787 456 2861 tis
472 2791 517 2861 ad
537 2787 713 2861 modicum
733 2786 818 2884 quid
837 2787 1014 2861 resultant
1031 2787 1115 2885 quio
1134 2788 1252 2885 potius
1268 2788 1502 2864 adversarios
1517 2798 1636 2885 poten·

407 2911 463 2974 ter
480 2899 709 2996 impugnant.
726 2899 905 2996 Epistulas
918 2912 1038 2975 autem
1053 2902 1249 2977 Clementis
1263 2903 1307 2977 ad
1322 2904 1489 2978 Iacobum
1507 2913 1633 2978 contra

408 3037 498 3111 quas
516 3014 660 3110 quidam
678 3015 819 3108 garrire
838 3014 1018 3102 videntur,
1035 3016 1237 3091 autenticas
1250 3017 1442 3091 ostendunt
1456 3040 1636 3092 successo·

408 3152 465 3202 res
482 3129 560 3202 eius
578 3129 777 3204 Anaeletus
794 3138 831 3204 et
848 3128 1052 3204 Alexander
1070 3139 1106 3203 et
1123 3129 1267 3227 quidam
1282 3130 1345 3202 alii
1359 3131 1549 3205 Pontifices
1562 3141 1632 3204 eta

407 3243 479 3316 Deo
496 3241 712 3317 Benedictus
731 3242 985 3318 monachorum
1003 3252 1103 3341 pater
1120 3244 1183 3340 qui
1199 3267 1243 3317 ex
1261 3242 1334 3317 illis
1353 3242 1634 3340 pluressentcn·

406 3353 476 3428 tias
493 3354 531 3427 in
548 3353 623 3427 suis
640 3353 785 3452 scriptis
802 3354 1042 3430 inseruerunt.
1068 3357 1137 3431 Sed
1162 3366 1198 3431 ct
1222 3357 1265 3431 (16
1290 3355 1503 3454 Apostolicae
1529 3355 1632 3430 Sedis

406 3466 618 3543 arroteritate
636 3467 696 3543 hle
714 3468 871 3566 plurima
888 3469 1064 3565 congessi.
1083 3470 1242 3556 Quodam
1260 3469 1369 3544 etiam
1393 3469 1435 3543 (16
1452 3467 1633 3566 opusculis

406 3579 500 3655 beati
519 3581 719 3656 Hierouimi
737 3582 845 3659 66166
862 3583 1043 3681 eloquium
1062 3593 1103 3657 ut
1120 3584 1352 3679 Augustinus
1370 3584 1412 3658 de
1429 3582 1537 3658 coeit
1554 3606 1634 3657 666-

406 3703 461 3767 tra
479 3692 673 3784 lulianum,
694 3695 739 3769 ab
757 3696 904 3770 Oriente
922 3696 960 3769 in
978 3696 1208 3772 Occidentem
1231 3696 1346 3770 instar
1363 3695 1447 3771 solis
1465 3693 1633 3789 refulget.

406 3806 564 3893 Quodam
583 3808 625 3883 de
642 3808 825 3906 opusculis
841 3808 1026 3886 beatorum
1045 3810 1232 3908 Cypriani,
1251 3808 1442 3895 Ambrosii,
1460 3806 1635 3903 Augusti·

405 3919 455 4008 ni,
477 3930 513 3995 et
538 3920 691 3996 aliorum
717 3934 871 4021 patrum.
894 3926 940 3997 Et
957 3923 1170 3999 omnimodis
1187 3947 1328 4021 operam
1348 3920 1503 4020 impendi
1523 3932 1563 3995 ut
1580 3947 1633 3995 es-

407 4043 489 4108 seut
513 4034 721 4133 plenissima
742 4035 955 4111 auctoritate
977 4060 1056 4133 quae
1078 4034 1138 4113 hic
1155 4035 1333 4132 congessi,
1350 4034 1518 4133 quoniam
1536 4033 1632 4108 sicut

405 4146 543 4245 aliquos
560 4149 689 4247 quibus
705 4148 782 4225 haeo
799 4149 983 4249 placerent
1005 4151 1055 4224 116
1078 4174 1148 4225 666
1170 4150 1354 4225 defuturos
1376 4148 1544 4246 quosdam
1570 4146 1632 4244 qni

406 4260 465 4336 his
482 4261 685 4339 inviderent
702 4288 772 4339 nou
790 4264 966 4361 ignoraui.
984 4268 1151 4339 Preterea
1168 4262 1357 4359 antiquum
1380 4260 1538 4334 ordinem
1564 4259 1634 4336 ele·

405 4373 535 4450 ctionis
556 4399 619 4449 seu
637 4376 914 4452 consecrationis
930 4377 1079 4451 Romani
1098 4373 1282 4449 Pontificis
1298 4382 1334 4448 et
1348 4372 1444 4449 Cleri
1457 4372 1536 4448 eins
1548 4372 1632 4448 huic

404 4486 500 4585 operi
519 4487 677 4563 inserere
693 4486 808 4562 libuit.
825 4491 918 4562 Nam
937 4487 1082 4586 quidam
1100 4485 1185 4560 olim
1206 4486 1245 4559 in
1271 4484 1336 4560 Dei
1362 4495 1398 4559 et
1423 4495 1630 4593 sanctorum
