3608 5498
1023 639 1060 721 0.

527 873 696 949 Gelasius
713 872 899 970 Aegilulfo
912 882 989 970 post
1001 880 1140 947 caetera.
1154 874 1282 946 Precor
1295 879 1427 956 autem,
1444 875 1485 941 ut
1499 867 1657 943 reculam

429 986 523 1063 beati
540 986 637 1062 Petri
656 986 814 1085 Apostoli
827 986 924 1060 intra
936 985 1134 1060 Dalmatius
1151 984 1382 1062 constitutam
1399 983 1583 1057 defensare
1608 981 1660 1056 di·

430 1101 607 1199 gnemini,
630 1111 667 1178 et
692 1127 772 1201 quae
796 1101 907 1194 vobis,
923 1101 982 1176 vel
999 1102 1110 1177 frater
1134 1111 1170 1176 et
1187 1099 1411 1199 eoepiscopus
1429 1121 1529 1172 meus
1545 1099 1662 1170 Hono-

431 1215 507 1289 rius
525 1239 588 1314 pro
605 1215 684 1291 eius
701 1216 858 1292 utilitate
880 1214 1142 1312 suggesserint,
1166 1213 1225 1288 vel
1251 1212 1486 1288 conductores
1511 1219 1658 1310 putave·

434 1328 508 1404 rint
529 1329 781 1421 intimandum,
806 1353 912 1428 quam
940 1329 1016 1405 fieri
1042 1336 1157 1426 potest
1180 1334 1347 1426 praestarc
1371 1324 1534 1400 iubeatis.
1558 1325 1656 1399 Idem

432 1442 600 1518 Ianuario
616 1452 695 1541 post
706 1454 834 1520 cetera.
847 1443 916 1518 Sed
929 1452 966 1519 et
977 1466 1105 1519 causas
1118 1441 1248 1539 quibus
1261 1439 1433 1526 beneficia
1445 1439 1541 1515 beati
1555 1438 1654 1514 Petri

431 1556 578 1654 apostoli
596 1557 804 1633 continuata
821 1557 1008 1655 percipias,
1025 1555 1175 1631 fidenter
1195 1554 1357 1651 iniungo.
1374 1558 1515 1629 Prestet
1539 1553 1656 1651 igitur

432 1678 496 1743 tua
512 1668 692 1759 nobilitas,
714 1678 756 1744 ut
774 1669 880 1745 rebus
897 1694 1092 1768 pauperum
1111 1669 1190 1744 eius
1206 1667 1382 1743 auxilium
1404 1668 1659 1744 defensionem-

437 1805 506 1880 que
520 1782 699 1873 eonoedat,
709 1791 744 1856 et
761 1784 993 1859 conductores
1002 1807 1123 1858 earum
1136 1782 1192 1879 pio
1200 1781 1322 1856 lavore
1334 1790 1489 1870 tueatur,
1497 1791 1539 1856 ut
1551 1780 1658 1856 vicis·

435 1894 627 1971 citudinem
641 1897 879 1994 praestitorum
893 1896 1069 1973 abeodem
1086 1895 1235 1993 recipiat
1251 1905 1538 1993 consequentem,
1551 1896 1657 1972 ouius

432 2008 585 2084 morittis
602 2017 638 2084 et
649 2007 774 2083 honori
789 2010 938 2086 devotus
952 2009 1021 2084 ista
1038 2009 1213 2106 dependit.
1225 2009 1324 2085 Idem
1339 2009 1508 2084 Firminae
1521 2009 1656 2083 illustri

432 2123 575 2200 feminae
592 2134 670 2223 post
686 2134 814 2200 cetera.
832 2125 888 2199 Ad
905 2125 1092 2200 cumulum
1111 2146 1195 2198 vero
1214 2122 1387 2199 mercedis
1403 2133 1533 2198 vestroe
1550 2122 1658 2224 perti-

431 2260 517 2311 nere
534 2236 776 2312 certissimum
791 2248 855 2327 est,
873 2236 904 2309 si
922 2237 1085 2334 proesidia
1103 2262 1182 2336 qum
1199 2236 1258 2312 vel
1275 2263 1297 2311 a
1313 2237 1473 2312 barbaris
1490 2236 1548 2312 vel
1565 2263 1586 2310 a
1605 2261 1658 2313 ro·

434 2349 551 2423 manis
559 2349 854 2426 inconvenienter
867 2349 993 2425 invasa
1001 2359 1097 2442 sunt,
1107 2351 1237 2427 vestris
1250 2351 1539 2451 dispositionibus
1548 2374 1658 2448 egen·

432 2462 525 2537 tium
537 2462 653 2538 victui
669 2462 916 2538 reformentur.
929 2463 1043 2540 Cuius
1055 2473 1156 2539 tanta
1169 2464 1211 2540 de
1224 2464 1419 2562 provinciis
1432 2464 1655 2563 diversisque

431 2574 605 2651 bellorum
622 2574 722 2651 clade
739 2585 877 2652 vastate
890 2586 986 2667 sunt,
1000 2579 1109 2653 Roma
1127 2578 1318 2654 multitudo
1336 2579 1519 2669 confluxit,
1536 2589 1578 2656 ut
1591 2580 1658 2653 vix

433 2688 467 2764 ei
483 2690 556 2763 Deo
573 2697 664 2763 teste
673 2688 837 2765 sufficere
850 2690 1044 2765 veleamus.
1058 2693 1274 2791 conspicitis
1286 2718 1373 2790 ergo
1385 2705 1561 2792 quantum
1574 2692 1657 2769 boni

433 2801 549 2900 operis
565 2801 761 2899 acquiratis
777 2802 809 2877 si
827 2802 928 2879 beato
945 2807 1050 2880 Petro
1069 2805 1235 2904 Apostolo
1260 2807 1391 2908 proedia
1409 2830 1488 2905 quae
1512 2829 1658 2904 prosus

436 2915 589 3014 quisque
605 2915 726 2991 animo
743 2917 906 3010 eontulit,
931 2928 1050 2995 vestro
1073 2921 1295 3018 postmodum
1321 2920 1482 3018 proesidio
1506 2919 1657 2994 liberato

436 3028 640 3105 reddentur.
657 3029 772 3105 Cuius
791 3029 1049 3107 benedictionis
1072 3032 1245 3130 eulogias,
1270 3057 1360 3132 quas
1385 3057 1447 3132 pro
1470 3032 1656 3110 affectione

437 3141 562 3234 direxi,
578 3153 659 3244 peto
675 3154 717 3221 ut
732 3153 839 3243 grato
855 3146 1037 3247 suscipere
1054 3157 1172 3224 mento
1189 3147 1360 3246 digneris.

1016 3373 1070 3459 01.

530 3584 706 3662 Gelasius.
715 3587 904 3663 Actoribus
913 3588 1047 3665 Urbici.
1057 3588 1205 3664 Constat
1214 3611 1277 3665 vos
1286 3589 1450 3666 intulisse
1461 3591 1658 3668 rationibus

434 3699 605 3776 aeoelesiae
621 3724 666 3776 ex
683 3702 908 3802 praeststione
925 3703 1027 3778 fundi
1045 3702 1215 3779 Claeulas
1231 3728 1337 3802 quem
1354 3705 1601 3781 conductionis
1614 3706 1657 3781 ti·

434 3813 529 3889 tulos
541 3813 686 3906 teneris,
695 3815 738 3890 de
751 3816 930 3892 fructibus
938 3816 1024 3892 anni
1038 3842 1065 3890 s.
1077 3815 1285 3890 consulatus
1298 3816 1444 3909 Asterii,
1457 3827 1493 3891 et
1505 3817 1656 3894 Presidii

437 3931 518 4004 VV.
532 3928 603 4004 CO.
619 3927 662 4004 de
677 3928 866 4006 interdicto
879 3933 931 4005 lll
944 3929 1023 4005 auri
1038 3928 1136 4004 solid.
1152 3932 1270 4004 XXX.
1283 3930 1414 4005 Notavi
1436 3934 1470 4004 V
1488 3930 1568 4005 Kal.
1587 3937 1660 4005 Au·

438 4040 539 4137 gusti
553 4039 689 4130 Flavio,
698 4041 844 4118 Victore
862 4044 959 4120 Coss.
972 4043 1069 4118 Idem
1084 4041 1321 4119 Vincomalos.
1332 4045 1481 4120 Constat
1492 4042 1658 4120 intulisse

437 4162 474 4229 te
488 4153 685 4229 rationibus
697 4154 869 4231 aecclesiae
885 4182 930 4234 cx
942 4154 1166 4255 praestatione
1179 4155 1281 4230 fundi
1295 4180 1399 4255 quem
1414 4157 1660 4233 conductionis

433 4263 542 4341 titulo
560 4278 661 4341 tenes
678 4266 720 4342 dc
736 4267 916 4344 fructibus
932 4269 1030 4358 unni,
1054 4268 1262 4344 consulatus
1289 4270 1422 4347 Asturii
1439 4280 1476 4347 et
1496 4272 1660 4346 Praesidii

436 4378 517 4451 VV.
541 4375 611 4453 OC.
636 4376 761 4455 deinde
784 4381 836 4454 111
860 4380 940 4454 auri
957 4380 1057 4458 solid.
1074 4407 1223 4459 numero
1243 4385 1362 4459 XXX.
1386 4385 1517 4461 Notaui
1541 4383 1598 4461 die
1624 4389 1659 4459 V

423 4487 516 4564 .Kol.
533 4490 704 4588 Augusti.
815 4561 818 4565 .
855 4561 875 4570 .,
908 4561 912 4568 .
