3608 5498
804 424 1000 486 -113-

288 549 327 621 in
344 547 506 624 Ecclesia
524 547 739 622 Siracusana
757 545 1003 621 Subdiaconus
1020 545 1150 634 factus,
1166 556 1274 643 atque
1295 568 1316 616 a
1334 555 1369 619 te
1391 554 1510 643 postea

289 663 328 735 in
345 661 558 760 professione
576 687 655 759 quae
671 673 822 735 vocatur
838 658 979 734 Iuliana
998 658 1192 757 Presbyter
1216 658 1349 733 dicitur
1374 659 1513 733 ordina·

288 790 348 849 tus
365 776 416 849 ita
433 774 544 847 nimia
562 774 711 848 tristitia
723 783 759 848 et
771 773 840 847 loci
855 771 1028 870 qualitate
1047 771 1276 847 vehementer
1289 772 1457 862 afflictus,
1471 783 1512 846 ut

289 889 403 962 vitam
415 888 481 962 sibi
492 912 619 985 penam
629 886 841 974 exsistimot,
852 885 1119 961 etcontritionis
1128 886 1443 984 suaequaeratfuge
1452 911 1513 959 au·

289 1003 429 1076 xilium.
446 1006 494 1077 Et
510 1003 586 1077 ideo
602 1001 687 1101 quia
703 1000 794 1074 tales
811 1024 899 1096 erga
916 999 1093 1075 subiectos
1106 1011 1245 1074 nostros
1258 1000 1426 1075 debemus
1438 1000 1510 1074 exi·

290 1127 395 1206 stare,
408 1116 532 1215 quales
545 1140 609 1190 nos
622 1117 651 1190 si
666 1116 818 1191 subiecti
832 1114 1026 1189 fuissemus
1038 1125 1177 1190 nostros
1191 1115 1419 1189 volueramus
1436 1138 1512 1189 esse

290 1230 494 1328 propositos,
512 1253 643 1326 magne
659 1229 897 1325 benignitatis
910 1238 976 1316 ost,
989 1230 1017 1301 si
1033 1254 1114 1303 eum
1133 1229 1171 1301 in
1189 1227 1339 1304 ecclesia
1354 1228 1414 1302 ubi
1433 1227 1515 1301 sub·

295 1341 449 1418 diaconii
466 1354 521 1418 est
537 1343 685 1417 functus
702 1343 816 1417 officio
833 1342 1006 1417 sanctitas
1022 1353 1085 1418 tua
1103 1343 1283 1431 reducere,
1307 1353 1414 1440 atque
1439 1342 1515 1418 illic

290 1455 540 1555 presbyterum
559 1457 736 1531 studuerit
753 1458 971 1532 constituere
989 1457 1219 1533 cardinalem.
1233 1458 1331 1545 Quod
1346 1468 1381 1532 et
1394 1457 1512 1532 facere

241 1603 244 1607 ’
290 1579 466 1669 quantum
480 1570 698 1644 arbitramur
710 1568 967 1656 debes,sinihil
980 1579 1035 1644 est
1048 1571 1139 1668 quod
1151 1570 1246 1645 insto
1259 1580 1383 1646 contra
1395 1571 1513 1668 ipsum

288 1684 427 1758 animos
443 1695 523 1758 tuos
540 1695 736 1783 exasperet.
755 1686 793 1758 Si
811 1708 897 1759 vero
909 1683 1030 1781 aliqua
1044 1684 1150 1782 culpa
1163 1696 1228 1772 est,
1243 1686 1319 1759 suis
1332 1685 1433 1759 nobis
1447 1684 1514 1759 hoc

288 1798 448 1895 epistolis
464 1799 672 1874 fraternitas
688 1810 752 1874 tna
770 1809 811 1874 ut
828 1801 918 1875 scire
936 1801 1112 1898 possimus
1129 1801 1300 1875 insinuet.

830 2029 962 2112 onxll.

386 2255 583 2350 Gregorius
600 2257 791 2330 Universis
808 2255 992 2354 Episcopis
1017 2279 1078 2353 per
1105 2255 1312 2330 universam
1336 2255 1513 2354 Syciliam

290 2370 506 2444 constitutis.
523 2370 637 2444 Valde
653 2370 894 2444 necessarium
913 2395 989 2444 esse
1007 2370 1269 2468 perspeximus
1287 2379 1328 2445 ut
1345 2371 1440 2446 sicut
1457 2372 1515 2445 de·

291 2506 473 2559 cessurum
487 2493 687 2558 nostrorum
703 2484 773 2558 fuit
786 2483 972 2572 iudicium,
985 2485 1036 2557 ita
1050 2484 1114 2557 uni
1127 2484 1356 2584 eiusdemque
1369 2508 1516 2582 persone

291 2597 410 2671 omnia
423 2598 647 2686 comitamus,
663 2607 699 2673 et
716 2597 776 2672 ubi
789 2623 853 2672 nos
867 2609 1059 2696 praesentes
1071 2623 1148 2673 esse
1161 2623 1231 2673 non
1245 2622 1444 2697 possumne,
1456 2620 1517 2673 no·

292 2723 366 2784 stra
386 2736 447 2809 per
464 2736 546 2786 eum
563 2712 623 2786 cui
641 2713 867 2810 precipimus
884 2724 1158 2813 repraesentetur
1170 2715 1374 2790 auctoritas.
1387 2718 1518 2802 Quam·

290 2823 409 2898 obrem
436 2828 542 2899 Petro
567 2825 789 2900 Subdiacono
807 2827 908 2900 Sedis
931 2839 1070 2917 nostrae,
1096 2831 1190 2903 intra
1208 2829 1429 2927 provinciam
1448 2830 1518 2924 Sy·

292 2937 412 3011 ciliam
427 2937 543 3013 vicem
556 2948 713 3012 nostram
728 2941 800 3014 Deo
812 2941 1011 3018 auxiliante
1025 2944 1280 3018 commisimus.
1293 2946 1369 3017 Nec
1383 2941 1460 3016 eius
1473 2941 1516 3015 dc

291 3051 433 3126 actibus
450 3053 614 3129 dubitare
631 3078 830 3152 possumus,
846 3057 907 3131 cui
926 3056 997 3130 Deo
1018 3056 1221 3131 auxiliante
1245 3067 1358 3130 totum
1386 3064 1516 3127 nostrae

294 3166 466 3241 oecclesiae
479 3167 660 3242 noscimus
673 3169 925 3266 patrimonium
940 3169 1273 3245 commisisselllud
1286 3190 1425 3266 quoque
1439 3166 1516 3241 fieri
1618 3185 1621 3189 ’

293 3278 420 3355 debere
438 3280 682 3377 perspeximus
696 3292 738 3356 ut
750 3283 859 3358 semol
874 3307 1085 3380 perannum
1099 3284 1143 3358 ad
1157 3286 1424 3382 Syracusanam
1439 3280 1517 3354 sivo

293 3392 569 3467 Cathenensium
597 3394 794 3482 ciuitatem,
813 3396 1068 3472 universaliter
1093 3396 1222 3471 honore
1248 3395 1340 3493 quod
1362 3393 1516 3490 dignum

293 3514 347 3580 ost
368 3504 464 3580 sicut
480 3505 595 3582 eidem
613 3508 796 3598 iussimus,
813 3510 1023 3585 fraternitas
1040 3521 1160 3586 restra
1178 3509 1378 3597 conveniat,
1395 3516 1518 3606 quate·

193 3714 198 3721 Ι
293 3643 362 3693 nus
377 3619 423 3694 ad
440 3620 633 3696 utilitatem
659 3646 738 3720 quae
756 3624 949 3720 provinciae
971 3624 1084 3721 ipsius
1110 3624 1417 3720 ecclesiarumque
1442 3645 1518 3718 per·

293 3731 409 3807 tinent
424 3733 501 3808 sive
519 3733 563 3809 ad
581 3735 830 3811 necessitatem
850 3760 1046 3835 pauperum
1065 3759 1383 3835 oppressorumque
1401 3733 1518 3809 suble·

294 3847 410 3920 nanda
427 3848 485 3921 vel
503 3850 548 3923 ad
564 3850 840 3926 admonitionem
858 3850 1018 3925 omnium
1044 3861 1151 3949 atque
1177 3874 1329 3949 quorum
1351 3872 1518 3923 excessus

293 3961 486 4057 contigerit
510 3962 786 4066 demonstrandi,
808 3988 970 4060 congrua
990 3991 1074 4041 curn
1096 3967 1217 4041 eodem
1244 3969 1349 4040 Petro
1369 3961 1518 4038 Subdin-

297 4096 385 4148 cono
402 4075 504 4150 Sedis
520 4088 651 4151 nostre
667 4077 826 4152 debeatis
843 4079 1081 4154 moderatione
1100 4079 1294 4176 disponere.

830 4241 982 4325 ctxlss.

388 4411 587 4507 Gregorius
610 4410 747 4507 Hylaro
774 4411 946 4486 monacho
973 4410 1113 4485 Africae.
1140 4410 1385 4487 Felicissimus
1409 4420 1518 4509 atque

293 4524 510 4599 Vincentius
526 4523 675 4600 Diaconi
693 4524 864 4600 Ecclesia
880 4523 1079 4598 Lamiensis
1102 4523 1220 4598 oblata
1244 4524 1413 4622 petitione
1437 4548 1518 4622 quae

1071 4640 1082 4661 ··
1319 4640 1336 4691 a
