<?xml version="1.0" encoding="UTF-8"?>
<!DOCTYPE html PUBLIC "-//W3C//DTD XHTML 1.0 Transitional//EN"
    "http://www.w3.org/TR/xhtml1/DTD/xhtml1-transitional.dtd">
<html xmlns="http://www.w3.org/1999/xhtml" xml:lang="en" lang="en">
 <head>
  <title>
</title>
<meta http-equiv="Content-Type" content="text/html;charset=utf-8" />
  <meta name='ocr-system' content='tesseract 3.04.00' />
  <meta name='ocr-capabilities' content='ocr_page ocr_carea ocr_par ocr_line ocrx_word'/>
</head>
<body>
  <div class='ocr_page' id='page_1' title='image "./collectiocanonu00deusgoog_0276.png"; bbox 0 0 3608 5498; ppageno 0'>
   <div class='ocr_carea' id='block_1_1' title="bbox 151 414 1374 1315">
    <p class='ocr_par' dir='ltr' id='par_1_1' title="bbox 662 414 860 475">
     <span class='ocr_line' id='line_1_1' title="bbox 662 414 860 475; baseline -0.005 0"><span class='ocrx_word' id='word_1_1' title='bbox 662 443 702 458; x_wconf 91' lang='lat'><em>-</em></span> <span class='ocrx_word' id='word_1_2' title='bbox 728 414 794 475; x_wconf 79' lang='lat'><strong>245</strong></span> <span class='ocrx_word' id='word_1_3' title='bbox 819 446 860 458; x_wconf 97' lang='lat'><em>-</em></span> 
     </span>
    </p>

    <p class='ocr_par' dir='ltr' id='par_1_2' title="bbox 151 529 1374 1315">
     <span class='ocr_line' id='line_1_2' title="bbox 155 529 1373 632; baseline 0.001 -25"><span class='ocrx_word' id='word_1_4' title='bbox 155 533 231 632; x_wconf 90' lang='lat' dir='ltr'><strong>pria</strong></span> <span class='ocrx_word' id='word_1_5' title='bbox 250 533 463 608; x_wconf 87' lang='lat' dir='ltr'><strong>monasteria</strong></span> <span class='ocrx_word' id='word_1_6' title='bbox 488 534 702 623; x_wconf 80' lang='lat' dir='ltr'><strong>deserentes,</strong></span> <span class='ocrx_word' id='word_1_7' title='bbox 718 531 789 605; x_wconf 91' lang='lat' dir='ltr'><strong>nisi</strong></span> <span class='ocrx_word' id='word_1_8' title='bbox 814 531 923 606; x_wconf 86' lang='lat' dir='ltr'><strong>sortes</strong></span> <span class='ocrx_word' id='word_1_9' title='bbox 947 529 1000 606; x_wconf 90' lang='lat' dir='ltr'><strong>eis</strong></span> <span class='ocrx_word' id='word_1_10' title='bbox 1025 530 1279 630; x_wconf 69' lang='lat' dir='ltr'><strong>praecipiantur</strong></span> <span class='ocrx_word' id='word_1_11' title='bbox 1296 555 1373 630; x_wconf 82' lang='lat' dir='ltr'><strong>pro</strong></span> 
     </span>
     <span class='ocr_line' id='line_1_3' title="bbox 152 643 1371 748; baseline 0 -26"><span class='ocrx_word' id='word_1_12' title='bbox 152 657 229 748; x_wconf 90' lang='lat' dir='ltr'><strong>pter</strong></span> <span class='ocrx_word' id='word_1_13' title='bbox 246 669 334 744; x_wconf 89' lang='lat' dir='ltr'><strong>opus</strong></span> <span class='ocrx_word' id='word_1_14' title='bbox 351 645 591 721; x_wconf 87' lang='lat' dir='ltr'><strong>necessarium</strong></span> <span class='ocrx_word' id='word_1_15' title='bbox 608 644 832 744; x_wconf 89' lang='lat' dir='ltr'><strong>abepiscopo</strong></span> <span class='ocrx_word' id='word_1_16' title='bbox 852 644 1022 721; x_wconf 84' lang='lat' dir='ltr'><strong>civitatis.</strong></span> <span class='ocrx_word' id='word_1_17' title='bbox 1039 643 1192 719; x_wconf 91' lang='lat' dir='ltr'><strong>Nullum</strong></span> <span class='ocrx_word' id='word_1_18' title='bbox 1216 670 1303 721; x_wconf 82' lang='lat' dir='ltr'><strong>vero</strong></span> <span class='ocrx_word' id='word_1_19' title='bbox 1319 671 1371 723; x_wconf 91' lang='lat' dir='ltr'><strong>re·</strong></span> 
     </span>
     <span class='ocr_line' id='line_1_4' title="bbox 152 757 1374 858; baseline -0.001 -23"><span class='ocrx_word' id='word_1_20' title='bbox 152 759 270 858; x_wconf 83' lang='lat' dir='ltr'>cipere</span> <span class='ocrx_word' id='word_1_21' title='bbox 288 783 433 833; x_wconf 90' lang='lat' dir='ltr'><strong>servum</strong></span> <span class='ocrx_word' id='word_1_22' title='bbox 451 769 598 858; x_wconf 89' lang='lat' dir='ltr'><strong>optentu</strong></span> <span class='ocrx_word' id='word_1_23' title='bbox 621 759 796 848; x_wconf 85' lang='lat' dir='ltr'><strong>monachi,</strong></span> <span class='ocrx_word' id='word_1_24' title='bbox 815 769 943 858; x_wconf 83' lang='lat' dir='ltr'><strong>praeter</strong></span> <span class='ocrx_word' id='word_1_25' title='bbox 968 758 1025 834; x_wconf 92' lang='lat' dir='ltr'><strong>sui</strong></span> <span class='ocrx_word' id='word_1_26' title='bbox 1042 757 1174 834; x_wconf 91' lang='lat' dir='ltr'><strong>domiui</strong></span> <span class='ocrx_word' id='word_1_27' title='bbox 1191 759 1374 835; x_wconf 89' lang='lat' dir='ltr'><strong>couscien-</strong></span> 
     </span>
     <span class='ocr_line' id='line_1_5' title="bbox 152 871 1372 968; baseline 0 -21"><span class='ocrx_word' id='word_1_28' title='bbox 152 872 250 947; x_wconf 86' lang='lat' dir='ltr'><strong>tiam.</strong></span> <span class='ocrx_word' id='word_1_29' title='bbox 268 873 606 968; x_wconf 88' lang='lat' dir='ltr'><strong>Transgredientem</strong></span> <span class='ocrx_word' id='word_1_30' title='bbox 632 895 717 948; x_wconf 86' lang='lat' dir='ltr'><strong>vero</strong></span> <span class='ocrx_word' id='word_1_31' title='bbox 734 873 830 949; x_wconf 88' lang='lat' dir='ltr'><strong>hano</strong></span> <span class='ocrx_word' id='word_1_32' title='bbox 854 871 1104 948; x_wconf 89' lang='lat' dir='ltr'><strong>diffinitionem</strong></span> <span class='ocrx_word' id='word_1_33' title='bbox 1126 883 1296 964; x_wconf 87' lang='lat' dir='ltr'><strong>nostram,</strong></span> <span class='ocrx_word' id='word_1_34' title='bbox 1312 899 1372 950; x_wconf 82' lang='lat' dir='ltr'><strong>ex·</strong></span> 
     </span>
     <span class='ocr_line' id='line_1_6' title="bbox 151 985 1372 1084; baseline -0.001 -21"><span class='ocrx_word' id='word_1_35' title='bbox 151 987 455 1063; x_wconf 84' lang='lat' dir='ltr'><strong>communicatum</strong></span> <span class='ocrx_word' id='word_1_36' title='bbox 468 1012 545 1063; x_wconf 90' lang='lat' dir='ltr'><strong>esse</strong></span> <span class='ocrx_word' id='word_1_37' title='bbox 562 987 799 1077; x_wconf 82' lang='lat' dir='ltr'><strong>decrevimus,</strong></span> <span class='ocrx_word' id='word_1_38' title='bbox 808 1011 853 1063; x_wconf 91' lang='lat' dir='ltr'><strong>ue</strong></span> <span class='ocrx_word' id='word_1_39' title='bbox 870 1011 998 1063; x_wconf 92' lang='lat' dir='ltr'><strong>nomeu</strong></span> <span class='ocrx_word' id='word_1_40' title='bbox 1012 986 1078 1062; x_wconf 91' lang='lat' dir='ltr'><strong>Dei</strong></span> <span class='ocrx_word' id='word_1_41' title='bbox 1096 985 1372 1084; x_wconf 81' lang='lat' dir='ltr'>blasphemetur.</span> 
     </span>
     <span class='ocr_line' id='line_1_7' title="bbox 152 1101 1372 1199; baseline 0.002 -26"><span class='ocrx_word' id='word_1_42' title='bbox 152 1105 408 1177; x_wconf 82' lang='lat' dir='ltr'><strong>Verumtamen</strong></span> <span class='ocrx_word' id='word_1_43' title='bbox 427 1101 630 1199; x_wconf 89' lang='lat' dir='ltr'><strong>episcopum</strong></span> <span class='ocrx_word' id='word_1_44' title='bbox 652 1101 813 1177; x_wconf 88' lang='lat' dir='ltr'><strong>civitatis</strong></span> <span class='ocrx_word' id='word_1_45' title='bbox 840 1102 1009 1180; x_wconf 92' lang='lat' dir='ltr'><strong>convenit</strong></span> <span class='ocrx_word' id='word_1_46' title='bbox 1025 1109 1282 1199; x_wconf 75' lang='lat' dir='ltr'><strong>competentem</strong></span> <span class='ocrx_word' id='word_1_47' title='bbox 1301 1125 1372 1176; x_wconf 85' lang='lat' dir='ltr'><strong>mo</strong></span> 
     </span>
     <span class='ocr_line' id='line_1_8' title="bbox 155 1214 826 1315; baseline 0.001 -25"><span class='ocrx_word' id='word_1_48' title='bbox 155 1214 391 1291; x_wconf 78' lang='lat' dir='ltr'><strong>austeriorum</strong></span> <span class='ocrx_word' id='word_1_49' title='bbox 411 1215 671 1315; x_wconf 87' lang='lat' dir='ltr'><strong>providentiam</strong></span> <span class='ocrx_word' id='word_1_50' title='bbox 689 1241 826 1314; x_wconf 88' lang='lat' dir='ltr'><strong>gerere.</strong></span> 
     </span>
    </p>
   </div>
   <div class='ocr_carea' id='block_1_2' title="bbox 725 1417 786 1502">
    <p class='ocr_par' dir='ltr' id='par_1_3' title="bbox 725 1417 786 1502">
     <span class='ocr_line' id='line_1_9' title="bbox 725 1417 786 1502; baseline -0.016 0"><span class='ocrx_word' id='word_1_51' title='bbox 725 1417 786 1502; x_wconf 75' lang='lat' dir='ltr'><strong>VI.</strong></span> 
     </span>
    </p>
   </div>
   <div class='ocr_carea' id='block_1_3' title="bbox 394 1621 1127 1698">
    <p class='ocr_par' dir='ltr' id='par_1_4' title="bbox 394 1621 1127 1698">
     <span class='ocr_line' id='line_1_10' title="bbox 394 1621 1127 1698; baseline -0.004 -23"><span class='ocrx_word' id='word_1_52' title='bbox 394 1625 445 1676; x_wconf 75' lang='lat' dir='ltr'><strong>Ex</strong></span> <span class='ocrx_word' id='word_1_53' title='bbox 462 1624 525 1698; x_wconf 23' lang='lat' dir='ltr'><strong>vn·</strong></span> <span class='ocrx_word' id='word_1_54' title='bbox 541 1622 671 1688; x_wconf 80' lang='lat' dir='ltr'><strong>synodo</strong></span> <span class='ocrx_word' id='word_1_55' title='bbox 690 1622 791 1676; x_wconf 80' lang='lat' dir='ltr'><strong>cCOL</strong></span> <span class='ocrx_word' id='word_1_56' title='bbox 809 1621 944 1675; x_wconf 81' lang='lat' dir='ltr'><strong>Petrum</strong></span> <span class='ocrx_word' id='word_1_57' title='bbox 962 1632 1034 1686; x_wconf 82' lang='lat' dir='ltr'><strong>esp.</strong></span> <span class='ocrx_word' id='word_1_58' title='bbox 1054 1622 1127 1673; x_wconf 91' lang='lat'>1111.</span> 
     </span>
    </p>
   </div>
   <div class='ocr_carea' id='block_1_4' title="bbox 146 1782 1370 3480">
    <p class='ocr_par' dir='ltr' id='par_1_5' title="bbox 146 1782 1370 3480">
     <span class='ocr_line' id='line_1_11' title="bbox 246 1782 1370 1881; baseline -0.004 -19"><span class='ocrx_word' id='word_1_59' title='bbox 246 1788 450 1863; x_wconf 86' lang='lat' dir='ltr'><strong>Predicator</strong></span> <span class='ocrx_word' id='word_1_60' title='bbox 465 1784 635 1861; x_wconf 82' lang='lat' dir='ltr'><strong>aecclesiae</strong></span> <span class='ocrx_word' id='word_1_61' title='bbox 651 1784 788 1859; x_wconf 88' lang='lat' dir='ltr'><strong>Paulus</strong></span> <span class='ocrx_word' id='word_1_62' title='bbox 800 1782 946 1858; x_wconf 89' lang='lat' dir='ltr'><strong>divinus</strong></span> <span class='ocrx_word' id='word_1_63' title='bbox 963 1784 1141 1881; x_wconf 85' lang='lat' dir='ltr'><strong>apostolus</strong></span> <span class='ocrx_word' id='word_1_64' title='bbox 1157 1807 1200 1860; x_wconf 87' lang='lat' dir='ltr'><strong>uo</strong></span> <span class='ocrx_word' id='word_1_65' title='bbox 1217 1783 1249 1858; x_wconf 92' lang='lat' dir='ltr'><strong>si</strong></span> <span class='ocrx_word' id='word_1_66' title='bbox 1266 1805 1370 1860; x_wconf 83' lang='lat' dir='ltr'><strong>cano</strong></span> 
     </span>
     <span class='ocr_line' id='line_1_12' title="bbox 149 1895 1370 1998; baseline -0.004 -24"><span class='ocrx_word' id='word_1_67' title='bbox 149 1927 232 1977; x_wconf 92' lang='lat' dir='ltr'><strong>nem</strong></span> <span class='ocrx_word' id='word_1_68' title='bbox 249 1923 383 1998; x_wconf 92' lang='lat' dir='ltr'><strong>ponens</strong></span> <span class='ocrx_word' id='word_1_69' title='bbox 399 1896 635 1997; x_wconf 81' lang='lat' dir='ltr'><strong>Ephesiorum</strong></span> <span class='ocrx_word' id='word_1_70' title='bbox 653 1896 872 1996; x_wconf 83' lang='lat' dir='ltr'><strong>presbyteris</strong></span> <span class='ocrx_word' id='word_1_71' title='bbox 891 1895 1000 1971; x_wconf 90' lang='lat' dir='ltr'><strong>immo</strong></span> <span class='ocrx_word' id='word_1_72' title='bbox 1017 1920 1100 1972; x_wconf 90' lang='lat' dir='ltr'><strong>vero</strong></span> <span class='ocrx_word' id='word_1_73' title='bbox 1117 1905 1153 1972; x_wconf 91' lang='lat' dir='ltr'><strong>et</strong></span> <span class='ocrx_word' id='word_1_74' title='bbox 1169 1895 1265 1971; x_wconf 92' lang='lat' dir='ltr'><strong>omui</strong></span> <span class='ocrx_word' id='word_1_75' title='bbox 1289 1920 1370 1970; x_wconf 87' lang='lat' dir='ltr'><strong>san-</strong></span> 
     </span>
     <span class='ocr_line' id='line_1_13' title="bbox 150 2010 1369 2112; baseline -0.004 -23"><span class='ocrx_word' id='word_1_76' title='bbox 150 2024 218 2090; x_wconf 77' lang='lat' dir='ltr'><strong>ctae</strong></span> <span class='ocrx_word' id='word_1_77' title='bbox 231 2012 459 2112; x_wconf 81' lang='lat' dir='ltr'><strong>plenitudini,</strong></span> <span class='ocrx_word' id='word_1_78' title='bbox 468 2011 518 2086; x_wconf 85' lang='lat' dir='ltr'><strong>ita</strong></span> <span class='ocrx_word' id='word_1_79' title='bbox 532 2010 747 2087; x_wconf 85' lang='lat' dir='ltr'><strong>fiducialiter</strong></span> <span class='ocrx_word' id='word_1_80' title='bbox 760 2012 950 2111; x_wconf 91' lang='lat' dir='ltr'><strong>perhibuit.</strong></span> <span class='ocrx_word' id='word_1_81' title='bbox 960 2017 1164 2109; x_wconf 82' lang='lat' dir='ltr'><strong>Argentum</strong></span> <span class='ocrx_word' id='word_1_82' title='bbox 1177 2020 1216 2086; x_wconf 88' lang='lat' dir='ltr'><strong>et</strong></span> <span class='ocrx_word' id='word_1_83' title='bbox 1227 2037 1369 2102; x_wconf 85' lang='lat' dir='ltr'><strong>aurum,</strong></span> 
     </span>
     <span class='ocr_line' id='line_1_14' title="bbox 149 2124 1367 2224; baseline -0.003 -21"><span class='ocrx_word' id='word_1_84' title='bbox 149 2139 214 2204; x_wconf 86' lang='lat' dir='ltr'><strong>aut</strong></span> <span class='ocrx_word' id='word_1_85' title='bbox 230 2137 367 2204; x_wconf 86' lang='lat' dir='ltr'><strong>vestem</strong></span> <span class='ocrx_word' id='word_1_86' title='bbox 385 2125 523 2202; x_wconf 92' lang='lat' dir='ltr'><strong>nullius</strong></span> <span class='ocrx_word' id='word_1_87' title='bbox 540 2125 741 2224; x_wconf 87' lang='lat' dir='ltr'><strong>concupivi.</strong></span> <span class='ocrx_word' id='word_1_88' title='bbox 761 2127 890 2202; x_wconf 89' lang='lat' dir='ltr'><strong>Omnia</strong></span> <span class='ocrx_word' id='word_1_89' title='bbox 913 2125 1051 2202; x_wconf 85' lang='lat' dir='ltr'><strong>ostendi</strong></span> <span class='ocrx_word' id='word_1_90' title='bbox 1072 2124 1183 2215; x_wconf 86' lang='lat' dir='ltr'><strong>vobis,</strong></span> <span class='ocrx_word' id='word_1_91' title='bbox 1199 2125 1367 2223; x_wconf 86' lang='lat' dir='ltr'><strong>quoniam</strong></span> 
     </span>
     <span class='ocr_line' id='line_1_15' title="bbox 151 2238 1370 2341; baseline -0.003 -23"><span class='ocrx_word' id='word_1_92' title='bbox 151 2243 204 2320; x_wconf 89' lang='lat' dir='ltr'><strong>sic</strong></span> <span class='ocrx_word' id='word_1_93' title='bbox 221 2242 421 2317; x_wconf 84' lang='lat' dir='ltr'><strong>laborantes</strong></span> <span class='ocrx_word' id='word_1_94' title='bbox 437 2249 573 2341; x_wconf 90' lang='lat' dir='ltr'><strong>oportet</strong></span> <span class='ocrx_word' id='word_1_95' title='bbox 588 2241 772 2339; x_wconf 86' lang='lat' dir='ltr'><strong>suscipere</strong></span> <span class='ocrx_word' id='word_1_96' title='bbox 790 2241 963 2316; x_wconf 87' lang='lat' dir='ltr'><strong>infirmos.</strong></span> <span class='ocrx_word' id='word_1_97' title='bbox 988 2238 1136 2314; x_wconf 88' lang='lat' dir='ltr'><strong>Beatius</strong></span> <span class='ocrx_word' id='word_1_98' title='bbox 1160 2238 1370 2314; x_wconf 86' lang='lat' dir='ltr'><strong>existimans</strong></span> 
     </span>
     <span class='ocr_line' id='line_1_16' title="bbox 148 2352 1369 2454; baseline -0.002 -24"><span class='ocrx_word' id='word_1_99' title='bbox 148 2356 232 2430; x_wconf 89' lang='lat' dir='ltr'><strong>dare</strong></span> <span class='ocrx_word' id='word_1_100' title='bbox 249 2379 357 2454; x_wconf 87' lang='lat' dir='ltr'><strong>quam</strong></span> <span class='ocrx_word' id='word_1_101' title='bbox 374 2354 547 2452; x_wconf 86' lang='lat' dir='ltr'><strong>accipere,</strong></span> <span class='ocrx_word' id='word_1_102' title='bbox 565 2362 705 2452; x_wconf 88' lang='lat' dir='ltr'><strong>propter</strong></span> <span class='ocrx_word' id='word_1_103' title='bbox 722 2355 817 2452; x_wconf 90' lang='lat' dir='ltr'><strong>quod</strong></span> <span class='ocrx_word' id='word_1_104' title='bbox 833 2364 870 2430; x_wconf 95' lang='lat' dir='ltr'><strong>et</strong></span> <span class='ocrx_word' id='word_1_105' title='bbox 886 2377 950 2429; x_wconf 90' lang='lat' dir='ltr'><strong>nos</strong></span> <span class='ocrx_word' id='word_1_106' title='bbox 967 2353 1081 2430; x_wconf 92' lang='lat' dir='ltr'><strong>edocti</strong></span> <span class='ocrx_word' id='word_1_107' title='bbox 1099 2353 1145 2430; x_wconf 90' lang='lat' dir='ltr'><strong>ab</strong></span> <span class='ocrx_word' id='word_1_108' title='bbox 1169 2375 1220 2442; x_wconf 81' lang='lat' dir='ltr'><strong>eo,</strong></span> <span class='ocrx_word' id='word_1_109' title='bbox 1240 2352 1369 2428; x_wconf 89' lang='lat' dir='ltr'><strong>diffini-</strong></span> 
     </span>
     <span class='ocr_line' id='line_1_17' title="bbox 149 2466 1368 2567; baseline 0 -25"><span class='ocrx_word' id='word_1_110' title='bbox 149 2495 230 2543; x_wconf 93' lang='lat' dir='ltr'><strong>mus</strong></span> <span class='ocrx_word' id='word_1_111' title='bbox 256 2467 462 2543; x_wconf 88' lang='lat' dir='ltr'><strong>uullatenus</strong></span> <span class='ocrx_word' id='word_1_112' title='bbox 484 2467 688 2566; x_wconf 88' lang='lat' dir='ltr'><strong>episcopum</strong></span> <span class='ocrx_word' id='word_1_113' title='bbox 706 2468 825 2567; x_wconf 91' lang='lat' dir='ltr'><strong>turpis</strong></span> <span class='ocrx_word' id='word_1_114' title='bbox 842 2469 963 2564; x_wconf 79' lang='lat' dir='ltr'><strong>gratia</strong></span> <span class='ocrx_word' id='word_1_115' title='bbox 980 2468 1075 2543; x_wconf 88' lang='lat' dir='ltr'><strong>lucri</strong></span> <span class='ocrx_word' id='word_1_116' title='bbox 1095 2466 1298 2564; x_wconf 84' lang='lat' dir='ltr'><strong>excogitare</strong></span> <span class='ocrx_word' id='word_1_117' title='bbox 1322 2466 1368 2542; x_wconf 83' lang='lat' dir='ltr'><strong>ad</strong></span> 
     </span>
     <span class='ocr_line' id='line_1_18' title="bbox 150 2579 1369 2681; baseline -0.002 -24"><span class='ocrx_word' id='word_1_118' title='bbox 150 2582 373 2658; x_wconf 84' lang='lat' dir='ltr'><strong>excusandas</strong></span> <span class='ocrx_word' id='word_1_119' title='bbox 394 2581 641 2656; x_wconf 85' lang='lat' dir='ltr'><strong>excusationes</strong></span> <span class='ocrx_word' id='word_1_120' title='bbox 659 2581 884 2681; x_wconf 85' lang='lat' dir='ltr'><strong>inpeccatis,</strong></span> <span class='ocrx_word' id='word_1_121' title='bbox 903 2590 1066 2680; x_wconf 82' lang='lat' dir='ltr'><strong>expetere</strong></span> <span class='ocrx_word' id='word_1_122' title='bbox 1082 2605 1213 2655; x_wconf 91' lang='lat' dir='ltr'><strong>aurum</strong></span> <span class='ocrx_word' id='word_1_123' title='bbox 1230 2579 1290 2656; x_wconf 89' lang='lat' dir='ltr'><strong>vel</strong></span> <span class='ocrx_word' id='word_1_124' title='bbox 1314 2606 1369 2655; x_wconf 87' lang='lat' dir='ltr'><strong>ar-</strong></span> 
     </span>
     <span class='ocr_line' id='line_1_19' title="bbox 150 2695 1367 2797; baseline -0.002 -24"><span class='ocrx_word' id='word_1_125' title='bbox 150 2708 313 2796; x_wconf 85' lang='lat' dir='ltr'><strong>gentum,</strong></span> <span class='ocrx_word' id='word_1_126' title='bbox 329 2695 519 2771; x_wconf 80' lang='lat' dir='ltr'><strong>eutalium</strong></span> <span class='ocrx_word' id='word_1_127' title='bbox 545 2696 698 2794; x_wconf 88' lang='lat' dir='ltr'><strong>speciem</strong></span> <span class='ocrx_word' id='word_1_128' title='bbox 716 2699 762 2772; x_wconf 87' lang='lat' dir='ltr'><strong>ab</strong></span> <span class='ocrx_word' id='word_1_129' title='bbox 778 2699 953 2797; x_wconf 91' lang='lat' dir='ltr'><strong>episcopis</strong></span> <span class='ocrx_word' id='word_1_130' title='bbox 970 2697 1029 2772; x_wconf 88' lang='lat' dir='ltr'><strong>vel</strong></span> <span class='ocrx_word' id='word_1_131' title='bbox 1046 2696 1187 2773; x_wconf 86' lang='lat' dir='ltr'><strong>clericis</strong></span> <span class='ocrx_word' id='word_1_132' title='bbox 1212 2695 1270 2771; x_wconf 87' lang='lat' dir='ltr'><strong>vel</strong></span> <span class='ocrx_word' id='word_1_133' title='bbox 1296 2718 1367 2771; x_wconf 84' lang='lat' dir='ltr'><strong>mo</strong></span> 
     </span>
     <span class='ocr_line' id='line_1_20' title="bbox 153 2809 1368 2911; baseline 0.002 -27"><span class='ocrx_word' id='word_1_134' title='bbox 153 2809 280 2888; x_wconf 88' lang='lat' dir='ltr'><strong>naehis</strong></span> <span class='ocrx_word' id='word_1_135' title='bbox 298 2811 358 2908; x_wconf 94' lang='lat' dir='ltr'><strong>qui</strong></span> <span class='ocrx_word' id='word_1_136' title='bbox 376 2809 444 2885; x_wconf 91' lang='lat' dir='ltr'><strong>sub</strong></span> <span class='ocrx_word' id='word_1_137' title='bbox 457 2810 532 2911; x_wconf 91' lang='lat' dir='ltr'><strong>ipso</strong></span> <span class='ocrx_word' id='word_1_138' title='bbox 548 2820 644 2885; x_wconf 91' lang='lat' dir='ltr'><strong>sunt.</strong></span> <span class='ocrx_word' id='word_1_139' title='bbox 662 2812 725 2886; x_wconf 87' lang='lat' dir='ltr'><strong>Ait</strong></span> <span class='ocrx_word' id='word_1_140' title='bbox 741 2813 838 2888; x_wconf 90' lang='lat' dir='ltr'><strong>enim</strong></span> <span class='ocrx_word' id='word_1_141' title='bbox 852 2812 1052 2911; x_wconf 91' lang='lat' dir='ltr'><strong>Apostolus.</strong></span> <span class='ocrx_word' id='word_1_142' title='bbox 1064 2815 1144 2886; x_wconf 92' lang='lat' dir='ltr'><strong>Nou</strong></span> <span class='ocrx_word' id='word_1_143' title='bbox 1161 2810 1290 2888; x_wconf 89' lang='lat' dir='ltr'><strong>debent</strong></span> <span class='ocrx_word' id='word_1_144' title='bbox 1302 2811 1368 2886; x_wconf 87' lang='lat' dir='ltr'><strong>filii</strong></span> 
     </span>
     <span class='ocr_line' id='line_1_21' title="bbox 150 2923 1368 3028; baseline 0.003 -30"><span class='ocrx_word' id='word_1_145' title='bbox 150 2923 358 3022; x_wconf 89' lang='lat' dir='ltr'><strong>parentibus</strong></span> <span class='ocrx_word' id='word_1_146' title='bbox 380 2924 632 3015; x_wconf 80' lang='lat' dir='ltr'><strong>thesaurizare,</strong></span> <span class='ocrx_word' id='word_1_147' title='bbox 649 2925 710 3002; x_wconf 86' lang='lat' dir='ltr'><strong>sed</strong></span> <span class='ocrx_word' id='word_1_148' title='bbox 727 2937 894 3026; x_wconf 88' lang='lat' dir='ltr'><strong>parentes</strong></span> <span class='ocrx_word' id='word_1_149' title='bbox 912 2928 1007 3002; x_wconf 87' lang='lat' dir='ltr'><strong>filiis.</strong></span> <span class='ocrx_word' id='word_1_150' title='bbox 1024 2930 1071 3002; x_wconf 88' lang='lat' dir='ltr'><strong>Et</strong></span> <span class='ocrx_word' id='word_1_151' title='bbox 1087 2929 1217 3002; x_wconf 90' lang='lat' dir='ltr'><strong>Petrus</strong></span> <span class='ocrx_word' id='word_1_152' title='bbox 1233 2937 1368 3028; x_wconf 80' lang='lat' dir='ltr'><strong>aposto</strong></span> 
     </span>
     <span class='ocr_line' id='line_1_22' title="bbox 150 3037 1368 3139; baseline 0.004 -28"><span class='ocrx_word' id='word_1_153' title='bbox 150 3037 217 3113; x_wconf 90' lang='lat' dir='ltr'><strong>lus.</strong></span> <span class='ocrx_word' id='word_1_154' title='bbox 236 3037 377 3112; x_wconf 86' lang='lat' dir='ltr'><strong>Pascite</strong></span> <span class='ocrx_word' id='word_1_155' title='bbox 395 3037 513 3136; x_wconf 91' lang='lat' dir='ltr'><strong>quiin</strong></span> <span class='ocrx_word' id='word_1_156' title='bbox 529 3038 630 3114; x_wconf 90' lang='lat' dir='ltr'><strong>vobis</strong></span> <span class='ocrx_word' id='word_1_157' title='bbox 652 3048 707 3115; x_wconf 90' lang='lat' dir='ltr'><strong>est</strong></span> <span class='ocrx_word' id='word_1_158' title='bbox 722 3064 874 3139; x_wconf 81' lang='lat' dir='ltr'><strong>gregem</strong></span> <span class='ocrx_word' id='word_1_159' title='bbox 891 3041 1047 3131; x_wconf 88' lang='lat' dir='ltr'><strong>Domini,</strong></span> <span class='ocrx_word' id='word_1_160' title='bbox 1063 3064 1133 3116; x_wconf 91' lang='lat' dir='ltr'><strong>non</strong></span> <span class='ocrx_word' id='word_1_161' title='bbox 1151 3049 1283 3131; x_wconf 87' lang='lat' dir='ltr'><strong>coacte,</strong></span> <span class='ocrx_word' id='word_1_162' title='bbox 1306 3040 1368 3117; x_wconf 89' lang='lat' dir='ltr'><strong>sed</strong></span> 
     </span>
     <span class='ocr_line' id='line_1_23' title="bbox 150 3151 1367 3254; baseline 0.002 -27"><span class='ocrx_word' id='word_1_163' title='bbox 150 3161 354 3250; x_wconf 83' lang='lat' dir='ltr'><strong>sponteueae</strong></span> <span class='ocrx_word' id='word_1_164' title='bbox 369 3151 568 3227; x_wconf 86' lang='lat' dir='ltr'><strong>secundum</strong></span> <span class='ocrx_word' id='word_1_165' title='bbox 586 3153 712 3244; x_wconf 84' lang='lat' dir='ltr'><strong>Deum,</strong></span> <span class='ocrx_word' id='word_1_166' title='bbox 725 3179 792 3231; x_wconf 90' lang='lat' dir='ltr'><strong>nec</strong></span> <span class='ocrx_word' id='word_1_167' title='bbox 805 3155 921 3254; x_wconf 90' lang='lat' dir='ltr'><strong>turpis</strong></span> <span class='ocrx_word' id='word_1_168' title='bbox 938 3154 1033 3230; x_wconf 88' lang='lat' dir='ltr'><strong>lucri</strong></span> <span class='ocrx_word' id='word_1_169' title='bbox 1050 3153 1181 3252; x_wconf 82' lang='lat' dir='ltr'><strong>gratia,</strong></span> <span class='ocrx_word' id='word_1_170' title='bbox 1194 3178 1308 3253; x_wconf 91' lang='lat' dir='ltr'><strong>neque</strong></span> <span class='ocrx_word' id='word_1_171' title='bbox 1325 3163 1367 3229; x_wconf 93' lang='lat' dir='ltr'><strong>ut</strong></span> 
     </span>
     <span class='ocr_line' id='line_1_24' title="bbox 146 3266 1366 3368; baseline 0.002 -27"><span class='ocrx_word' id='word_1_172' title='bbox 146 3266 370 3341; x_wconf 88' lang='lat' dir='ltr'><strong>dominantes</strong></span> <span class='ocrx_word' id='word_1_173' title='bbox 386 3266 424 3340; x_wconf 92' lang='lat' dir='ltr'><strong>iu</strong></span> <span class='ocrx_word' id='word_1_174' title='bbox 442 3266 548 3356; x_wconf 88' lang='lat' dir='ltr'><strong>clero,</strong></span> <span class='ocrx_word' id='word_1_175' title='bbox 565 3266 626 3343; x_wconf 91' lang='lat' dir='ltr'><strong>sed</strong></span> <span class='ocrx_word' id='word_1_176' title='bbox 643 3267 756 3342; x_wconf 86' lang='lat' dir='ltr'><strong>forma</strong></span> <span class='ocrx_word' id='word_1_177' title='bbox 777 3269 865 3345; x_wconf 89' lang='lat' dir='ltr'><strong>faeti</strong></span> <span class='ocrx_word' id='word_1_178' title='bbox 887 3270 1025 3367; x_wconf 86' lang='lat' dir='ltr'><strong>gregis,</strong></span> <span class='ocrx_word' id='word_1_179' title='bbox 1041 3278 1078 3345; x_wconf 92' lang='lat' dir='ltr'><strong>et</strong></span> <span class='ocrx_word' id='word_1_180' title='bbox 1094 3294 1178 3344; x_wconf 92' lang='lat' dir='ltr'><strong>cum</strong></span> <span class='ocrx_word' id='word_1_181' title='bbox 1195 3291 1366 3368; x_wconf 88' lang='lat' dir='ltr'><strong>apparue-</strong></span> 
     </span>
     <span class='ocr_line' id='line_1_25' title="bbox 148 3379 1352 3480; baseline 0.004 -28"><span class='ocrx_word' id='word_1_182' title='bbox 148 3379 195 3454; x_wconf 89' lang='lat' dir='ltr'><strong>rit</strong></span> <span class='ocrx_word' id='word_1_183' title='bbox 211 3379 377 3478; x_wconf 89' lang='lat' dir='ltr'><strong>princeps</strong></span> <span class='ocrx_word' id='word_1_184' title='bbox 393 3389 589 3477; x_wconf 85' lang='lat' dir='ltr'><strong>pastorum,</strong></span> <span class='ocrx_word' id='word_1_185' title='bbox 606 3381 809 3480; x_wconf 89' lang='lat' dir='ltr'><strong>percipietis</strong></span> <span class='ocrx_word' id='word_1_186' title='bbox 827 3382 1160 3459; x_wconf 89' lang='lat' dir='ltr'><strong>immarcescibilem</strong></span> <span class='ocrx_word' id='word_1_187' title='bbox 1177 3405 1352 3458; x_wconf 89' lang='lat' dir='ltr'><strong>coronam.</strong></span> 
     </span>
    </p>
   </div>
   <div class='ocr_carea' id='block_1_5' title="bbox 712 3583 791 3670">
    <p class='ocr_par' dir='ltr' id='par_1_6' title="bbox 712 3583 791 3670">
     <span class='ocr_line' id='line_1_26' title="bbox 712 3583 791 3670; baseline 0.025 -2"><span class='ocrx_word' id='word_1_188' title='bbox 712 3583 791 3670; x_wconf 86' lang='lat' dir='ltr'><strong>Vll.</strong></span> 
     </span>
    </p>
   </div>
   <div class='ocr_carea' id='block_1_6' title="bbox 603 3787 906 3857">
    <p class='ocr_par' dir='ltr' id='par_1_7' title="bbox 603 3787 906 3857">
     <span class='ocr_line' id='line_1_27' title="bbox 603 3787 906 3857; baseline 0 -17"><span class='ocrx_word' id='word_1_189' title='bbox 603 3789 653 3840; x_wconf 74' lang='lat' dir='ltr'><strong>Ex</strong></span> <span class='ocrx_word' id='word_1_190' title='bbox 670 3787 744 3842; x_wconf 80' lang='lat' dir='ltr'><strong>eud.</strong></span> <span class='ocrx_word' id='word_1_191' title='bbox 764 3788 906 3857; x_wconf 74' lang='lat' dir='ltr'><strong>synodo.</strong></span> 
     </span>
    </p>
   </div>
   <div class='ocr_carea' id='block_1_7' title="bbox 145 3947 1365 4622">
    <p class='ocr_par' dir='ltr' id='par_1_8' title="bbox 145 3947 1365 4622">
     <span class='ocr_line' id='line_1_28' title="bbox 241 3947 1365 4048; baseline 0.004 -25"><span class='ocrx_word' id='word_1_192' title='bbox 241 3947 413 4047; x_wconf 89' lang='lat' dir='ltr'><strong>Quisquis</strong></span> <span class='ocrx_word' id='word_1_193' title='bbox 429 3947 613 4048; x_wconf 89' lang='lat' dir='ltr'><strong>episcopus</strong></span> <span class='ocrx_word' id='word_1_194' title='bbox 630 3950 688 4026; x_wconf 82' lang='lat' dir='ltr'><strong>vel</strong></span> <span class='ocrx_word' id='word_1_195' title='bbox 712 3951 822 4028; x_wconf 85' lang='lat' dir='ltr'><strong>abbas</strong></span> <span class='ocrx_word' id='word_1_196' title='bbox 847 3952 1019 4030; x_wconf 85' lang='lat' dir='ltr'><strong>iuventus</strong></span> <span class='ocrx_word' id='word_1_197' title='bbox 1037 3950 1148 4028; x_wconf 85' lang='lat' dir='ltr'><strong>fuerit</strong></span> <span class='ocrx_word' id='word_1_198' title='bbox 1164 3951 1207 4027; x_wconf 93' lang='lat' dir='ltr'><strong>de</strong></span> <span class='ocrx_word' id='word_1_199' title='bbox 1224 3949 1365 4027; x_wconf 81' lang='lat' dir='ltr'><strong>salariis</strong></span> 
     </span>
     <span class='ocr_line' id='line_1_29' title="bbox 147 4062 1363 4166; baseline 0.001 -29"><span class='ocrx_word' id='word_1_200' title='bbox 147 4063 326 4166; x_wconf 88' lang='lat' dir='ltr'><strong>episcopii,</strong></span> <span class='ocrx_word' id='word_1_201' title='bbox 343 4062 401 4138; x_wconf 83' lang='lat' dir='ltr'><strong>vel</strong></span> <span class='ocrx_word' id='word_1_202' title='bbox 427 4064 633 4140; x_wconf 87' lang='lat' dir='ltr'><strong>monasterii</strong></span> <span class='ocrx_word' id='word_1_203' title='bbox 658 4065 853 4142; x_wconf 85' lang='lat' dir='ltr'><strong>transferre</strong></span> <span class='ocrx_word' id='word_1_204' title='bbox 878 4065 1071 4165; x_wconf 90' lang='lat' dir='ltr'><strong>quicquam</strong></span> <span class='ocrx_word' id='word_1_205' title='bbox 1096 4064 1135 4139; x_wconf 93' lang='lat' dir='ltr'><strong>in</strong></span> <span class='ocrx_word' id='word_1_206' title='bbox 1159 4062 1363 4163; x_wconf 88' lang='lat' dir='ltr'><strong>principum</strong></span> 
     </span>
     <span class='ocr_line' id='line_1_30' title="bbox 146 4176 1365 4278; baseline 0 -26"><span class='ocrx_word' id='word_1_207' title='bbox 146 4204 287 4267; x_wconf 84' lang='lat' dir='ltr'><strong>manus,</strong></span> <span class='ocrx_word' id='word_1_208' title='bbox 302 4176 362 4252; x_wconf 83' lang='lat' dir='ltr'><strong>vel</strong></span> <span class='ocrx_word' id='word_1_209' title='bbox 387 4176 494 4251; x_wconf 86' lang='lat' dir='ltr'><strong>etiam</strong></span> <span class='ocrx_word' id='word_1_210' title='bbox 511 4178 574 4252; x_wconf 87' lang='lat' dir='ltr'><strong>alii</strong></span> <span class='ocrx_word' id='word_1_211' title='bbox 591 4202 749 4276; x_wconf 82' lang='lat' dir='ltr'><strong>personae</strong></span> <span class='ocrx_word' id='word_1_212' title='bbox 774 4181 946 4271; x_wconf 86' lang='lat' dir='ltr'><strong>conferre,</strong></span> <span class='ocrx_word' id='word_1_213' title='bbox 963 4179 1107 4255; x_wconf 89' lang='lat' dir='ltr'><strong>irritum</strong></span> <span class='ocrx_word' id='word_1_214' title='bbox 1132 4179 1181 4254; x_wconf 92' lang='lat' dir='ltr'><strong>sit</strong></span> <span class='ocrx_word' id='word_1_215' title='bbox 1196 4179 1289 4278; x_wconf 90' lang='lat' dir='ltr'><strong>quod</strong></span> <span class='ocrx_word' id='word_1_216' title='bbox 1305 4178 1365 4254; x_wconf 84' lang='lat' dir='ltr'><strong>de·</strong></span> 
     </span>
     <span class='ocr_line' id='line_1_31' title="bbox 145 4291 1364 4392; baseline 0.001 -25"><span class='ocrx_word' id='word_1_217' title='bbox 145 4303 223 4367; x_wconf 90' lang='lat' dir='ltr'><strong>tum</strong></span> <span class='ocrx_word' id='word_1_218' title='bbox 241 4317 318 4368; x_wconf 92' lang='lat' dir='ltr'><strong>esse</strong></span> <span class='ocrx_word' id='word_1_219' title='bbox 343 4291 540 4379; x_wconf 79' lang='lat' dir='ltr'><strong>constituit,</strong></span> <span class='ocrx_word' id='word_1_220' title='bbox 557 4293 757 4368; x_wconf 89' lang='lat' dir='ltr'><strong>secundum</strong></span> <span class='ocrx_word' id='word_1_221' title='bbox 782 4317 952 4371; x_wconf 86' lang='lat' dir='ltr'><strong>canonem</strong></span> <span class='ocrx_word' id='word_1_222' title='bbox 971 4302 1177 4371; x_wconf 84' lang='lat' dir='ltr'><strong>sauctorum</strong></span> <span class='ocrx_word' id='word_1_223' title='bbox 1194 4293 1364 4392; x_wconf 86' lang='lat' dir='ltr'><strong>apostolo·</strong></span> 
     </span>
     <span class='ocr_line' id='line_1_32' title="bbox 146 4405 1365 4505; baseline -0.002 -25"><span class='ocrx_word' id='word_1_224' title='bbox 146 4432 239 4497; x_wconf 87' lang='lat' dir='ltr'><strong>rum,</strong></span> <span class='ocrx_word' id='word_1_225' title='bbox 252 4406 313 4505; x_wconf 90' lang='lat' dir='ltr'><strong>qui</strong></span> <span class='ocrx_word' id='word_1_226' title='bbox 326 4405 424 4481; x_wconf 88' lang='lat' dir='ltr'><strong>dicit.</strong></span> <span class='ocrx_word' id='word_1_227' title='bbox 434 4407 604 4482; x_wconf 91' lang='lat' dir='ltr'><strong>Omnium</strong></span> <span class='ocrx_word' id='word_1_228' title='bbox 620 4407 947 4484; x_wconf 81' lang='lat' dir='ltr'><strong>ecclesiasticarum</strong></span> <span class='ocrx_word' id='word_1_229' title='bbox 963 4432 1084 4482; x_wconf 89' lang='lat' dir='ltr'><strong>rerum</strong></span> <span class='ocrx_word' id='word_1_230' title='bbox 1102 4406 1289 4505; x_wconf 86' lang='lat' dir='ltr'><strong>episcopus</strong></span> <span class='ocrx_word' id='word_1_231' title='bbox 1304 4406 1365 4480; x_wconf 89' lang='lat' dir='ltr'><strong>ha·</strong></span> 
     </span>
     <span class='ocr_line' id='line_1_33' title="bbox 146 4520 1363 4622; baseline -0.002 -25"><span class='ocrx_word' id='word_1_232' title='bbox 146 4521 228 4597; x_wconf 88' lang='lat' dir='ltr'><strong>beat</strong></span> <span class='ocrx_word' id='word_1_233' title='bbox 251 4520 529 4598; x_wconf 89' lang='lat' dir='ltr'><strong>sollicitudiuem</strong></span> <span class='ocrx_word' id='word_1_234' title='bbox 554 4530 591 4598; x_wconf 92' lang='lat' dir='ltr'><strong>et</strong></span> <span class='ocrx_word' id='word_1_235' title='bbox 614 4521 794 4622; x_wconf 86' lang='lat' dir='ltr'><strong>dispenset</strong></span> <span class='ocrx_word' id='word_1_236' title='bbox 818 4545 879 4598; x_wconf 85' lang='lat' dir='ltr'><strong>eas</strong></span> <span class='ocrx_word' id='word_1_237' title='bbox 902 4531 1086 4620; x_wconf 83' lang='lat' dir='ltr'><strong>tamquam</strong></span> <span class='ocrx_word' id='word_1_238' title='bbox 1112 4523 1185 4598; x_wconf 90' lang='lat' dir='ltr'><strong>Deo</strong></span> <span class='ocrx_word' id='word_1_239' title='bbox 1208 4528 1363 4598; x_wconf 88' lang='lat' dir='ltr'><strong>oontem-</strong></span> 
     </span>
    </p>
   </div>
   <div class='ocr_carea' id='block_1_8' title="bbox 0 0 1808 5498">
    <p class='ocr_par' dir='ltr' id='par_1_9' title="bbox 0 0 1808 5498">
     <span class='ocr_line' id='line_1_34' title="bbox 0 0 1808 5498; baseline 0 1"><span class='ocrx_word' id='word_1_240' title='bbox 0 0 1808 5498; x_wconf 95' lang='lat' dir='ltr'><strong> </strong></span> 
     </span>
    </p>
   </div>
  </div>
 </body>
</html>
