3608 5498
937 407 1195 484 -242-¹

422 531 649 630 sbyterorum
668 530 915 608 Cardinelium
932 541 968 608 et
986 531 1221 607 Diaconorum
1239 531 1292 607 ire
1312 530 1590 629 praesumpserit,
1606 539 1644 606 et

418 643 513 723 hunc
527 645 766 744 Apostolicam
780 646 907 721 Sedem
921 645 1101 734 invadere,
1113 644 1264 743 quilibet
1276 645 1314 717 in
1328 644 1542 742 supradictis
1555 653 1643 719 tem·

419 757 574 854 ptuverit
590 766 626 832 et
642 757 687 831 ad
704 776 884 832 summum
912 758 1148 857 pontificalem
1174 757 1342 833 honorem
1367 758 1559 834 ascendere
1583 781 1645 832 vo·
1704 757 1708 762 ’

418 869 538 961 luerit,
551 871 618 970 ipsi
632 882 668 947 et
681 871 748 946 sibi
762 873 967 949 faventibus
980 872 1090 949 faciat
1103 882 1313 974 perpetuum
1327 871 1528 948 anathema.
1541 875 1642 947 Item.

423 985 462 1057 Si
488 985 569 1083 quis
594 1011 677 1060 cum
700 986 812 1060 armis
829 989 867 1059 iu
884 986 1057 1063 electione
1083 985 1277 1076 Pontinus,
1294 995 1330 1061 et
1353 985 1505 1060 aliorum
1530 1010 1645 1061 sacer·

423 1099 545 1173 dotum
573 1101 746 1176 inventus
772 1101 893 1193 fuerit,
917 1101 1108 1176 anathemo
1134 1101 1191 1175 sit.
1211 1104 1312 1175 Item.
1335 1101 1373 1174 Si
1399 1099 1480 1196 quis
1509 1098 1644 1174 intrare

419 1221 483 1287 aut
509 1213 734 1289 introducere
759 1214 798 1288 in
822 1214 916 1290 hunc
941 1215 1127 1291 civitatem
1154 1217 1348 1288 Romanam
1375 1212 1641 1310 presumpserit

418 1348 633 1426 quemquam
650 1328 693 1405 de
709 1352 935 1427 quacumque
952 1329 1111 1424 civitate,
1128 1337 1192 1402 aut
1209 1337 1336 1416 castro,
1350 1326 1408 1401 vel
1425 1326 1511 1412 loco,
1528 1324 1642 1423 ponti·

419 1438 497 1515 ficis
510 1450 587 1538 post
603 1441 811 1532 discessum,
828 1465 1012 1540 quousque
1029 1441 1066 1514 in
1081 1441 1162 1517 sede
1179 1441 1272 1516 beati
1291 1438 1389 1515 Petri
1409 1439 1573 1514 Pontifex
1588 1462 1642 1514 or-

420 1552 565 1629 dinatus
582 1554 702 1645 fuerit,
718 1554 910 1631 anathema
934 1556 992 1630 sit.
1016 1558 1117 1629 Item.
1135 1554 1172 1628 Si
1192 1554 1274 1653 quis
1292 1553 1455 1629 resistere
1472 1577 1642 1651 praesum-

425 1667 540 1764 pserit
553 1669 795 1744 sacerdotibus
807 1678 915 1768 atque
929 1669 1142 1767 primatibus
1155 1669 1325 1757 ecclesiae,
1335 1668 1392 1742 vel
1407 1676 1536 1743 cuncto
1549 1666 1645 1742 clero

416 1778 462 1854 ad
479 1780 687 1878 eligendum
704 1782 772 1857 sibi
790 1782 992 1882 pontificem
1010 1781 1208 1856 secundum
1232 1780 1327 1856 hanc
1343 1779 1552 1856 eanonicam
1570 1790 1641 1855 tnn-

420 1891 602 1984 ditionem‚
618 1895 808 1972 anathema
826 1895 885 1971 sit.
