3608 5498
944 419 1140 482 -146-

428 541 457 616 ti
474 552 511 617 ot
527 540 671 615 timenti
686 541 915 616 dedominica
932 552 968 617 et
985 541 1108 616 divina
1126 540 1338 617 auctoritate
1356 553 1570 642 preceptum
1589 546 1652 644 qui

427 655 523 730 inter
540 665 670 730 caetera
687 679 765 752 quae
782 655 966 730 ostendere
983 666 1018 731 et
1036 656 1194 732 revelare
1212 656 1385 750 dignatus
1397 666 1452 732 est
1464 670 1501 734 et
1513 659 1579 735 hoc
1593 660 1654 735 ad·

428 769 526 844 didit.
545 772 669 867 Itaque
683 769 744 867 qui
759 769 903 844 Christo
916 792 986 844 nou
1000 770 1115 847 credit
1128 771 1347 846 sacerdotem
1364 770 1512 848 facienti
1530 783 1652 870 postea

429 884 573 958 credere
593 883 742 981 incipiet
759 885 977 960 sacerdotem
996 884 1206 962 vindicanti.

746 1285 828 1336 Item
842 1284 1010 1349 exemplar
1023 1286 1096 1336 eius
1110 1281 1154 1334 ad
1166 1285 1327 1349 Magnum.

475 1528 477 1533 .
522 1453 683 1551 Denique
709 1452 890 1550 quamsit
916 1453 1152 1551 inseparabile
1176 1454 1298 1528 unitas
1323 1465 1588 1530 sacramentum
1615 1465 1653 1530 et

425 1564 502 1641 sine
520 1591 580 1664 spe
598 1566 671 1641 sint
696 1577 731 1641 et
748 1566 1003 1664 perdictionem
1021 1568 1088 1643 sibi
1115 1569 1309 1643 maximam
1332 1571 1375 1645 de
1401 1571 1467 1646 Doi
1485 1570 1652 1666 indigna·

424 1679 519 1754 tione
545 1680 735 1778 acquirant
760 1681 821 1778 qui
849 1679 978 1754 scisma
998 1681 1146 1771 faciunt,
1164 1695 1201 1758 et
1218 1682 1342 1759 relicto
1358 1685 1521 1782 episcopo
1536 1683 1651 1757 alium

423 1793 491 1867 sibi
509 1795 682 1891 pseudum
699 1794 913 1892 Episcopum
931 1799 1168 1884 constituunt,
1185 1796 1343 1872 declarat
1355 1798 1393 1870 in
1407 1796 1508 1871 libris
1526 1821 1654 1893 regno-

424 1934 503 1982 rum
522 1909 700 2008 scriptura
723 1909 857 1996 divina,
875 1909 936 1983 ubi
953 1935 974 1982 a
991 1910 1088 1986 tribu
1105 1911 1193 1984 Iuda
1218 1921 1255 1985 et
1272 1910 1462 1985 Beniamin
1479 1913 1515 1986 X
1532 1910 1651 1985 tribus

424 2023 534 2100 scisse
547 2037 644 2115 suut,
656 2036 691 2100 et
705 2025 830 2100 relicto
843 2048 928 2121 rege
943 2047 1017 2109 su0,
1029 2024 1184 2098 alterum
1198 2023 1263 2097 sibi
1279 2023 1364 2097 soris
1377 2023 1651 2099 constituerunt.

422 2141 470 2212 Et
482 2138 695 2235 indignatus
708 2149 762 2215 est
779 2139 897 2237 inquit
914 2139 1087 2213 Dominus
1104 2136 1142 2209 in
1155 2136 1253 2210 omui
1266 2137 1400 2212 semine
1417 2136 1540 2226 Israel,
1552 2146 1589 2211 et
1601 2136 1651 2210 di·

423 2253 536 2328 movit
548 2279 617 2342 eos,
625 2264 661 2329 et
674 2253 770 2329 dedit
782 2253 889 2327 eosin
903 2252 1149 2351 direptionem,
1162 2251 1271 2326 donec
1284 2251 1440 2327 abiceret
1456 2274 1515 2326 eos
1528 2249 1651 2326 asacie

424 2393 500 2456 sua,
518 2367 602 2465 quia
621 2367 814 2465 dissipatus
831 2376 867 2442 et
884 2366 995 2441 Israel
1012 2392 1033 2439 a
1051 2367 1152 2440 domo
1166 2365 1320 2454 Domini,
1336 2375 1372 2440 et
1385 2365 1652 2440 constituerunt

427 2480 495 2555 sibi
513 2505 637 2576 regem
657 2481 867 2557 Hieroboam
886 2481 1001 2555 filium
1020 2479 1172 2555 Nabath.
1190 2479 1426 2576 indignatum
1442 2504 1519 2556 esse
1533 2479 1653 2555 Domi-

423 2619 510 2668 num
529 2594 618 2669 dixit
635 2606 671 2670 et
687 2618 747 2670 eos
763 2595 800 2668 in
819 2595 1051 2693 perditionem
1064 2593 1213 2681 dedisse,
1226 2593 1319 2690 quod
1330 2592 1376 2666 ab
1391 2592 1531 2667 unitate
1548 2591 1651 2666 dissi-

423 2708 496 2806 pati
514 2718 643 2797 essent,
656 2719 764 2806 atque
781 2708 935 2784 alterum
954 2708 1022 2782 sibi
1048 2732 1171 2804 regem
1189 2706 1468 2783 constituissent.
1485 2710 1533 2781 Et
1549 2716 1651 2781 tanta

422 2819 623 2916 indignatio
640 2821 782 2897 Domini
800 2821 920 2896 extitit
936 2823 1112 2897 adversus
1136 2822 1218 2896 illos
1234 2822 1296 2920 qui
1314 2847 1460 2920 scysma
1477 2821 1648 2912 fecerant,

422 2945 463 3009 ut
480 2936 588 3010 etiarn
611 2961 694 3012 curn
721 2935 823 3011 homo
849 2936 915 3010 Dei
933 2937 977 3009 ad
1003 2937 1237 3012 Hieroboham
1256 2937 1388 3010 missus
1413 2947 1507 3012 esset
1531 2936 1649 3035 quiet

422 3060 568 3148 peccata
586 3076 651 3124 sua
676 3051 895 3138 cxbrobaret,
912 3060 1020 3148 atque
1046 3051 1220 3126 ultionem
1238 3051 1400 3125 futuram
1426 3049 1646 3149 prediceret,

410 3190 549 3265 'panem
559 3188 698 3264 quoque
707 3166 802 3263 apud
814 3164 895 3239 illos
904 3164 1007 3240 edere
1022 3176 1058 3240 et
1069 3162 1329 3263 aquambibere
1342 3172 1534 3238 vetaretur.
1543 3163 1646 3250 Quod

421 3304 504 3355 cum
530 3303 600 3354 non
626 3280 849 3368 custodisset,
872 3288 909 3354 et
925 3289 1049 3354 contra
1074 3289 1290 3379 praeceptum
1320 3279 1385 3354 Dei
1412 3276 1650 3377 prandidisset

421 3392 545 3466 statim
573 3392 705 3468 diviuae
734 3417 885 3469 censura
907 3392 1107 3469 maiestatis
1132 3417 1324 3491 percussus
1344 3402 1408 3482 est,
1429 3402 1471 3466 ut
1491 3392 1573 3467 inde
1595 3416 1649 3467 re·

425 3505 604 3601 grediens,
618 3506 753 3604 impetu
766 3529 809 3580 ac
824 3527 942 3579 morsu
957 3504 1070 3581 leonis
1084 3507 1121 3580 in
1135 3506 1264 3581 itinere
1278 3515 1479 3581 necaretur.
1492 3505 1589 3580 Idem
1601 3504 1649 3579 ad

421 3622 609 3716 Magnum.
623 3621 716 3696 Cum
729 3620 885 3718 primum
903 3619 1096 3718 discipulos
1110 3642 1192 3693 suos
1204 3618 1242 3692 in
1257 3617 1498 3694 ministerium
1516 3617 1647 3693 salutis

421 3732 595 3807 Dominus
612 3733 770 3809 mitteret
783 3732 970 3807 mandavit
982 3741 1018 3808 et
1030 3731 1130 3806 dixit.
1139 3734 1181 3805 In
1191 3730 1251 3804 via
1264 3730 1449 3805 nationum
1460 3755 1507 3805 ne
1519 3731 1648 3820 ieritis,

420 3856 457 3918 et
469 3845 507 3917 in
519 3843 705 3920 civitatem
720 3844 1029 3920 Samaritanorum
1042 3870 1088 3921 ne
1101 3844 1320 3920 introieritis.
1334 3844 1390 3918 Ad
1403 3844 1530 3919 Iudeos
1543 3844 1645 3941 prius

420 3955 579 4047 mittens,
595 3959 752 4054 gentiles
765 3968 885 4034 autem
899 3958 1018 4033 adhuc
1035 3958 1208 4059 praeteriri
1221 3958 1330 4034 iubet.
1344 3958 1513 4033 Addendo
1525 3969 1648 4034 autern

419 4081 456 4144 et
468 4070 653 4146 civitatem
664 4072 971 4146 Samaritanorum
981 4071 1108 4148 debere
1121 4070 1357 4160 ommitti,ubi
1367 4075 1650 4169 erantScysma·

420 4186 496 4274 tici,
512 4186 667 4261 ostendit
684 4186 920 4286 scysmaticos
944 4184 1144 4282 gentilibus
1168 4183 1349 4282 adequari.
1370 4187 1462 4259 Item
1487 4184 1532 4258 ad
1548 4207 1649 4257 eum-

420 4297 511 4373 dem.
528 4299 773 4374 Memorialem
787 4298 906 4397 inquit
920 4297 1003 4373 filiis
1016 4297 1138 4387 Israel,
1156 4308 1196 4373 ut
1212 4322 1282 4373 non
1296 4298 1442 4372 accedat
1455 4296 1648 4395 quisquam

419 4412 623 4508 alienigena
633 4413 695 4512 qui
705 4436 775 4487 non
785 4423 891 4489 estex
900 4412 1036 4488 semine
1047 4417 1165 4486 Aaron
1176 4411 1355 4509 imponere
1365 4409 1650 4485 incensumante

422 4525 628 4614 Dominum,
645 4536 687 4600 ut
704 4549 774 4601 non
791 4526 840 4600 sit
856 4526 952 4601 sicut
969 4523 1095 4612 Chore,
1111 4534 1148 4598 et
1162 4523 1315 4614 Datlran,
1331 4531 1368 4598 et
1386 4521 1530 4596 Abiron.
1546 4525 1650 4596 Atta-
