3608 5498
801 397 998 459 -497-

579 612 629 661 Ex
648 611 783 662 concilio
803 607 951 662 Africano
971 623 1043 678 cap.
1063 612 1221 664 valm.

384 765 528 840 Placuit
545 775 587 839 nt
603 763 802 838 secundum
820 763 1070 860 evangelicam
1094 774 1131 839 et
1154 765 1383 863 apostolicam
1408 765 1512 840 disci·

289 880 434 978 plinam,
450 904 565 977 neque
583 879 752 953 dimissus
776 879 820 952 ab
846 900 965 966 uxore,
982 903 1097 976 neque
1114 879 1260 953 dimissa
1277 905 1298 952 a
1318 879 1445 952 marito
1462 879 1511 952 al-

289 995 357 1070 teri
382 995 594 1090 iungantur,
619 994 679 1068 sed
705 993 755 1067 ita
777 1003 946 1068 maneant
969 1003 1033 1065 aut
1057 992 1201 1067 sibimet
1222 992 1510 1068 reconcilientur.

289 1110 389 1196 Quod
415 1110 445 1182 si
476 1108 756 1205 contempserint
779 1106 824 1180 ad
849 1107 1091 1206 paenitentiam
1124 1107 1345 1202 redigantur.
1374 1109 1415 1180 ln
1440 1130 1511 1203 qna

290 1246 400 1295 causa
419 1220 536 1316 legem
556 1219 777 1318 imperialem
796 1219 982 1316 petendam
1001 1219 1288 1317 promulgarunt.

425 1411 471 1462 De
491 1407 653 1462 adulterio
674 1422 715 1460 ex
735 1411 794 1462 v11
812 1408 905 1460 libris
923 1407 1098 1470 Augustini
1116 1404 1161 1458 ad
1179 1408 1381 1460 Pollentium.

386 1568 466 1638 Non
475 1574 531 1637 est
539 1562 683 1660 aliquod
696 1573 898 1637 excitemur
912 1584 980 1648 eos,
989 1561 1050 1658 qui
1062 1560 1284 1636 reconciliari
1298 1560 1514 1656 coniugibus

233 1732 235 1736 -
290 1676 463 1750 adulteris
480 1677 668 1773 penitendo
689 1676 758 1749 nisi
776 1676 820 1750 ad
846 1675 1112 1749 custodiendam
1138 1675 1405 1749 continentiam.
1424 1678 1515 1761 Quo·

291 1790 386 1862 niam
402 1789 532 1864 mulier
550 1790 701 1885 alligata
720 1800 773 1865 est
791 1787 949 1886 quandiu
965 1787 1040 1862 sive
1058 1787 1218 1876 mechus,
1231 1787 1308 1862 sive
1320 1798 1443 1862 castus
1456 1787 1513 1858 vir

289 1903 367 1976 eius
384 1902 485 1975 vivit.
503 1901 691 1976 Mechatur
716 1903 745 1974 si
765 1901 867 1975 alteri
895 1903 1066 2000 nupserit.
1092 1905 1138 1974 Et
1164 1901 1220 1972 vir
1245 1891 1420 1994 alligatus
1445 1912 1511 1988 est,

213 2032 215 2035 ’
289 2015 495 2111 quamdium
513 2015 590 2089 sive
611 2014 747 2101 mecha,
765 2015 842 2089 sive
859 2025 958 2088 casta
977 2039 1064 2087 uxor
1089 2016 1167 2090 eius
1194 2015 1297 2087 vivit.
1323 2015 1514 2090 Mechatur

291 2140 410 2202 autem
425 2127 454 2199 si
465 2126 781 2216 alteram‘dnxerit,
793 2126 869 2200 haec
883 2153 1038 2225 namque
1052 2128 1215 2222 alligatio
1227 2127 1514 2225 quandoquidem

290 2265 359 2315 non
386 2241 548 2328 solvitur,
566 2242 672 2314 etiam
692 2240 722 2313 si
741 2266 801 2337 per
819 2241 1005 2339 repudium
1023 2242 1178 2317 coniunx
1198 2266 1219 2313 a
1245 2251 1344 2318 casto
1360 2242 1514 2337 coniuge

291 2367 483 2453 separetur.
503 2354 616 2428 Multo
634 2355 754 2428 minus
772 2355 935 2441 solvitur,
949 2354 979 2427 si
994 2377 1064 2429 non
1083 2363 1245 2452 separata
1263 2355 1516 2440 mechanicae
1617 2389 1621 2397 ·

292 2493 354 2566 per
375 2469 440 2543 hoc
462 2491 530 2541 non
553 2493 632 2541 eam
649 2468 757 2541 solvit
775 2467 842 2540 nisi
863 2492 957 2542 mors
974 2468 1142 2562 coniugis
1156 2491 1225 2541 non
1240 2469 1278 2541 in
1297 2468 1515 2542 adulterium
1559 2481 1564 2491 '

292 2580 541 2656 coruentissed
551 2581 593 2654 de
603 2591 763 2676 correpto
776 2583 948 2655 exeuntis.
963 2585 1183 2680 Quapropter
1196 2582 1226 2655 si
1242 2583 1427 2656 recesserit
1442 2607 1518 2654 mu·

292 2695 359 2769 lier
371 2695 416 2768 ab
428 2693 599 2781 adultera,
611 2704 648 2768 et
664 2694 697 2767 ei
713 2694 933 2769 reconciliari
947 2717 1018 2768 non
1033 2694 1124 2783 vult,
1139 2704 1282 2768 maneat
1294 2694 1456 2791 innupta.
1470 2697 1517 2768 ut

293 2809 322 2881 si
341 2808 517 2882 dimiserit
531 2807 588 2880 vir
600 2806 798 2882 adulteram
820 2808 1018 2893 mulierem,
1035 2816 1071 2880 et
1084 2831 1162 2880 eam
1178 2830 1249 2880 non
1265 2805 1345 2880 vult
1359 2807 1516 2903 recipere

293 2947 360 2996 nec
378 2932 455 3018 post
469 2921 712 3018 penitentiam,
726 2922 902 2996 custodiat
919 2920 1189 2994 continentiam.
1204 2923 1249 2991 ut
1266 2919 1296 2991 si
1311 2942 1380 2992 non
1398 2944 1441 2993 ex
1458 2942 1516 2992 vo-

179 3049 183 3057 '
293 3035 431 3110 luntate
445 3035 602 3129 eligendi
616 3035 760 3133 potioris
776 3035 869 3123 boni,
886 3044 983 3110 certe
1000 3057 1044 3105 ex
1059 3031 1272 3107 necessitato
1285 3030 1422 3104 vitandi
1442 3054 1518 3127 per-

295 3147 421 3223 niciosi
442 3146 538 3220 mali.

629 3316 677 3365 Ex
696 3314 829 3367 conctlto
848 3315 1020 3367 Nsocesar.
1041 3325 1113 3379 cap.
1135 3315 1175 3364 11.

392 3467 522 3542 Mulier
539 3468 570 3540 si
588 3467 656 3541 duo
670 3466 842 3539 fratribus
861 3467 1021 3565 nupserit
1038 3490 1150 3563 usque
1164 3465 1208 3539 ad
1222 3476 1370 3540 mortem
1388 3466 1518 3541 abicia-

296 3591 366 3656 tur.
376 3585 634 3667 Verumtamen
648 3581 685 3653 in
702 3581 801 3654 exitu
817 3591 958 3676 propter
972 3579 1262 3668 misericordiam,
1276 3580 1306 3653 si
1316 3580 1518 3677 promiserit

297 3696 388 3794 quod
414 3695 508 3770 facta
527 3694 717 3770 incolumis
741 3695 850 3768 huius
876 3694 1138 3797 coniunctionis
1162 3693 1311 3768 vincula
1336 3693 1534 3783 dissolvat,¹

298 3809 456 3882 fructum
476 3808 690 3905 penitentiae
707 3818 956 3905 consequatur,
970 3817 1005 3881 et
1023 3807 1226 3881 communio
1243 3808 1275 3881 ei
1293 3807 1519 3882 concedatur.

299 3923 399 4009 Quod
417 3922 448 3994 si
466 3922 637 3996 defecerit
657 3921 714 3994 vir
740 3933 804 3995 aut
830 3921 969 4007 mulier,
987 3920 1023 3993 in
1046 3918 1179 3994 talibus
1197 3920 1344 4016 nuptiis,
1360 3918 1520 3993 difficilis

299 4037 368 4110 erit
385 4035 581 4133 penitentia
599 4035 635 4108 in
653 4036 730 4109 vita
747 4035 980 4132 permanenti.

616 4223 665 4273 Ex
685 4221 822 4274 concilio
843 4220 1000 4272 Anctreno
1020 4232 1092 4286 cup.
1110 4220 1195 4272 XVI.

395 4378 446 4449 De
465 4372 522 4447 his
538 4375 598 4472 qui
617 4372 910 4448 irrationabiliter
926 4374 1061 4447 versati
1079 4384 1166 4448 sunt
1183 4373 1261 4448 sive
1273 4383 1476 4461 versantur,
1485 4383 1521 4447 et

300 4489 462 4585 quicum
481 4487 665 4585 pecoribus
681 4497 717 4561 et
735 4485 905 4560 masculis
930 4510 967 4559 sa
993 4485 1332 4584 coinquinaverunt,
1349 4495 1521 4584 quotquot

1323 4600 1359 4653 aa
