3608 5498
669 407 863 473 -239-

160 525 377 624 dispensant,
391 533 427 602 et
441 524 571 601 divites
587 526 679 601 fiunt
691 524 734 602 de
753 524 858 600 rebus
875 549 1083 627 pauperum,
1096 526 1162 626 ipsi
1176 535 1262 604 sunt
1274 553 1379 604 num-

159 637 305 714 mularii
319 639 552 738 pecuniarum
570 664 712 715 mensas
729 637 901 715 habentes
923 639 1108 716 Christum
1130 642 1270 718 evertit,
1288 646 1380 730 Quo·

158 754 255 829 niam
269 764 389 828 autem
403 753 536 828 mensis
549 753 873 830 ecclesiasticarum
887 755 1120 854 pecuniarum
1134 757 1274 833 diaconi
1291 782 1379 856 prae·

159 877 255 955 sunt,
271 867 399 944 docent
415 891 478 942 nos
494 866 533 941 in
549 867 691 943 actibus
708 868 783 943 suis
802 868 969 967 Apostoli.
987 869 1079 946 Cum
1097 870 1233 948 factum
1251 871 1380 948 fuisset

159 980 278 1081 inquit
294 1007 459 1056 murmur
477 981 682 1057 Graecorum
701 981 746 1056 ad
765 982 931 1072 Hebreos,
949 1007 990 1059 eo
1006 984 1098 1083 quod
1110 984 1379 1084 despicerentur

158 1095 277 1171 viduae
294 1119 417 1172 eorum
435 1096 473 1170 in
490 1095 688 1172 ministerio
704 1095 881 1172 cotidiano
899 1095 1071 1173 dicebant.
1086 1101 1168 1173 Non
1180 1107 1235 1174 est
1247 1097 1379 1174 bonum

159 1233 222 1284 nos
236 1208 478 1309 relinquentes
491 1210 640 1285 verbum
652 1210 715 1286 Dei
726 1210 930 1285 ministrare
942 1212 1084 1288 mensis.
1093 1211 1229 1309 dlligite
1238 1235 1324 1310 ergo
1334 1237 1381 1289 ex

160 1323 261 1398 vobis
273 1333 408 1422 septem
422 1346 510 1423 quos
523 1323 786 1400 constituamus
799 1323 836 1399 in
846 1323 943 1401 huno
956 1350 1073 1401 nsum.
1085 1329 1160 1403 Nos
1172 1336 1291 1404 autem
1301 1352 1381 1402 ver·

160 1436 204 1512 bo
220 1436 285 1512 Dei
303 1436 478 1513 instantes
495 1436 640 1513 erimus.

689 1631 862 1718 cxxvu.

543 1835 593 1887 Ex
611 1835 747 1890 concilio
766 1835 990 1892 Bracharenst.

233 2007 376 2083 Placuit
392 2016 434 2081 ut
450 2003 620 2105 quicquid
641 2030 686 2082 ex
710 2006 897 2084 collatione
923 2007 1081 2083 fidelium
1106 2010 1264 2101 offertur,
1287 2010 1383 2109 apud

165 2148 279 2197 unum
295 2119 507 2198 clericorum
530 2119 682 2194 fideliter
706 2118 912 2216 colligatur,
937 2131 974 2196 et
995 2122 1191 2198 constituto
1214 2132 1383 2222 tempore,

165 2243 229 2310 aut
244 2232 354 2310 semel
371 2245 435 2308 aut
446 2232 502 2308 bis
516 2233 554 2306 in
566 2256 671 2323 anno,
683 2232 777 2308 inter
790 2259 910 2311 omnes
923 2236 1071 2312 clericos
1084 2236 1276 2312 dividatur.
1287 2240 1381 2313 Nam

163 2374 261 2425 nunc
275 2349 411 2425 modica
423 2373 467 2424 ex
479 2348 555 2446 ipsa
568 2347 741 2447 qualitate
752 2348 926 2425 discordia
934 2361 1142 2446 generatur,
1150 2351 1182 2426 si
1191 2350 1384 2451 unusquis·

166 2488 235 2563 que
251 2462 290 2538 in
308 2487 374 2537 sua
390 2463 590 2564 septimana
606 2461 699 2561 quod
717 2460 875 2537 oblatum
892 2463 1003 2539 fuerit
1019 2463 1087 2540 sibi
1102 2463 1277 2540 defendat.

676 2665 868 2752 CXXVIII.

608 2871 657 2922 Ex
675 2881 749 2935 cap.
768 2870 812 2923 VI
832 2869 936 2923 sinod.

263 3031 487 3133 Pracipimus
504 3056 550 3108 ne
567 3032 747 3108 Diaconns
763 3032 930 3130 quamvis
947 3031 984 3105 in
1002 3031 1181 3128 dignitate
1198 3030 1264 3107 hoc
1277 3042 1332 3108 est
1347 3032 1386 3104 in

167 3143 282 3220 officio
298 3144 455 3243 quolibet
471 3144 714 3221 ecclesiastico
730 3143 790 3235 sit,
806 3155 889 3220 ante
905 3144 1155 3246 presbyterum
1172 3144 1303 3235 sedeat,
1315 3143 1386 3219 nisi

166 3283 249 3333 cum
267 3259 365 3335 vices
381 3259 548 3334 habuerit
565 3257 695 3358 proprii
713 3258 936 3357 patriarcha,
953 3267 1017 3333 aut
1038 3256 1301 3356 metropolitani
1326 3281 1389 3356 pro

166 3370 286 3470 aliquo
302 3371 469 3470 capitulo.
486 3374 588 3446 Tunc
605 3371 700 3447 enim
718 3369 814 3445 sicut
830 3369 931 3443 illius
948 3369 1065 3446 locum
1088 3379 1215 3446 tenens
1238 3368 1388 3444 honora·

167 3482 274 3560 bitur.
291 3485 329 3559 Si
347 3485 429 3583 quis
445 3509 529 3561 vero
545 3483 813 3584 presumpserit
829 3481 907 3558 hoeo
924 3482 1116 3583 tyrannice
1134 3483 1265 3574 facere,
1277 3508 1299 3557 a
1311 3505 1389 3581 pro·

168 3597 244 3695 prio
259 3599 376 3696 gradu
397 3597 571 3697 repulsus,
588 3596 742 3672 ultimus
758 3597 919 3672 omnium
937 3597 1001 3672 fiat
1017 3596 1055 3671 in
1072 3596 1194 3673 ordine
1212 3620 1286 3673 suo.

676 3797 886 3883 cxxvlssl.

678 4001 729 4053 Ex
746 3998 873 4055 eodem

265 4156 400 4239 Nullus
416 4183 538 4240 eorum
556 4159 618 4260 qui
635 4170 939 4237 connumerantur
955 4161 995 4235 in
1012 4158 1119 4250 clero,
1134 4159 1390 4236 vestimentum

172 4278 339 4355 indecens
354 4276 483 4352 habeat
499 4276 576 4352 sive
593 4275 631 4349 in
649 4273 796 4350 civitate
811 4272 960 4370 degens,
976 4271 1054 4347 sive
1070 4270 1109 4344 in
1127 4270 1256 4347 itinere
1268 4271 1392 4347 ambu-

170 4390 261 4480 lans,
286 4391 346 4468 sed
370 4389 470 4466 stolis
494 4397 643 4465 utantur
668 4410 747 4486 quae
772 4410 949 4463 concessae
966 4395 1052 4460 sunt
1077 4383 1229 4461 clericis.
1246 4383 1286 4458 Si
1311 4383 1393 4483 quis

172 4527 256 4581 vero
272 4504 343 4580 tale
359 4503 446 4602 quid
463 4501 600 4591 fecerit,
615 4525 679 4602 per
695 4524 805 4575 unam
822 4497 1078 4580 hebdomadam
1096 4496 1346 4596 suspendatur.
