3608 5498
697 429 718 459 a
816 389 1014 451 -149-

304 507 440 583 Christi
450 508 656 606 incorrupta
665 519 720 584 est
728 519 764 584 et
773 509 911 607 pudica.
920 511 1039 584 Unam
1049 509 1193 584 domum
1202 534 1331 585 novam
1345 511 1455 586 unius
1466 537 1528 587 cu·

303 619 415 696 bieuli
428 620 657 698 sanctitatem
677 631 775 697 casto
787 621 919 719 pudore
945 624 1109 699 custodit.
1127 627 1216 699 Item
1235 624 1339 701 idem.
1357 628 1444 701 Haec
1464 650 1529 701 nos

304 737 377 810 Deo
390 734 600 810 servathaec
617 734 708 810 filios
726 758 837 832 regno
854 760 941 834 quos
962 736 1152 832 generavit
1169 737 1342 834 assignat.
1356 739 1528 837 Quisquis

301 848 346 923 ab
358 848 520 923 Ecclesia
533 858 749 944 segregatur
761 849 1138 946 adulteraeiuugitura
1155 850 1338 949 promissis
1357 852 1527 929 Ecclesiae

302 972 498 1060 separatur.
514 965 595 1037 Non
612 964 797 1061 perveniet
812 964 858 1038 ad
875 963 1011 1041 Christi
1025 964 1200 1063 premium
1215 965 1277 1063 qui
1296 965 1449 1063 reliquid
1462 971 1528 1042 Eo·

300 1077 446 1154 clesiam
460 1076 607 1153 Christi.
617 1077 769 1153 Alienus
777 1088 842 1168 est,
851 1078 1020 1177 profanus
1033 1089 1098 1168 est,
1111 1079 1223 1153 hostis
1236 1089 1301 1169 est,
1314 1078 1444 1155 habere
1453 1080 1526 1156 iam

301 1213 371 1264 nou
385 1199 500 1290 potest
516 1192 631 1264 Deum
644 1192 800 1280 Patrem,
812 1192 874 1289 qui
887 1215 958 1267 non
972 1192 1078 1267 habet
1091 1192 1291 1268 Ecclesiam
1309 1204 1473 1283 matrem,
1490 1205 1527 1271 et

305 1303 368 1401 qui
385 1326 457 1378 non
473 1302 631 1377 tenuerit
647 1302 863 1379 universalis
880 1305 1051 1380 Ecolesiae
1064 1305 1252 1381 unitatem.
1266 1307 1304 1379 Si
1318 1307 1433 1405 potuit
1445 1332 1527 1383 eva·

300 1416 383 1491 dere
400 1416 564 1515 quisquis
581 1426 682 1492 extra
693 1442 778 1492 area
795 1422 869 1495 Noe
882 1419 954 1493 fuit
966 1429 1002 1493 et
1014 1419 1076 1519 qui
1089 1429 1190 1494 extra
1202 1419 1403 1496 Ecclesiam
1416 1421 1526 1496 fuerit

298 1529 428 1604 evadit.
445 1532 567 1603 Monet
584 1527 755 1603 Dominus
768 1540 803 1606 et
816 1530 913 1607 dicit.
926 1532 995 1620 Qui
1009 1557 1079 1608 non
1092 1548 1147 1609 est
1164 1559 1317 1623 meeum,
1329 1534 1523 1610 adversum

300 1667 357 1718 me
373 1652 440 1732 est,
457 1641 566 1741 etqui
580 1665 649 1716 non
668 1641 810 1739 colligit
827 1669 979 1735 mecum,
992 1646 1177 1744 dispergit.
1194 1650 1286 1723 Item
1305 1657 1382 1745 post
1399 1672 1523 1746 pauca.

299 1757 388 1843 Quis
404 1780 492 1852 ergo
509 1755 562 1830 sic
580 1755 786 1831 sceleratus
803 1768 839 1832 et
855 1758 1021 1857 perfidus,
1038 1759 1120 1857 quis
1138 1760 1190 1836 sio
1203 1760 1388 1836 discordia
1404 1761 1524 1837 furore

297 1894 465 1959 vesanus,
482 1878 524 1943 ut
540 1878 604 1944 aut
620 1868 742 1944 credat
754 1870 868 1946 scindi
883 1896 993 1970 posse,
1006 1883 1070 1948 aut
1086 1874 1216 1950 audeat
1229 1875 1390 1951 scindere
1408 1876 1525 1950 unita·

294 1991 368 2056 tem
382 1981 459 2070 Dei,
475 1990 612 2057 vestem
630 1981 783 2071 Domini,
801 1983 1001 2061 Ecclesiam
1021 1986 1186 2063 Christi?
1202 1991 1292 2063 Item
1306 1998 1383 2086 post
1396 2013 1520 2087 pauca.

299 2098 414 2171 Nemo
430 2094 575 2171 estimet
591 2093 699 2168 bonos
712 2095 753 2170 de
771 2094 934 2172 Ecclesia
950 2099 1141 2186 discedere,
1154 2098 1315 2175 triticum
1330 2125 1414 2172 nam
1429 2101 1524 2199 rapit

297 2221 440 2300 ventus,
455 2236 521 2287 nec
533 2210 694 2285 arborem
712 2209 860 2284 solidam
874 2213 992 2288 radice
1006 2212 1192 2287 fundatam
1205 2211 1360 2310 procella
1377 2213 1523 2290 subver-

294 2327 349 2401 tit.
362 2330 492 2402 lnanes
504 2326 614 2424 palem
626 2335 837 2424 tempestate
855 2326 1050 2416 iactantur,
1067 2336 1103 2401 et
1120 2325 1278 2400 invalide
1290 2326 1433 2401 arbores
1448 2336 1524 2402 tur·

295 2439 390 2515 binis
406 2440 610 2516 incursione
626 2448 831 2529 vertuntur,
843 2439 908 2514 hos
924 2450 1114 2517 execratur
1130 2450 1167 2515 et
1179 2439 1336 2539 percutit
1348 2440 1523 2518 Iohannes

294 2554 485 2652 Apostolus
502 2554 635 2629 dicens.
654 2557 707 2626 Ex
723 2552 825 2629 nobis
841 2553 1007 2629 exierunt
1023 2554 1170 2629 sednon
1186 2563 1290 2628 erant
1302 2578 1347 2629 ex
1358 2554 1468 2629 nobis.
1482 2555 1521 2629 Si

293 2669 389 2742 enim
406 2667 560 2743 fuissent
575 2691 620 2742 ex
635 2667 736 2742 nobis
753 2667 972 2741 mansissent
988 2665 1175 2742 nobiscum
1192 2665 1279 2742 hinc
1292 2691 1410 2743 ereses
1422 2677 1459 2743 et
1470 2668 1521 2741 fa-

293 2792 350 2857 cte
367 2791 453 2856 sunt
477 2781 682 2879 frequenter
699 2790 736 2855 et
760 2781 863 2855 fiunt.
888 2782 981 2854 Dum
1004 2805 1173 2878 perversa
1199 2804 1302 2856 mens
1326 2781 1521 2859 nonhabet

295 2919 419 2992 pacem
437 2895 521 2969 dum
540 2894 686 2993 perfidia
702 2894 909 2971 discordans
926 2917 997 2969 non
1018 2902 1118 2970 tenet
1134 2893 1323 2984 unitatem,
1341 2894 1418 2969 fieri
1434 2918 1520 2971 vero

296 3009 373 3086 haec
389 3009 564 3085 Dominus
581 3009 756 3108 permittit
772 3019 809 3085 et
821 3008 968 3108 patitur,
985 3018 1153 3084 manente
1175 3007 1324 3106 propriae
1344 3007 1521 3084 libertatis

293 3123 450 3211 arbitrio,
466 3133 509 3197 ut
524 3123 610 3197 dum
627 3123 733 3199 corda
749 3134 786 3200 et
810 3130 949 3198 mentes
966 3131 1107 3199 nostras
1123 3120 1288 3195 veritatis
1312 3119 1519 3198 discrimine

292 3236 484 3325 examinat,
501 3235 727 3334 probatorum
753 3236 839 3311 fides
856 3235 1001 3333 integra
1019 3236 1210 3310 manifesta
1235 3236 1316 3311 luco
1333 3236 1518 3312 clarescat.

294 3352 362 3425 Per
388 3349 594 3448 Apostolum
620 3360 815 3447 premonet
840 3348 998 3448 Spiritus
1022 3358 1171 3423 sanctus
1197 3357 1234 3422 et
1257 3345 1354 3422 dicit.
1373 3348 1519 3444 Oportet

290 3464 432 3540 hereses
456 3488 533 3540 esse
549 3473 591 3538 ut
615 3463 677 3562 qui
702 3463 838 3562 probati
855 3472 942 3537 sunt
967 3460 1150 3536 manifesti
1176 3460 1249 3535 sint
1273 3460 1311 3534 in
1328 3459 1438 3534 vobis.
1456 3461 1517 3537 Sic

291 3579 484 3677 proluuntur
501 3577 632 3668 fideles,
649 3578 701 3654 sio
720 3577 843 3675 perfidi
861 3577 1091 3671 deteguntur.
1108 3577 1198 3650 Item
1215 3574 1254 3646 in
1276 3573 1517 3672 sequentibus.

290 3695 405 3779 Quam
423 3691 490 3766 sibi
508 3716 631 3790 pacem
650 3691 864 3790 promittunt
881 3688 1021 3762 inimici
1035 3689 1218 3764 fratrum?
1235 3691 1323 3775 Quae
1340 3687 1517 3763 sacrificia

290 3804 468 3880 celebrare
480 3829 518 3878 se
531 3805 684 3880 credunt
696 3803 808 3878 emuli
823 3805 1075 3879 sacerdotum?
1089 3805 1219 3877 Secum
1237 3826 1314 3878 esse
1328 3801 1515 3878 Christum

291 3944 373 3993 eum
391 3918 532 3994 collecti
545 3919 682 3994 fuerint
699 3917 903 4016 opinantur,
927 3915 989 4014 qui
1007 3924 1108 3990 extra
1124 3915 1325 3991 Ecclesiam
1341 3914 1519 4011 colligun-

290 4037 377 4106 tur?
394 4031 498 4106 Tales
514 4030 624 4107 etiam
642 4032 674 4106 si
690 4031 798 4107 occisi
816 4031 952 4108 luerint
968 4029 1008 4103 in
1025 4029 1245 4105 confessione
1262 4027 1429 4118 nominis,
1444 4055 1516 4103 ma-

290 4144 372 4219 cula
388 4144 457 4221 ista
474 4171 541 4222 neo
558 4145 737 4242 sanguine
761 4145 932 4222 abluitur.
949 4144 1179 4244 Inexpiabilis
1204 4155 1240 4219 et
1264 4143 1391 4240 gravis
1408 4143 1514 4242 culpa

288 4257 482 4349 discordie,
499 4284 566 4334 neo
582 4260 744 4358 passione
767 4271 954 4360 purgatur.
971 4264 1060 4335 Esse
1078 4269 1218 4359 martyr
1230 4282 1301 4333 non
1314 4268 1428 4356 potest
1451 4259 1513 4357 qui

287 4371 325 4444 in
342 4374 506 4448 Ecclesia
522 4397 592 4448 nou
609 4385 674 4449 est.
691 4375 746 4449 Ad
764 4399 919 4471 regnum
932 4375 1118 4473 pervenire
1137 4397 1208 4448 non
1226 4381 1340 4470 potest
1352 4373 1415 4470 qui
1431 4398 1510 4448 eam

287 4508 366 4584 quae
383 4497 580 4584 regnatura
592 4497 647 4563 est
659 4487 867 4587 dereliquid.
880 4492 927 4563 Et
942 4496 1019 4587 post
1035 4512 1159 4587 pauca.
1172 4488 1266 4565 Cum
1280 4488 1353 4562 Deo
1365 4511 1512 4564 manere
