3608 5498
673 402 870 467 -225-

157 548 220 621 per
242 547 365 601 omnes
382 526 536 602 habeant
552 526 730 604 ecclesias.
750 529 831 601 Non
855 524 951 602 enim
976 522 1247 624 qualiscumque
1270 522 1381 601 bonor

158 647 224 726 est,
241 639 396 714 antistiti
415 640 481 715 Dei
498 639 636 716 servire
651 641 690 714 in
709 638 860 716 ecclesia
876 638 1074 729 dumtaxat,
1091 648 1133 715 ut
1148 639 1311 716 sacerdos
1332 648 1382 714 to

158 750 233 825 tius
249 752 484 829 ecclesiastici
501 754 645 829 honoris
658 753 793 850 dignus
805 753 987 829 habeatur.
1000 753 1114 828 Maior
1126 751 1221 829 enim
1234 753 1318 828 ordo
1329 751 1383 827 in·

157 872 213 939 ter
225 889 274 956 se,
292 867 434 965 etapud
449 866 618 958 sehabet
636 867 819 943 minorem.
836 867 1030 966 Presbyter
1045 866 1140 944 enim
1153 875 1191 942 et
1203 866 1383 943 Diaconus

157 977 236 1075 agit
247 978 459 1068 officium,et
468 981 653 1057 exorcistae
663 999 699 1056 et
707 980 867 1057 lectores.
881 980 1076 1078 Presbyter
1087 989 1207 1055 autem
1217 978 1381 1076 intellegi

157 1091 372 1190 episcopum.
391 1093 521 1170 Probat
537 1095 728 1193 Apostolus
745 1092 892 1183 Paulus,
905 1118 989 1170 cum
1007 1093 1191 1170 Timotheo
1206 1117 1312 1193 quem
1329 1115 1384 1168 or·

157 1204 297 1281 dinavit
316 1205 583 1306 Presbyterum,
604 1207 754 1282 instruit
778 1207 920 1305 qualem
945 1207 1071 1283 debeat
1095 1232 1216 1283 creare
1242 1206 1383 1306 Episco-

158 1342 253 1415 pum.
270 1320 364 1407 Quid
380 1323 435 1396 est
451 1321 547 1396 enim
565 1321 761 1420 Episcopus
777 1321 848 1396 nisi
866 1320 1053 1420 presbyter
1071 1321 1219 1420 primus,
1235 1320 1302 1396 hoc
1327 1330 1383 1396 est

158 1457 323 1506 summus
341 1433 536 1509 Sacerdos?
554 1434 715 1532 Denique
733 1458 803 1509 non
820 1433 926 1510 aliter
942 1459 1050 1534 quam
1069 1434 1383 1534 Compresbyteros

157 1549 221 1621 hos
242 1557 357 1636 vocat,
373 1551 409 1623 et
426 1548 712 1624 consacerdotes
728 1549 914 1648 Numquid
936 1559 973 1624 et
993 1548 1176 1624 ministros
1193 1549 1383 1624 Condiaco-

157 1683 221 1735 nos
238 1686 320 1736 suos
341 1661 429 1736 dicit
446 1662 669 1759 Episcopus?
685 1665 764 1737 Non
784 1664 917 1762 utique.
935 1663 1028 1751 Quia
1054 1663 1167 1738 multo
1191 1661 1380 1739 inferiores

158 1785 255 1863 sunt,
273 1785 309 1851 et
325 1785 430 1873 turpe
447 1784 502 1850 est
519 1775 629 1850 iudici
647 1775 764 1852 dicere
783 1803 821 1854 se
838 1778 1130 1876 primiscrinium.
1142 1781 1235 1852 Nam
1249 1777 1288 1850 in
1301 1777 1383 1853 Ale·

157 1889 317 1979 xandria,
334 1897 370 1965 et
387 1914 448 1987 per
467 1899 581 1964 totum
599 1891 787 1989 Egiptum,
803 1890 833 1965 si
855 1890 947 1966 desit
968 1891 1176 1989 Episcopus,
1191 1889 1383 1985 consignat

158 2002 511 2101 PresbyterQnanta
523 2011 644 2078 autem
654 2003 702 2078 sit
710 2003 870 2100 dignitas
883 2003 1017 2079 ordinis
1025 2003 1265 2095 sacerdotalis,
1273 2028 1383 2080 causa

157 2116 311 2191 ostendit
328 2115 496 2214 Cayphae.
510 2116 581 2204 Qui
599 2141 683 2192 cum
700 2127 794 2192 esset
818 2116 921 2193 homo
946 2118 1123 2216 pessimus
1148 2115 1382 2216 prophetavit.

158 2233 275 2317 Quare
289 2230 438 2329 inquid?
451 2230 543 2318 Quia
557 2230 723 2330 princeps
736 2239 814 2307 erat
827 2231 1059 2307 sacerdotum.
1076 2234 1124 2306 ut
1134 2229 1278 2320 iterum,
1291 2229 1383 2304 mul·

157 2353 234 2418 tum
248 2345 381 2419 distare
394 2343 488 2420 inter
501 2344 689 2420 diaconum
698 2352 735 2419 et
747 2344 978 2434 sacerdotem,
990 2342 1081 2420 liber
1092 2343 1262 2442 appmbat
1274 2367 1382 2442 quem

157 2459 310 2536 dicimus
326 2464 441 2535 Actus
459 2457 719 2557 Apostolorum.
737 2459 829 2534 Cum
848 2458 945 2534 enim
966 2482 1010 2533 ex
1037 2457 1198 2532 Samaria
1215 2456 1384 2533 credidis-

156 2584 237 2649 sent
249 2570 425 2672 Phylippo
437 2572 652 2671 praedicante
668 2572 815 2647 diacono
828 2571 874 2647 ab
891 2571 1069 2670 Apostolis
1084 2571 1256 2660 ordinato,
1276 2569 1383 2646 mise·

157 2697 243 2762 runt
255 2686 374 2786 inquit
389 2686 434 2760 ad
449 2690 596 2763 Petrum
610 2696 646 2763 et
659 2685 865 2776 Iohannem,
880 2695 922 2760 ut
934 2685 1102 2761 venirent
1114 2683 1219 2761 ethis
1231 2683 1292 2783 qui
1306 2707 1382 2760 ore-

155 2802 591 2901 diderantdareSpiritum
607 2805 795 2889 Sanctum,
808 2823 870 2898 per
884 2824 1013 2874 manus
1024 2797 1297 2897 impositionem.
1310 2797 1382 2874 Sed

155 2914 260 2989 inscii
269 2915 374 2991 credo
382 2914 652 3013 scripturarum,
665 2924 729 2989 aut
741 2915 965 2990 immemores
976 2912 1071 3009 legis
1083 2913 1160 2988 hmc
1172 2912 1378 2991 defendunt.

155 3029 341 3105 Recordari
359 3051 446 3126 ergo
463 3030 576 3119 debet,
588 3028 651 3128 qui
664 3029 734 3103 ista
747 3038 850 3127 putat
862 3026 1062 3113 asserenda,
1076 3026 1162 3125 quid
1174 3025 1311 3102 lecistis
1323 3049 1383 3101 ac·

155 3142 282 3218 ciderit
298 3168 380 3218 cum
398 3142 504 3218 aliter
520 3148 695 3240 saperent.
712 3141 803 3217 (lum
821 3141 918 3216 enim
936 3138 1049 3215 nichil
1066 3139 1161 3215 inter
1176 3141 1384 3218 sacerdotes·

155 3262 191 3330 et
203 3255 332 3330 levitas
345 3253 459 3331 nichil
472 3253 566 3328 inter
575 3277 652 3329 esse
665 3263 931 3351 praesumerent,
940 3251 1139 3329 Deoiudioe
1146 3253 1262 3354 hyatu
1276 3264 1381 3331 terrae

154 3369 285 3444 absorti
308 3378 404 3457 sunt,
421 3367 536 3443 Chore
552 3377 589 3443 et
613 3367 877 3442 consentientes
893 3365 937 3454 ei,
953 3375 990 3440 et
1010 3366 1100 3442 COL
1118 3367 1215 3443 viros
1238 3377 1378 3443 torrens

155 3481 252 3576 ignis
269 3480 379 3555 simul
399 3479 695 3578 consumpsisse
720 3480 826 3554 Ozias
852 3503 915 3554 rex
938 3503 1024 3554 curn
1049 3503 1137 3578 opus
1160 3479 1379 3558 sacerdotale

156 3586 395 3692 praesumeret,
411 3594 509 3691 lepra
527 3592 695 3690 perfusus
710 3603 777 3684 est,
795 3604 837 3669 ut
852 3594 920 3670 hoc
937 3594 1062 3692 utique
1082 3595 1242 3694 exemplo
1258 3592 1379 3672 caeteri

154 3707 282 3797 territi,
291 3731 362 3782 non
371 3707 545 3782 auderent
557 3706 649 3804 quod
661 3729 870 3781 eoncessum
881 3729 953 3779 non
966 3715 1020 3781 est
1033 3707 1258 3804 praesumere.
1269 3710 1378 3782 Nunc

155 3820 251 3896 enirn
265 3820 428 3899 videmus
445 3820 610 3896 diaconos
625 3828 772 3908 temere,
783 3817 876 3917 quod
888 3818 1112 3895 sacerdotum
1126 3830 1303 3917 estagere
1316 3822 1380 3918 per'

153 3935 319 4010 convivia
332 3944 368 4010 et
380 3935 417 4008 in
431 3933 587 4010 oratioue
600 3932 637 4008 id
649 3931 756 4019 velle,
765 3942 807 4007 ut
820 3930 1074 4028 respondeatur
1086 3930 1170 4020 illis,
1184 3955 1268 4007 cum
1281 3931 1379 4008 istud

153 4047 237 4121 solis
254 4046 361 4123 liceat
377 4046 627 4122 sacerdotibus.
645 4044 793 4120 Diaconi
810 4067 896 4119 vero
912 4043 996 4118 ordo
1017 4053 1083 4134 est,
1107 4045 1267 4143 accipere
1284 4069 1305 4119 a
1324 4071 1379 4120 sa·

155 4159 305 4249 cerdote,
322 4167 358 4235 et
374 4159 426 4236 sic
443 4158 583 4234 tradere
601 4158 704 4258 plebi.
722 4155 834 4230 Vides
850 4155 943 4254 quod
961 4155 1077 4256 pariat
1099 4181 1194 4230 vana
1211 4182 1379 4256 praesum·

155 4271 255 4369 ptio‘l
271 4274 500 4347 Immemores
516 4270 613 4346 enim
631 4270 782 4345 elatione
804 4267 947 4357 mentis,
964 4291 1005 4344 eo
1027 4268 1121 4366 quod
1144 4269 1291 4345 videant
1314 4273 1381 4345 Ro

157 4408 273 4460 manae
290 4384 463 4461 Ecclesiae
480 4409 518 4460 se
535 4409 612 4460 esse
630 4382 824 4470 ministros,
839 4403 910 4455 non
927 4380 1154 4457 considerant
1169 4381 1254 4480 quid
1267 4381 1379 4456 illisa

156 4498 307 4574 Domino
323 4499 505 4593 decretum
524 4498 584 4594 sit,
600 4507 636 4574 et
653 4497 737 4598 quid
755 4496 908 4595 debeant
919 4494 1107 4571 custodire.
1119 4495 1189 4570 Sed
1201 4503 1237 4572 et
1248 4494 1381 4571 tollunt

1165 4610 1199 4667 15
