3608 5498
805 421 1002 484 -419-

288 543 392 617 noxia
405 553 554 618 conatur
567 544 709 632 inferro,
722 568 849 619 verum
863 543 970 617 etiam
985 543 1046 641 qui
1059 542 1172 618 eidem
1186 543 1424 640 congruentia
1442 543 1513 618 dis·

289 655 436 731 simulat
449 657 641 755 providcre.
655 656 889 732 Serenissime
903 657 1095 755 imperator
1108 680 1177 732 non
1195 657 1311 733 solnm
1329 657 1390 755 qui
1403 657 1510 732 noxia

290 770 422 845 inferre
440 782 600 860 conatur,
617 798 743 847 verum
761 771 868 846 etiam
883 770 945 869 qui
959 772 1199 866 congruentia
1215 770 1398 869 providere
1411 770 1513 845 dissi-

290 885 404 959 mulat
420 886 465 959 ad
483 886 670 961 ecclesiam
689 909 758 960 non
776 884 953 982 pertinere
971 886 1212 981 cognoscitur,
1235 895 1367 982 quanto
1391 883 1511 960 labore

289 998 391 1073 nobis
402 998 617 1074 studendum
631 1007 696 1087 est,
709 1008 750 1073 nt
763 1021 834 1072 non
847 996 962 1072 solnm
974 996 1158 1073 noxianon
1167 997 1376 1086 inieramus,
1385 1020 1512 1071 verum

291 1111 399 1186 etiarn
413 1109 584 1186 aecclesia
596 1110 660 1186 Dei
675 1110 858 1208 providere
871 1119 1051 1186 certemus
1064 1111 1312 1206 congruentia.
1329 1110 1424 1185 Idem
1443 1113 1513 1184 En·

293 1224 452 1321 geberge
470 1223 688 1321 imperatrici
703 1224 798 1299 inter
810 1233 939 1300 cetera.
953 1223 1034 1300 Scio
1047 1224 1141 1299 enim
1155 1234 1191 1299 et
1203 1233 1325 1300 certus
1336 1249 1416 1299 sum
1430 1223 1515 1321 quia

291 1348 470 1414 venturus
483 1338 589 1414 iudex
602 1349 763 1414 sanctam
776 1364 877 1413 suam
892 1336 1092 1412 aecclesiam
1101 1337 1146 1412 ah
1159 1338 1322 1435 utrisque
1330 1337 1432 1412 nohis
1440 1361 1510 1412 non

289 1451 404 1527 solum
430 1451 572 1550 qualem
598 1451 787 1539 commisit,
812 1451 921 1525 immo
945 1449 1054 1525 etiam
1080 1451 1282 1540 cultiorem,
1300 1450 1513 1540 liberiorem,

290 1566 509 1663 quietiorem,
526 1564 805 1664 amplioremque
818 1562 989 1661 requiret,
1002 1588 1110 1662 quam
1123 1573 1217 1639 esset
1229 1588 1313 1639 curn
1328 1588 1391 1638 nos
1403 1563 1448 1637 ad
1462 1587 1514 1638 re·

289 1679 413 1774 gimen
430 1679 509 1755 eius
525 1703 565 1755 eo
581 1679 788 1776 disponente
805 1677 1034 1754 accessimus.
1051 1682 1099 1753 Et
1115 1678 1193 1753 ideo
1217 1677 1362 1754 solliciti
1387 1703 1514 1753 sumus

291 1817 361 1867 non
378 1792 493 1868 solnm
511 1817 574 1893 pro
589 1793 691 1868 nobis
709 1817 833 1868 verum
852 1791 961 1867 etiarn
981 1815 1043 1892 pro
1066 1792 1177 1881 vobis,
1200 1816 1245 1866 ne
1269 1791 1401 1866 nostris
1427 1800 1516 1867 tem·

291 1905 433 2004 poribus
449 1906 606 2003 sinistris
621 1906 846 2005 opinionibus
864 1903 1079 1992 maculetur,
1095 1929 1141 1980 ne
1157 1904 1248 2003 quod
1264 1903 1359 1979 absit
1382 1904 1516 1978 nostris

291 2019 457 2095 manibus
473 2019 574 2095 nobis
591 2019 764 2095 clausisse
781 2019 1008 2116 sempiternae
1024 2019 1110 2095 vim
1134 2019 1279 2092 ianuam
1304 2017 1514 2094 iudicemur.

847 2229 956 2313 01111.

387 2463 538 2535 Ioannes
551 2460 747 2559 Episcopus
761 2462 892 2537 Karolo
904 2462 1052 2559 gloriosi
1067 2462 1145 2559 regi
1156 2462 1249 2538 inter
1259 2472 1387 2539 cetera.
1397 2461 1517 2558 Igitur

292 2574 376 2670 quia
393 2574 488 2649 sicut
506 2574 655 2648 Domino
671 2573 809 2671 placuit
827 2574 1050 2650 Hludovicus
1063 2576 1240 2672 gloriosus
1253 2579 1447 2673 Imperator
1460 2576 1517 2651 de·

292 2688 439 2762 iunctus
455 2697 520 2774 est,
536 2712 619 2762 curn
637 2712 700 2762 nos
717 2711 804 2786 quos
822 2690 859 2761 in
878 2689 954 2764 loco
972 2690 1050 2764 aius
1067 2690 1219 2789 propitia
1235 2690 1424 2765 divinitate
1437 2715 1517 2765 sno-

291 2801 418 2876 cedere
426 2800 604 2875 debuisset
617 2825 701 2875 cum
715 2800 888 2876 fratribus
902 2803 1043 2891 nustria,
1055 2813 1092 2878 et
1105 2803 1278 2880 inclinato
1286 2807 1443 2879 Romano
1455 2805 1516 2877 Sc·

292 2927 381 2990 natu
396 2914 613 2989 concorditer
626 2924 877 3005 tractaremus,
889 2915 1073 2991 devotione
1087 2926 1123 2991 et
1140 2916 1207 2991 fide
1224 2927 1287 2990 tua
1300 2917 1345 2991 ad
1358 2917 1515 2992 medium

291 3028 453 3117 deducta,
470 3027 563 3103 hanc
582 3028 686 3102 multi
704 3027 825 3124 dignis
843 3029 1029 3127 praeconiis
1045 3029 1170 3104 efferre
1191 3039 1373 3128 ceperunt.
1399 3029 1514 3104 Cuius

291 3152 327 3217 et
342 3167 406 3216 nos
423 3166 493 3216 non
510 3141 626 3217 solnm
644 3143 775 3216 nostris
792 3142 927 3228 diebus,
944 3142 1005 3217 sed
1022 3143 1131 3216 etiam
1144 3142 1239 3217 beati
1253 3146 1358 3241 Papae
1375 3141 1515 3217 Nicolai

292 3266 447 3353 tempore
465 3255 745 3339 reminiscentes,
761 3253 994 3331 exellentiam
1013 3263 1112 3328 tuam
1130 3253 1173 3327 ad
1193 3253 1359 3329 honorem
1373 3262 1409 3328 ct
1420 3253 1515 3329 exal·

293 3368 461 3441 tationem
480 3369 621 3441 Sancta
637 3370 804 3441 Romanae
822 3365 1008 3442 AEeclesioe
1023 3377 1061 3441 et
1076 3365 1122 3440 ad
1138 3366 1368 3442 securitatem
1394 3366 1514 3464 populi

294 3478 491 3554 Christiani
508 3478 709 3575 eligendam
728 3503 805 3554 esse
822 3479 1056 3576 speravimus.

871 3681 942 3766 GV.

621 3886 670 3936 Ex
687 3887 818 3949 regesto
837 3886 882 3936 Vl
900 3884 1058 3960 Stephani
1077 3887 1189 3951 Papae.

391 4045 595 4144 Stephanus
612 4045 807 4143 Episcopus
821 4048 956 4120 Servus
969 4069 1152 4121 servorum
1168 4047 1233 4121 Dei
1247 4046 1379 4122 Karolo
1390 4047 1519 4143 glorio-

296 4159 325 4231 si
344 4156 549 4255 imperatori
566 4158 661 4249 inter
678 4169 807 4233 cetera.
826 4159 877 4233 De
895 4169 1021 4234 cratero
1038 4171 1196 4234 vestram
1214 4160 1424 4236 convenerit
1447 4159 1518 4235 cel·

294 4272 421 4359 situdo,
438 4271 575 4345 litteras
588 4281 707 4347 vestro
719 4272 862 4346 nominc
875 4271 1071 4368 insignitas
1084 4272 1127 4346 ad
1142 4296 1206 4347 nos
1223 4276 1275 4346 III
1292 4272 1365 4348 kal.
1382 4272 1519 4372 Aprilis

296 4384 509 4481 pervenisse.
525 4385 568 4456 In
584 4383 715 4481 quibus
736 4382 987 4460 continebatur
1013 4407 1076 4459 ros
1101 4387 1224 4459 ΧΙΙΙΙο
1249 4395 1327 4483 post
1351 4396 1518 4462 sanctum

296 4497 443 4574 Pascha
459 4499 552 4574 diem
570 4498 744 4595 placitum
762 4505 884 4573 tenere
901 4496 938 4570 in
959 4495 1185 4588 Alamannia,
1201 4498 1246 4573 ad
1262 4498 1520 4600 quod-Sanctae
