3608 5498
805 392 1000 455 -151-

293 523 392 587 metu
411 510 545 608 pericli.
563 515 641 598 Qua
658 511 778 607 gratia
795 511 1048 611 praeparandus
1065 523 1120 586 est
1140 512 1296 600 animus,
1317 513 1514 588 exercenda

295 649 407 713 mens,
425 622 636 698 stabilienda
653 623 698 696 ad
711 623 961 713 constantiam,
974 636 1016 700 ut
1028 625 1140 700 nullis
1152 624 1352 725 perturbari
1370 625 1515 699 animus

293 737 404 836 possit
420 736 615 811 terroribus
632 735 744 810 nullis
757 736 879 833 frangi
894 738 1078 829 molestiis,
1090 738 1201 813 nullis
1214 738 1399 838 suppliciis
1416 739 1516 814 cede·

292 875 432 949 requae
448 849 592 926 difficile
610 850 753 948 quidem
768 851 1083 932 sustinentur,sed
1101 852 1185 951 quia
1203 852 1321 926 omnia
1339 851 1514 952 supplicia

292 965 501 1060 graviorum
520 964 777 1065 suppliciorum
795 965 995 1040 vincuntur
1012 965 1212 1054 formidine,
1229 965 1307 1039 ideo
1325 964 1354 1038 si
1368 964 1515 1039 consilio

293 1079 413 1154 firmes
430 1079 592 1152 animum
609 1090 726 1168 tuum,
738 1104 805 1155 nec
818 1105 839 1152 a
853 1079 988 1154 ratione
1006 1079 1259 1155 discedendum
1274 1088 1378 1178 putes
1390 1089 1427 1154 et
1438 1103 1515 1179 pro

291 1214 400 1292 ponas
417 1193 532 1266 divini
549 1192 673 1268 iudicii
692 1204 827 1268 metum
844 1193 1005 1294 perpetui
1024 1191 1190 1293 supplicii
1211 1202 1399 1281 tormenta,
1415 1203 1514 1289 potes

292 1306 404 1380 animi
422 1306 541 1382 subire
558 1307 797 1397 tolerantiam,
814 1307 882 1383 hoc
899 1308 1017 1405 igitur
1030 1306 1226 1404 diligentia
1239 1317 1303 1396 est,
1316 1316 1357 1380 ut
1369 1306 1450 1405 quis
1463 1307 1514 1382 ita
1615 1357 1617 1360 <

298 1444 335 1495 se
349 1430 538 1520 comparet,
550 1420 641 1496 illud
655 1421 805 1518 ingenii,
817 1421 848 1494 si
867 1422 948 1519 quis
965 1431 1080 1523 potest
1095 1420 1222 1517 vigore
1240 1420 1371 1495 mentis
1388 1421 1514 1520 praevi-

292 1533 373 1609 dere
387 1558 467 1632 quoe
480 1534 603 1609 futura
617 1545 713 1625 sunt,
726 1545 763 1611 et
775 1544 958 1633 tamquam
972 1544 1056 1609 ante
1074 1532 1194 1609 oculos
1206 1533 1322 1608 locare
1339 1531 1424 1630 quid
1439 1556 1515 1632 pos-

292 1647 340 1722 sit
352 1648 525 1738 accidere,
543 1659 579 1724 et
596 1648 681 1747 quid
699 1673 809 1745 agere
825 1648 950 1724 debeat
967 1646 997 1720 si
1020 1646 1071 1720 ita
1090 1645 1262 1720 acciderit
1278 1644 1442 1720 diffinire.
1458 1648 1515 1720 In·

290 1762 432 1837 terdum
446 1763 515 1837 duo
531 1773 568 1837 et
583 1762 654 1837 tria
671 1762 780 1836 simul
798 1762 942 1837 volvere
955 1762 1075 1836 animo
1088 1785 1167 1859 quae
1180 1760 1350 1849 coniceat,
1362 1771 1426 1835 aut
1442 1760 1515 1835 siu·

290 1877 390 1973 gula,
406 1887 470 1952 ant
487 1876 679 1952 coniuncta
696 1876 856 1952 accidere
875 1886 953 1973 post
970 1901 1019 1965 se,
1036 1885 1072 1950 et
1087 1885 1152 1950 aut
1169 1873 1337 1972 singulis,
1353 1885 1417 1949 aut
1434 1898 1515 1950 con·

290 1991 427 2067 iunctis
444 1990 629 2090 disponere
645 2001 750 2065 actus
767 2013 855 2088 quos
872 1988 1061 2085 intellegat
1079 1988 1294 2087 profuturos,
1311 1987 1414 2062 fortis
1426 2011 1513 2084 ergo

290 2118 346 2182 est
361 2106 444 2192 viri,
459 2129 528 2180 non
547 2104 773 2180 dissimulare
790 2130 874 2180 cum
888 2103 1025 2202 aliquid
1038 2103 1236 2191 immineat,
1249 2103 1310 2177 sed
1322 2103 1514 2203 praetende·

291 2243 340 2310 re,
356 2229 392 2294 et
408 2229 593 2316 tamquam
611 2217 792 2315 explorare
806 2217 848 2292 de
862 2217 1007 2317 specula
1025 2217 1177 2316 quadam
1196 2217 1327 2291 mentis
1344 2227 1380 2291 et
1396 2216 1514 2290 obvia-

289 2358 328 2408 re
341 2332 558 2428 cogitatione
571 2333 717 2432 provida
732 2333 837 2408 rebus
854 2331 1000 2421 futuris,
1014 2357 1059 2407 ne
1073 2331 1162 2405 forte
1180 2331 1277 2406 dicat
1293 2341 1424 2431 postea,
1436 2331 1514 2406 ideo

290 2448 359 2522 ista
383 2448 494 2524 incidi
519 2447 699 2545 quianon
725 2447 925 2522 arbitrabar
949 2471 1050 2547 posse
1076 2445 1230 2521 evenire.
1256 2445 1417 2543 Denique
1442 2444 1513 2517 nisi

289 2562 518 2663 explorentur
534 2562 683 2638 adversa
697 2562 769 2637 cito
781 2570 969 2660 occupant,
983 2571 1024 2636 ut
1038 2560 1075 2634 in
1088 2559 1179 2634 bello
1192 2559 1390 2658 impervius
1402 2558 1514 2634 hostis

290 2676 354 2750 rix
366 2675 574 2750 sustinetur.
583 2677 630 2750 Et
640 2675 671 2749 si
685 2675 877 2775 imparatos
890 2675 1064 2765 inveniat,
1073 2675 1179 2751 facile
1192 2674 1370 2774 opprimit,
1379 2674 1425 2750 ita
1437 2674 1513 2747 ani·

291 2816 391 2864 mum
410 2787 634 2878 excellentia,
651 2798 693 2863 ut
709 2788 865 2888 primum
884 2791 1028 2865 animus
1048 2800 1135 2865 tuus
1146 2789 1248 2864 bonis
1263 2789 1442 2866 exercitus
1458 2813 1513 2865 co

289 2904 537 3001 gitationibus,
554 2903 687 2977 mundo
704 2904 806 2979 corde
818 2905 910 3002 quod
923 2928 1051 2979 verum
1065 2913 1101 2979 et
1112 2903 1302 2978 honestum
1315 2912 1370 2978 est
1383 2902 1513 2978 videat.

294 3018 397 3093 Beati
414 3017 510 3092 enim
528 3017 660 3091 mundo
677 3017 780 3093 corde
798 3016 965 3116 quoniam
982 3017 1051 3116 ipsi
1069 3020 1183 3093 Deum
1197 3016 1379 3092 videbunt.
1393 3020 1511 3115 Atque

294 3131 330 3205 id
343 3131 435 3230 quod
447 3131 636 3206 honestum
654 3141 709 3206 est
726 3131 841 3206 solum
858 3131 991 3206 bonum
1004 3133 1147 3207 iudicet.
1159 3131 1294 3206 Deinde
1307 3129 1420 3204 nullis
1433 3155 1510 3228 per-

292 3247 456 3322 turbetur
472 3245 777 3345 occupationibus
795 3245 906 3320 nullis
925 3245 1184 3346 cupiditatibus
1208 3245 1368 3320 fluctuet.
1385 3247 1511 3342 Neque

292 3383 377 3435 vero
394 3360 430 3435 id
447 3359 552 3435 facile
569 3359 760 3457 quisquam
786 3358 882 3434 facit.
900 3361 994 3448 Quid
1019 3361 1115 3436 enim
1132 3371 1208 3435 tam
1225 3358 1381 3448 difficile,
1403 3383 1510 3457 quam

293 3473 475 3574 despicere
504 3483 689 3570 tamqnam
714 3497 760 3547 ex
783 3497 865 3549 arce
889 3473 1011 3573 aliqua
1036 3474 1230 3574 sapientia,
1254 3496 1347 3573 opes,
1370 3471 1513 3570 aliaque

291 3588 421 3675 omnia,
438 3611 518 3684 quae
534 3584 713 3685 plerisque
729 3586 899 3661 videntur
912 3612 1046 3683 magna
1063 3596 1099 3662 et
1115 3584 1311 3686 precelsa?
1324 3583 1458 3659 Deinde
1472 3593 1514 3659 ut

291 3701 466 3776 iudicium
483 3710 587 3774 tuum
610 3699 730 3774 stabili
757 3700 892 3775 ratione
918 3702 1117 3789 confirmae,
1138 3710 1174 3775 et
1190 3724 1270 3798 quae
1295 3697 1513 3773 indicaveris

292 3813 398 3904 levia,
414 3822 586 3911 tanquam
604 3812 696 3886 nihil
713 3813 901 3914 profutura
918 3824 1160 3911 contempnas.
1177 3811 1315 3887 Deinde
1337 3820 1378 3885 ut
1394 3809 1513 3908 siquid

290 3927 464 4004 acciderit
479 3926 634 4008 adversi,
647 3927 753 4026 idque
766 3951 880 4024 grave
892 3939 929 4004 et
945 3928 1114 4004 acerbum
1128 3935 1275 4025 putetur
1287 3925 1339 4000 ita
1353 3924 1458 4014 feras,
1471 3933 1513 3998 ut

291 4042 382 4117 nihil
399 4053 527 4143 praeter
543 4053 712 4118 naturam
729 4043 904 4119 accidisse
922 4054 1037 4142 putes,
1051 4068 1135 4118 cum
1148 4040 1283 4138 legeris
1294 4038 1414 4112 nudus
1430 4062 1512 4111 sum

291 4168 399 4232 natus
415 4156 516 4232 exibo
532 4167 568 4232 et
585 4167 724 4232 catera.
742 4158 839 4232 Idem
858 4157 895 4230 in
913 4158 1043 4234 eodem.
1057 4157 1095 4230 Si
1108 4156 1189 4254 quis
1202 4155 1317 4252 igitur
1332 4151 1513 4251 aequabili·

292 4283 402 4349 tatem
428 4272 608 4348 universa
633 4272 717 4348 vitae
741 4282 778 4348 et
802 4271 1030 4369 singularum
1056 4271 1239 4346 actionum
1260 4268 1361 4343 modo
1381 4275 1512 4356 servet,

291 4386 452 4461 ordinem
478 4409 616 4484 quoque
634 4395 670 4460 et
686 4385 925 4461 constantiam
950 4386 1126 4461 dictorum
1151 4395 1259 4483 atque
1275 4407 1422 4482 operum
1440 4403 1512 4455 mo·

291 4501 582 4599 demtionemque
604 4502 793 4587 custodiat,
812 4502 849 4575 in
870 4504 949 4577 eius
969 4499 1045 4574 vita
1067 4499 1235 4575 dacorum
1256 4496 1346 4571 illud
1366 4493 1512 4572 excellit
