3608 5498
991 373 1165 436 ...26-

469 491 569 578 Quod
584 490 782 566 conditores
792 490 952 567 ecclesiae
965 491 1054 566 nihil
1066 493 1157 567 iuris
1166 492 1204 566 in
1218 518 1258 567 ea
1272 492 1435 567 habeant.
1449 496 1532 592 Cap.
1545 496 1692 571 XCIIII.

542 607 761 681 CXXVIIII.
779 607 864 704 Cap.
882 607 975 681 XCI.
992 616 1028 682 et
1044 608 1082 680 iu
1100 608 1186 681 ΙΙΙΙο
1203 605 1263 680 lib.
1280 607 1481 682 CXXXIII.

470 718 571 805 Quod
605 718 752 793 vincula
783 719 876 794 beati
908 719 1005 794 Petri
1035 719 1141 797 titulo
1170 722 1330 797 Eudoxio
1359 723 1433 795 sint
1465 725 1572 799 etiam
1597 725 1691 800 beati

542 831 656 905 Pauli.
1609 869 1611 872 ⁴

552 1041 727 1146 Explicit
746 1042 981 1147 capitulatio
998 1043 1097 1127 libri
1114 1046 1178 1128 Ill.
1363 1048 1509 1151 Incipit
1527 1047 1609 1132 llll.

470 1282 521 1354 Do
539 1279 751 1354 auctoritate
769 1278 1057 1355 Constantiniani
1075 1281 1271 1379 privilegii.
1290 1285 1374 1381 Cap.
1392 1288 1418 1358 1.

470 1393 630 1480 Qualiter
649 1397 843 1492 imperator
861 1394 1118 1469 Constantinus
1142 1397 1380 1492 Apostolicam
1407 1399 1533 1473 Sedem
1559 1399 1692 1474 exalta·

540 1508 645 1582 uerit.
662 1509 746 1605 Cap.
763 1508 837 1582 eod.

469 1623 608 1709 Quibus
625 1622 663 1695 in
680 1622 768 1698 locis
784 1622 897 1697 eidem
916 1622 1047 1720 praedia
1064 1623 1266 1697 contulerit.
1284 1624 1370 1721 Cap.
1386 1625 1459 1699 eod.

469 1740 546 1824 Que
563 1737 723 1834 insignia
741 1740 839 1811 Rom.
852 1737 1016 1812 Pontifici
1030 1748 1065 1813 et
1083 1735 1186 1811 Clero
1198 1736 1276 1809 eius
1289 1735 1492 1811 contulerit.
1506 1738 1591 1835 Cap.
1605 1740 1689 1813 item

540 1851 670 1927 eodem.

414 2041 417 2047 ,
470 1964 631 2053 Qualiter
649 1965 727 2039 eius
752 1965 974 2063 dispositioni
999 1974 1113 2039 totum
1137 1964 1365 2039 Occidentem
1385 1964 1578 2062 reliquerit.
1605 1967 1689 2064 Cap.

540 2081 624 2156 item
642 2081 771 2155 eodem.

468 2194 567 2281 Quod
585 2193 805 2292 imperialem
823 2217 989 2270 coronam
1014 2193 1128 2268 eidem
1147 2191 1349 2279 contulerit,
1366 2203 1402 2266 et
1418 2187 1604 2268 diffinierit
1621 2203 1690 2268 ter·

540 2334 666 2384 renum
690 2308 879 2406 imperium
906 2311 1025 2382 Romae
1051 2314 1259 2404 potestatem
1285 2328 1355 2379 uon
1379 2304 1518 2380 habere.
1543 2307 1689 2405 Capitu-

540 2423 585 2512 la‚
603 2447 672 2523 quo
689 2448 807 2522 supra.

469 2537 632 2624 Qualiter
648 2537 714 2612 hae
732 2537 768 2609 in
787 2562 895 2612 causa
922 2558 1005 2610 suos
1029 2533 1245 2630 obligaverit
1270 2557 1502 2608 successores,
1521 2535 1606 2632 Cap.
1623 2559 1692 2634 quo

540 2675 658 2748 supra.

468 2761 631 2850 Qualiter
647 2762 714 2837 hoe
732 2761 965 2860 privilegium
983 2760 1258 2836 confirmaverit.
1279 2761 1363 2857 Cap.
1381 2762 1464 2836 item
1485 2760 1607 2859 primo

469 2879 520 2952 De
546 2877 737 2974 privilegio
763 2882 860 2952 Rom.
878 2876 1058 2953 Ecclesiae.
1081 2880 1123 2950 In
1147 2877 1181 2948 1⁰
1207 2873 1265 2948 lib.
1282 2898 1358 2971 cap.
1375 2874 1443 2949 CL.
1465 2878 1690 2950 XXXVIIII.

541 2993 774 3067 CCXXXVI.
792 2994 1060 3068 CCXXXVIII.
1079 2990 1213 3065 CCXL.

469 3106 568 3192 Quod
586 3106 779 3204 privilegia
796 3109 895 3180 Rom.
920 3105 1091 3181 Ecclesiae
1108 3103 1209 3177 nulla
1226 3103 1362 3200 possint
1379 3102 1513 3179 virtute
1538 3103 1690 3178 dirrum-

540 3218 586 3316 pi.
603 3222 694 3293 XLI.
712 3220 824 3295 XCII.

468 3333 569 3419 Quod
585 3333 707 3407 saculi
726 3343 880 3432 potestas
897 3333 1073 3430 praecipue
1090 3359 1111 3406 a
1128 3331 1222 3406 beati
1241 3330 1338 3406 Petri
1352 3332 1434 3405 sede
1451 3356 1493 3406 ca
1511 3356 1590 3429 quae
1603 3357 1689 3407 vera

541 3454 626 3519 sunt
642 3445 745 3520 debet
762 3469 986 3542 cognoscere.
1004 3446 1088 3543 Cap.
1104 3448 1178 3520 XL.
1195 3449 1286 3521 XLI.
1304 3447 1540 3519 LXXXVIII.

469 3561 521 3633 De
538 3558 734 3634 obedientia
752 3560 909 3634 eiusdem
928 3584 1015 3655 erga
1034 3558 1191 3634 eandem.
1209 3583 1284 3655 cap.
1302 3560 1411 3631 XLV.

469 3674 520 3746 De
539 3672 739 3748 reverentia
755 3673 982 3770 antiquorum
1002 3677 1259 3771 Imperatorum
1277 3696 1365 3769 erga
1386 3673 1544 3748 eandem.
1562 3674 1646 3772 Cap.
1664 3678 1689 3747 I.

542 3787 586 3859 II.
599 3787 661 3859 III.
674 3788 754 3860 IIII.
768 3790 812 3859 V.
825 3789 970 3860 XLVII.
984 3789 1074 3860 LVI.
1087 3790 1217 3864 XCVI.
1227 3790 1302 3863 CX.
1313 3790 1424 3862 CXII.
1434 3789 1690 3864 CXXXVIIII.

541 3899 645 3973 CXL.
662 3903 704 3973 In
731 3901 763 3972 Ιο
782 3898 859 3972 libr.
885 3900 1118 3976 CCXXXVI.
1144 3903 1394 3978 CCXXXVII.
1421 3903 1690 3978 CCXXXVIII.

470 4013 841 4202 ItemCdCJLreverentia
869 4133 1088 4204 Francorum
1114 4134 1372 4227 Imperatorum
1398 4155 1473 4226 cap.
1491 4134 1536 4204 X.
1561 4132 1690 4206 CXIII.

542 4240 689 4314 CXIIII.
706 4241 744 4313 in
762 4244 794 4314 Ιο
812 4241 871 4315 lib.
889 4243 1059 4318 CCXLII.
1077 4253 1113 4319 et
1130 4243 1222 4341 quod
1239 4247 1337 4318 Rom.
1355 4245 1526 4319 Ecclesiae
1540 4268 1610 4318 uon
1623 4243 1691 4342 ipsi

543 4354 674 4543 praedgr
690 4355 909 4431 contulerint
926 4357 988 4431 sed
1007 4357 1239 4431 restituerint.
1258 4358 1342 4454 Cap.
1363 4361 1407 4430 X.
1429 4361 1465 4432 L.
1487 4357 1523 4429 in
1546 4357 1605 4431 lib.
1624 4359 1691 4432 ΙΙΙο

542 4492 618 4565 cap.
667 4471 739 4542 LII.
