3608 5498
819 423 858 439 ..
885 391 925 451 69
952 423 991 435 ..

298 513 390 589 alter
401 509 619 584 ordinandus
633 507 931 605 Arcbiepiscopus
943 507 1080 583 electus
1093 508 1213 597 fuerit,
1222 530 1347 583 omnes·
1357 507 1516 584 eiusdem

299 623 493 725 provinciae
513 622 679 719 episcopi,
699 622 744 696 ad
769 622 886 696 sedem
906 619 1166 718 metropolitani
1184 618 1401 695 conveniant
1419 631 1459 694 ut
1475 621 1520 696 ab

297 739 462 813 omnibus
473 737 547 835 ipse
561 736 755 811 ordinetur.
768 735 910 834 Reliqui
924 757 1008 808 vero
1020 730 1339 830 comprovinciales
1353 732 1518 831 Episcopi

297 853 327 927 si
341 876 486 929 necesse
503 850 614 925 suerit
626 849 756 925 ceteris
769 848 1073 925 consentientibus
1090 846 1242 921 atribus
1258 845 1358 920 iussn
1373 846 1520 923 Archio-

297 967 430 1065 piscopi
444 964 645 1042 consecrari
658 977 815 1062 possunt.
829 963 897 1038 Sed
912 962 1041 1037 melius
1054 971 1109 1037 est
1121 961 1151 1035 si
1166 960 1241 1059 ipse
1258 985 1341 1035 cum
1354 959 1519 1036 omnibus

298 1107 381 1155 eum
399 1080 460 1179 qui
478 1080 614 1175 dignus
631 1088 684 1154 est
706 1078 977 1153 consecraverit.
1002 1079 1049 1150 Et
1073 1075 1159 1150 licet
1183 1074 1279 1148 istud
1304 1074 1518 1149 necessitate

298 1207 452 1292 cogente
468 1219 675 1271 concessum
693 1203 757 1282 est,
774 1192 864 1266 illud
881 1190 973 1290 quod
989 1190 1032 1263 de
1050 1186 1318 1286 Archiepiscopi
1336 1209 1520 1262 consecra·

296 1308 392 1383 tione
410 1317 625 1406 praeceptum
642 1317 750 1405 atque
768 1305 975 1403 praedictum
993 1313 1059 1390 est,
1076 1301 1168 1375 idem
1188 1309 1229 1374 nt
1245 1322 1367 1375 omnes
1392 1299 1517 1373 suffra·

296 1422 405 1517 ganei
430 1412 512 1498 enm
535 1422 711 1509 ordinent,
728 1421 937 1495 nullatenus
957 1415 1117 1496 inmitari
1139 1414 1235 1504 licet,
1255 1414 1341 1511 qnia
1360 1414 1422 1512 qui
1444 1413 1518 1486 illis

297 1544 426 1632 praest
437 1533 482 1607 ab
494 1534 658 1615 omnibus
671 1532 855 1631 Episcopis
867 1533 998 1630 quibus
1010 1538 1138 1629 praeest
1149 1529 1252 1603 debet
1263 1528 1444 1604 constitui.
1453 1529 1516 1601 Sin

295 1658 416 1722 autem
434 1644 539 1724 alit'er
556 1657 810 1745 praesumptum
831 1648 950 1736 suerit,
969 1647 1108 1720 iuribus
1125 1668 1246 1720 carere
1271 1667 1340 1717 non
1366 1643 1515 1717 dubium

296 1769 351 1834 est
368 1761 450 1858 quia
469 1762 571 1836 irrita
587 1762 657 1836 erit
672 1761 751 1836 eius
767 1786 873 1836 secus
889 1771 970 1837 acta
985 1759 1169 1835 ordinatio.

838 1989 980 2072 Lllllll.

392 2213 478 2288 Pius
497 2215 707 2312 Apostolieae
725 2216 826 2290 Sedis
844 2214 1142 2312 Archiepiscopns
1154 2214 1318 2289 omnibus
1331 2213 1516 2312 Episcopis

295 2325 389 2398 inter
407 2335 544 2399 caetera.
561 2329 602 2399 In
622 2326 766 2402 Christo
783 2327 890 2401 Ihesu
911 2329 1047 2404 habitat
1063 2329 1178 2402 omnis
1192 2327 1374 2426 plenitudo
1387 2327 1517 2400 divini·

294 2438 381 2511 tatis
398 2438 459 2535 qui
477 2440 569 2514 hano
588 2452 749 2514 sanctam
769 2442 1008 2537 Apostolicam
1028 2442 1153 2517 Sedem
1171 2441 1331 2516 omnium
1349 2440 1515 2516 ecclesia-

296 2577 375 2624 rum
395 2564 503 2651 ceput
519 2554 598 2630 eius
614 2579 691 2630 esse
708 2555 877 2653 precepit
894 2556 1126 2654 ipsodicente
1152 2556 1309 2655 Principi
1336 2559 1516 2657 Apostolo

293 2665 420 2741 lorum.
437 2671 490 2742 Tu
508 2692 546 2744 es
564 2674 702 2757 Petrus
719 2679 755 2744 et
771 2679 899 2746 cetere.

854 2900 957 2984 LXl'.

389 3126 596 3202 SotberPP.
609 3125 1037 3203 dilectissimisfratribus
1051 3125 1152 3200 Italic
1164 3125 1357 3224 Episcopis.
1370 3127 1513 3204 Divinis

292 3252 329 3316 et
346 3241 558 3339 Apostolicis
576 3241 720 3316 monitis
737 3242 931 3316 formamus
950 3249 990 3314 ut
1007 3263 1070 3335 pro
1091 3239 1252 3314 omnium
1277 3241 1513 3319 ecclesiarum

293 3365 391 3429 statu
408 3354 551 3453 inpigro
568 3354 764 3450 vigilemus
781 3355 921 3430 affectu.
935 3359 989 3429 Ac
1006 3354 1036 3426 si
1055 3354 1140 3452 quid
1157 3379 1308 3453 usquam
1322 3357 1514 3454 responsio

293 3493 338 3542 ne
356 3468 543 3543 invenitur
560 3467 749 3542 obnoxium
767 3469 875 3544 celeri
894 3468 1135 3544 sollicitudine
1151 3469 1196 3542 ab
1212 3470 1425 3566 ignorantiae
1449 3472 1513 3547 im-

294 3581 422 3678 peritia
439 3591 504 3656 aut
520 3583 808 3680 presumptionis
825 3583 1056 3682 usurpatione
1074 3606 1290 3659 revocemus

840 3804 960 3888 LXVI.

384 4031 518 4106 Lucius
535 4032 731 4132 Episcopus
746 4031 912 4108 omnibus
928 4032 1209 4109 occidentalibus
1222 4033 1406 4131 Episcopis
1418 4033 1512 4108 saln-

291 4154 373 4219 tem.
386 4147 471 4220 Haec
481 4156 605 4221 sancta
615 4155 651 4221 et
662 4146 853 4245 apostolica
867 4156 981 4248 mater
993 4146 1153 4220 omnium
1167 4146 1400 4221 ecclesiarum
1410 4146 1511 4221 Chri·

289 4260 336 4333 sti
354 4269 408 4334 est
425 4260 577 4335 ecclesia
594 4286 674 4359 qnae
691 4287 753 4360 per
770 4261 835 4336 Dei
861 4259 1113 4357 omnipotentis
1137 4260 1295 4355 gratiam
1320 4285 1341 4333 a
1366 4260 1510 4336 tramite

287 4373 489 4470 apostolicae
506 4374 707 4450 traditionis
720 4400 904 4474 nunquam
918 4398 1057 4451 errasse
1070 4375 1286 4474 probabitur,
1299 4400 1366 4452 nec
1382 4375 1510 4451 hereti-

288 4487 342 4562 cis
359 4487 581 4575 novitatibus
592 4491 784 4590 depravata
797 4493 1001 4583 succubuit,
1013 4494 1074 4570 sed
1088 4493 1179 4568 utin
1193 4493 1335 4569 exordio
1347 4516 1507 4568 normam
