<?xml version="1.0" encoding="UTF-8"?>
<!DOCTYPE html PUBLIC "-//W3C//DTD XHTML 1.0 Transitional//EN"
    "http://www.w3.org/TR/xhtml1/DTD/xhtml1-transitional.dtd">
<html xmlns="http://www.w3.org/1999/xhtml" xml:lang="en" lang="en">
 <head>
  <title>
</title>
<meta http-equiv="Content-Type" content="text/html;charset=utf-8" />
  <meta name='ocr-system' content='tesseract 3.04.00' />
  <meta name='ocr-capabilities' content='ocr_page ocr_carea ocr_par ocr_line ocrx_word'/>
</head>
<body>
  <div class='ocr_page' id='page_1' title='image "./collectiocanonu00deusgoog_0240.png"; bbox 0 0 3608 5498; ppageno 0'>
   <div class='ocr_carea' id='block_1_1' title="bbox 158 387 1380 1174">
    <p class='ocr_par' dir='ltr' id='par_1_1' title="bbox 158 387 1380 1174">
     <span class='ocr_line' id='line_1_1' title="bbox 675 387 871 452; baseline -0.01 -1"><span class='ocrx_word' id='word_1_1' title='bbox 675 419 714 432; x_wconf 95' lang='lat'>-</span> <span class='ocrx_word' id='word_1_2' title='bbox 739 387 804 452; x_wconf 83' lang='lat' dir='ltr'>aoo</span> <span class='ocrx_word' id='word_1_3' title='bbox 829 419 871 433; x_wconf 91' lang='lat'><em>-</em></span> 
     </span>
     <span class='ocr_line' id='line_1_2' title="bbox 164 502 1380 582; baseline -0.003 -2"><span class='ocrx_word' id='word_1_4' title='bbox 164 515 199 580; x_wconf 87' lang='lat' dir='ltr'>et</span> <span class='ocrx_word' id='word_1_5' title='bbox 216 505 311 582; x_wconf 89' lang='lat' dir='ltr'>dicet</span> <span class='ocrx_word' id='word_1_6' title='bbox 329 532 435 581; x_wconf 88' lang='lat' dir='ltr'>unam</span> <span class='ocrx_word' id='word_1_7' title='bbox 454 507 646 582; x_wconf 87' lang='lat' dir='ltr'>orationem</span> <span class='ocrx_word' id='word_1_8' title='bbox 666 506 703 580; x_wconf 92' lang='lat' dir='ltr'>in</span> <span class='ocrx_word' id='word_1_9' title='bbox 723 506 864 581; x_wconf 92' lang='lat' dir='ltr'>modum</span> <span class='ocrx_word' id='word_1_10' title='bbox 882 504 1050 580; x_wconf 69' lang='lat' dir='ltr'>collectae:</span> <span class='ocrx_word' id='word_1_11' title='bbox 1067 502 1226 577; x_wconf 75' lang='lat' dir='ltr'><strong>Alteram</strong></span> <span class='ocrx_word' id='word_1_12' title='bbox 1245 523 1285 577; x_wconf 92' lang='lat' dir='ltr'>eo</span> <span class='ocrx_word' id='word_1_13' title='bbox 1309 525 1380 577; x_wconf 80' lang='lat' dir='ltr'>mo</span> 
     </span>
     <span class='ocr_line' id='line_1_3' title="bbox 160 614 1378 719; baseline -0.003 -26"><span class='ocrx_word' id='word_1_14' title='bbox 160 618 340 696; x_wconf 88' lang='lat' dir='ltr'>dolamine</span> <span class='ocrx_word' id='word_1_15' title='bbox 358 644 427 719; x_wconf 91' lang='lat' dir='ltr'>quo</span> <span class='ocrx_word' id='word_1_16' title='bbox 443 623 531 697; x_wconf 91' lang='lat' dir='ltr'>solet</span> <span class='ocrx_word' id='word_1_17' title='bbox 548 621 757 696; x_wconf 81' lang='lat' dir='ltr'>contestatio</span> <span class='ocrx_word' id='word_1_18' title='bbox 775 619 872 694; x_wconf 90' lang='lat' dir='ltr'>dicit.</span> <span class='ocrx_word' id='word_1_19' title='bbox 891 622 937 693; x_wconf 88' lang='lat' dir='ltr'>Et</span> <span class='ocrx_word' id='word_1_20' title='bbox 954 617 1051 693; x_wconf 87' lang='lat' dir='ltr'>sedet</span> <span class='ocrx_word' id='word_1_21' title='bbox 1069 615 1232 690; x_wconf 86' lang='lat' dir='ltr'>Pontifex</span> <span class='ocrx_word' id='word_1_22' title='bbox 1244 615 1283 688; x_wconf 90' lang='lat' dir='ltr'>in</span> <span class='ocrx_word' id='word_1_23' title='bbox 1296 614 1378 690; x_wconf 89' lang='lat' dir='ltr'>sede</span> 
     </span>
     <span class='ocr_line' id='line_1_4' title="bbox 159 729 1380 832; baseline -0.007 -23"><span class='ocrx_word' id='word_1_24' title='bbox 159 759 224 809; x_wconf 88' lang='lat' dir='ltr'>sua</span> <span class='ocrx_word' id='word_1_25' title='bbox 242 744 278 810; x_wconf 90' lang='lat' dir='ltr'>et</span> <span class='ocrx_word' id='word_1_26' title='bbox 294 743 480 810; x_wconf 89' lang='lat' dir='ltr'>consecrat</span> <span class='ocrx_word' id='word_1_27' title='bbox 496 758 589 809; x_wconf 89' lang='lat' dir='ltr'>eum.</span> <span class='ocrx_word' id='word_1_28' title='bbox 607 738 685 832; x_wconf 92' lang='lat' dir='ltr'>lpse</span> <span class='ocrx_word' id='word_1_29' title='bbox 702 755 787 808; x_wconf 92' lang='lat' dir='ltr'>vero</span> <span class='ocrx_word' id='word_1_30' title='bbox 799 732 982 808; x_wconf 90' lang='lat' dir='ltr'>osculatur</span> <span class='ocrx_word' id='word_1_31' title='bbox 998 731 1104 831; x_wconf 87' lang='lat' dir='ltr'>pedes</span> <span class='ocrx_word' id='word_1_32' title='bbox 1117 729 1206 818; x_wconf 90' lang='lat' dir='ltr'>eius,</span> <span class='ocrx_word' id='word_1_33' title='bbox 1219 739 1256 804; x_wconf 88' lang='lat' dir='ltr'>et</span> <span class='ocrx_word' id='word_1_34' title='bbox 1268 729 1380 804; x_wconf 89' lang='lat' dir='ltr'>susci·</span> 
     </span>
     <span class='ocr_line' id='line_1_5' title="bbox 160 843 1380 948; baseline -0.006 -26"><span class='ocrx_word' id='word_1_35' title='bbox 160 848 256 946; x_wconf 91' lang='lat' dir='ltr'>pitur</span> <span class='ocrx_word' id='word_1_36' title='bbox 272 849 317 924; x_wconf 91' lang='lat' dir='ltr'>ad</span> <span class='ocrx_word' id='word_1_37' title='bbox 333 873 457 948; x_wconf 83' lang='lat' dir='ltr'>pacem</span> <span class='ocrx_word' id='word_1_38' title='bbox 471 858 507 922; x_wconf 89' lang='lat' dir='ltr'>et</span> <span class='ocrx_word' id='word_1_39' title='bbox 520 846 571 922; x_wconf 89' lang='lat' dir='ltr'>sic</span> <span class='ocrx_word' id='word_1_40' title='bbox 585 856 817 923; x_wconf 83' lang='lat' dir='ltr'>consumatur</span> <span class='ocrx_word' id='word_1_41' title='bbox 830 846 1051 922; x_wconf 90' lang='lat' dir='ltr'>consecratio</span> <span class='ocrx_word' id='word_1_42' title='bbox 1064 845 1151 919; x_wconf 91' lang='lat' dir='ltr'>eius.</span> <span class='ocrx_word' id='word_1_43' title='bbox 1165 847 1212 919; x_wconf 87' lang='lat' dir='ltr'>Et</span> <span class='ocrx_word' id='word_1_44' title='bbox 1228 843 1380 918; x_wconf 91' lang='lat' dir='ltr'>domnus</span> 
     </span>
     <span class='ocr_line' id='line_1_6' title="bbox 159 955 1378 1059; baseline -0.004 -24"><span class='ocrx_word' id='word_1_45' title='bbox 159 962 371 1059; x_wconf 90' lang='lat' dir='ltr'>apostolicus</span> <span class='ocrx_word' id='word_1_46' title='bbox 396 961 541 1036; x_wconf 88' lang='lat' dir='ltr'>missam</span> <span class='ocrx_word' id='word_1_47' title='bbox 560 960 716 1037; x_wconf 81' lang='lat' dir='ltr'>celebrat</span> <span class='ocrx_word' id='word_1_48' title='bbox 732 970 768 1036; x_wconf 92' lang='lat' dir='ltr'>et</span> <span class='ocrx_word' id='word_1_49' title='bbox 784 960 967 1035; x_wconf 91' lang='lat' dir='ltr'>ordinatus</span> <span class='ocrx_word' id='word_1_50' title='bbox 992 958 1177 1058; x_wconf 90' lang='lat' dir='ltr'>episcopus</span> <span class='ocrx_word' id='word_1_51' title='bbox 1203 955 1245 1031; x_wconf 95' lang='lat' dir='ltr'>de</span> <span class='ocrx_word' id='word_1_52' title='bbox 1267 980 1378 1030; x_wconf 90' lang='lat' dir='ltr'>manu</span> 
     </span>
     <span class='ocr_line' id='line_1_7' title="bbox 158 1075 718 1174; baseline -0.005 -23"><span class='ocrx_word' id='word_1_53' title='bbox 158 1075 236 1151; x_wconf 92' lang='lat' dir='ltr'>eius</span> <span class='ocrx_word' id='word_1_54' title='bbox 253 1077 537 1152; x_wconf 88' lang='lat' dir='ltr'>communionem</span> <span class='ocrx_word' id='word_1_55' title='bbox 554 1075 718 1174; x_wconf 90' lang='lat' dir='ltr'>accipiat.</span> 
     </span>
    </p>
   </div>
   <div class='ocr_carea' id='block_1_2' title="bbox 666 1278 870 1362">
    <p class='ocr_par' dir='ltr' id='par_1_2' title="bbox 666 1278 870 1362">
     <span class='ocr_line' id='line_1_8' title="bbox 666 1278 870 1362; baseline -0.01 0"><span class='ocrx_word' id='word_1_56' title='bbox 666 1278 870 1362; x_wconf 87' lang='lat' dir='ltr'><strong>LXXXXII.</strong></span> 
     </span>
    </p>
   </div>
   <div class='ocr_carea' id='block_1_3' title="bbox 285 1475 1258 1546">
    <p class='ocr_par' dir='ltr' id='par_1_3' title="bbox 285 1475 1258 1546">
     <span class='ocr_line' id='line_1_9' title="bbox 285 1475 1258 1546; baseline -0.008 -9"><span class='ocrx_word' id='word_1_57' title='bbox 285 1486 336 1537; x_wconf 79' lang='lat' dir='ltr'>Ex</span> <span class='ocrx_word' id='word_1_58' title='bbox 354 1484 437 1538; x_wconf 84' lang='lat' dir='ltr'>libro</span> <span class='ocrx_word' id='word_1_59' title='bbox 456 1485 672 1537; x_wconf 80' lang='lat' dir='ltr'>Romanorum</span> <span class='ocrx_word' id='word_1_60' title='bbox 690 1482 883 1537; x_wconf 83' lang='lat' dir='ltr'>Pontificum</span> <span class='ocrx_word' id='word_1_61' title='bbox 901 1483 958 1546; x_wconf 86' lang='lat' dir='ltr'>qui</span> <span class='ocrx_word' id='word_1_62' title='bbox 976 1480 1095 1533; x_wconf 85' lang='lat' dir='ltr'>dicitur</span> <span class='ocrx_word' id='word_1_63' title='bbox 1114 1475 1258 1530; x_wconf 84' lang='lat' dir='ltr'>diurnus.</span> 
     </span>
    </p>
   </div>
   <div class='ocr_carea' id='block_1_4' title="bbox 159 1636 1379 2194">
    <p class='ocr_par' dir='ltr' id='par_1_4' title="bbox 159 1636 1379 2194">
     <span class='ocr_line' id='line_1_10' title="bbox 254 1636 1378 1741; baseline -0.007 -24"><span class='ocrx_word' id='word_1_64' title='bbox 254 1644 506 1720; x_wconf 86' lang='lat' dir='ltr'>Dilectissimis</span> <span class='ocrx_word' id='word_1_65' title='bbox 522 1645 694 1721; x_wconf 90' lang='lat' dir='ltr'>fratribus</span> <span class='ocrx_word' id='word_1_66' title='bbox 712 1644 873 1717; x_wconf 91' lang='lat' dir='ltr'>Dominis</span> <span class='ocrx_word' id='word_1_67' title='bbox 890 1641 1084 1741; x_wconf 85' lang='lat' dir='ltr'>Episcopis,</span> <span class='ocrx_word' id='word_1_68' title='bbox 1100 1640 1153 1714; x_wconf 93' lang='lat' dir='ltr'>ill.</span> <span class='ocrx_word' id='word_1_69' title='bbox 1170 1639 1231 1714; x_wconf 89' lang='lat' dir='ltr'>illa</span> <span class='ocrx_word' id='word_1_70' title='bbox 1251 1636 1378 1712; x_wconf 89' lang='lat' dir='ltr'>Archi·</span> 
     </span>
     <span class='ocr_line' id='line_1_11' title="bbox 161 1751 1377 1855; baseline -0.006 -25"><span class='ocrx_word' id='word_1_71' title='bbox 161 1757 348 1855; x_wconf 84' lang='lat' dir='ltr'>presbyter</span> <span class='ocrx_word' id='word_1_72' title='bbox 365 1767 401 1833; x_wconf 89' lang='lat' dir='ltr'>et</span> <span class='ocrx_word' id='word_1_73' title='bbox 417 1757 479 1833; x_wconf 92' lang='lat' dir='ltr'>ille</span> <span class='ocrx_word' id='word_1_74' title='bbox 494 1757 779 1833; x_wconf 85' lang='lat' dir='ltr'>Arabidiaconus</span> <span class='ocrx_word' id='word_1_75' title='bbox 790 1769 826 1832; x_wconf 87' lang='lat' dir='ltr'>ct</span> <span class='ocrx_word' id='word_1_76' title='bbox 839 1756 899 1832; x_wconf 92' lang='lat' dir='ltr'>ille</span> <span class='ocrx_word' id='word_1_77' title='bbox 914 1755 1147 1832; x_wconf 87' lang='lat' dir='ltr'>Primioerius</span> <span class='ocrx_word' id='word_1_78' title='bbox 1159 1751 1377 1827; x_wconf 87' lang='lat' dir='ltr'>notariorum</span> 
     </span>
     <span class='ocr_line' id='line_1_12' title="bbox 160 1862 1379 1968; baseline -0.007 -25"><span class='ocrx_word' id='word_1_79' title='bbox 160 1881 345 1946; x_wconf 87' lang='lat' dir='ltr'>servantes</span> <span class='ocrx_word' id='word_1_80' title='bbox 363 1870 481 1946; x_wconf 91' lang='lat' dir='ltr'>locum</span> <span class='ocrx_word' id='word_1_81' title='bbox 509 1872 611 1946; x_wconf 90' lang='lat' dir='ltr'>Sedis</span> <span class='ocrx_word' id='word_1_82' title='bbox 638 1869 856 1968; x_wconf 80' lang='lat' dir='ltr'>Apostolicae.</span> <span class='ocrx_word' id='word_1_83' title='bbox 874 1867 1151 1943; x_wconf 90' lang='lat' dir='ltr'>Dilectissimam</span> <span class='ocrx_word' id='word_1_84' title='bbox 1177 1862 1379 1939; x_wconf 88' lang='lat' dir='ltr'>fraternita-</span> 
     </span>
     <span class='ocr_line' id='line_1_13' title="bbox 159 1975 1378 2078; baseline -0.006 -23"><span class='ocrx_word' id='word_1_85' title='bbox 159 1991 233 2056; x_wconf 91' lang='lat' dir='ltr'>tem</span> <span class='ocrx_word' id='word_1_86' title='bbox 251 1992 407 2058; x_wconf 80' lang='lat' dir='ltr'>vestram</span> <span class='ocrx_word' id='word_1_87' title='bbox 426 1983 553 2057; x_wconf 75' lang='lat' dir='ltr'>Domru</span> <span class='ocrx_word' id='word_1_88' title='bbox 572 1983 622 2057; x_wconf 90' lang='lat' dir='ltr'>ill.</span> <span class='ocrx_word' id='word_1_89' title='bbox 640 1983 823 2057; x_wconf 87' lang='lat' dir='ltr'>Pontificis</span> <span class='ocrx_word' id='word_1_90' title='bbox 839 1982 973 2058; x_wconf 89' lang='lat' dir='ltr'>obitum</span> <span class='ocrx_word' id='word_1_91' title='bbox 991 1980 1182 2078; x_wconf 85' lang='lat' dir='ltr'>agnovisse</span> <span class='ocrx_word' id='word_1_92' title='bbox 1195 2001 1265 2052; x_wconf 92' lang='lat' dir='ltr'>non</span> <span class='ocrx_word' id='word_1_93' title='bbox 1278 1975 1378 2050; x_wconf 92' lang='lat' dir='ltr'>dubi·</span> 
     </span>
     <span class='ocr_line' id='line_1_14' title="bbox 159 2087 1377 2194; baseline -0.005 -25"><span class='ocrx_word' id='word_1_94' title='bbox 159 2104 289 2170; x_wconf 82' lang='lat' dir='ltr'>tamus.</span> <span class='ocrx_word' id='word_1_95' title='bbox 307 2099 358 2172; x_wconf 92' lang='lat' dir='ltr'>De</span> <span class='ocrx_word' id='word_1_96' title='bbox 377 2096 481 2172; x_wconf 91' lang='lat' dir='ltr'>ouius</span> <span class='ocrx_word' id='word_1_97' title='bbox 498 2107 618 2171; x_wconf 88' lang='lat' dir='ltr'>tamen</span> <span class='ocrx_word' id='word_1_98' title='bbox 637 2097 816 2194; x_wconf 89' lang='lat' dir='ltr'>insperato</span> <span class='ocrx_word' id='word_1_99' title='bbox 831 2094 928 2168; x_wconf 91' lang='lat' dir='ltr'>obitu</span> <span class='ocrx_word' id='word_1_100' title='bbox 955 2094 1111 2168; x_wconf 85' lang='lat' dir='ltr'>maxima</span> <span class='ocrx_word' id='word_1_101' title='bbox 1136 2114 1200 2165; x_wconf 91' lang='lat' dir='ltr'>nos</span> <span class='ocrx_word' id='word_1_102' title='bbox 1219 2087 1377 2164; x_wconf 84' lang='lat' dir='ltr'>tristitiae</span> 
     </span>
    </p>
   </div>
   <div class='ocr_carea' id='block_1_5' title="bbox 147 2202 1376 4452">
    <p class='ocr_par' dir='ltr' id='par_1_5' title="bbox 147 2202 1376 4452">
     <span class='ocr_line' id='line_1_15' title="bbox 158 2202 1376 2306; baseline -0.002 -27"><span class='ocrx_word' id='word_1_103' title='bbox 158 2206 269 2282; x_wconf 88' lang='lat' dir='ltr'>moles</span> <span class='ocrx_word' id='word_1_104' title='bbox 285 2207 533 2296; x_wconf 77' lang='lat' dir='ltr'>obstrinxerat,</span> <span class='ocrx_word' id='word_1_105' title='bbox 552 2219 592 2283; x_wconf 91' lang='lat' dir='ltr'>ut</span> <span class='ocrx_word' id='word_1_106' title='bbox 610 2218 688 2306; x_wconf 91' lang='lat' dir='ltr'>pote</span> <span class='ocrx_word' id='word_1_107' title='bbox 705 2219 804 2283; x_wconf 86' lang='lat' dir='ltr'>tanto</span> <span class='ocrx_word' id='word_1_108' title='bbox 821 2219 966 2306; x_wconf 88' lang='lat' dir='ltr'>tamque</span> <span class='ocrx_word' id='word_1_109' title='bbox 984 2211 1056 2282; x_wconf 91' lang='lat' dir='ltr'>Deo</span> <span class='ocrx_word' id='word_1_110' title='bbox 1072 2207 1182 2302; x_wconf 85' lang='lat' dir='ltr'>digno</span> <span class='ocrx_word' id='word_1_111' title='bbox 1198 2211 1297 2302; x_wconf 84' lang='lat' dir='ltr'>patra</span> <span class='ocrx_word' id='word_1_112' title='bbox 1319 2202 1376 2277; x_wconf 90' lang='lat' dir='ltr'>de·</span> 
     </span>
     <span class='ocr_line' id='line_1_16' title="bbox 158 2316 1374 2420; baseline -0.004 -24"><span class='ocrx_word' id='word_1_113' title='bbox 158 2322 310 2398; x_wconf 88' lang='lat' dir='ltr'>stitutos.</span> <span class='ocrx_word' id='word_1_114' title='bbox 328 2324 397 2399; x_wconf 88' lang='lat' dir='ltr'>Sed</span> <span class='ocrx_word' id='word_1_115' title='bbox 414 2324 476 2399; x_wconf 93' lang='lat' dir='ltr'>diu</span> <span class='ocrx_word' id='word_1_116' title='bbox 494 2325 532 2399; x_wconf 93' lang='lat' dir='ltr'>in</span> <span class='ocrx_word' id='word_1_117' title='bbox 549 2324 739 2401; x_wconf 88' lang='lat' dir='ltr'>afflictione</span> <span class='ocrx_word' id='word_1_118' title='bbox 765 2323 953 2420; x_wconf 86' lang='lat' dir='ltr'>persistere</span> <span class='ocrx_word' id='word_1_119' title='bbox 978 2330 1147 2398; x_wconf 89' lang='lat' dir='ltr'>consueta</span> <span class='ocrx_word' id='word_1_120' title='bbox 1172 2319 1237 2394; x_wconf 89' lang='lat' dir='ltr'>Dei</span> <span class='ocrx_word' id='word_1_121' title='bbox 1261 2316 1374 2393; x_wconf 89' lang='lat' dir='ltr'>nostri</span> 
     </span>
     <span class='ocr_line' id='line_1_17' title="bbox 155 2432 1374 2536; baseline -0.003 -26"><span class='ocrx_word' id='word_1_122' title='bbox 155 2435 361 2532; x_wconf 82' lang='lat' dir='ltr'>benignitas</span> <span class='ocrx_word' id='word_1_123' title='bbox 378 2447 561 2536; x_wconf 89' lang='lat' dir='ltr'>sperantes</span> <span class='ocrx_word' id='word_1_124' title='bbox 579 2438 616 2511; x_wconf 92' lang='lat' dir='ltr'>in</span> <span class='ocrx_word' id='word_1_125' title='bbox 635 2463 672 2513; x_wconf 89' lang='lat' dir='ltr'>se</span> <span class='ocrx_word' id='word_1_126' title='bbox 690 2462 760 2512; x_wconf 93' lang='lat' dir='ltr'>non</span> <span class='ocrx_word' id='word_1_127' title='bbox 777 2436 948 2535; x_wconf 91' lang='lat' dir='ltr'>permisit.</span> <span class='ocrx_word' id='word_1_128' title='bbox 960 2435 1071 2511; x_wconf 90' lang='lat' dir='ltr'>Nobis</span> <span class='ocrx_word' id='word_1_129' title='bbox 1084 2435 1180 2510; x_wconf 93' lang='lat' dir='ltr'>enim</span> <span class='ocrx_word' id='word_1_130' title='bbox 1195 2435 1233 2507; x_wconf 91' lang='lat' dir='ltr'>in</span> <span class='ocrx_word' id='word_1_131' title='bbox 1246 2432 1374 2508; x_wconf 90' lang='lat' dir='ltr'>oratio-</span> 
     </span>
     <span class='ocr_line' id='line_1_18' title="bbox 156 2549 1375 2645; baseline -0.001 -24"><span class='ocrx_word' id='word_1_132' title='bbox 156 2573 201 2623; x_wconf 89' lang='lat' dir='ltr'>ne</span> <span class='ocrx_word' id='word_1_133' title='bbox 218 2549 456 2639; x_wconf 90' lang='lat' dir='ltr'>manentibus,</span> <span class='ocrx_word' id='word_1_134' title='bbox 474 2561 514 2625; x_wconf 89' lang='lat' dir='ltr'>ut</span> <span class='ocrx_word' id='word_1_135' title='bbox 531 2550 632 2625; x_wconf 92' lang='lat' dir='ltr'>nobis</span> <span class='ocrx_word' id='word_1_136' title='bbox 650 2549 794 2626; x_wconf 82' lang='lat' dir='ltr'>celestis</span> <span class='ocrx_word' id='word_1_137' title='bbox 810 2549 974 2645; x_wconf 84' lang='lat' dir='ltr'>dignatio</span> <span class='ocrx_word' id='word_1_138' title='bbox 987 2549 1255 2637; x_wconf 83' lang='lat' dir='ltr'>demonstraret,</span> <span class='ocrx_word' id='word_1_139' title='bbox 1268 2570 1375 2645; x_wconf 88' lang='lat' dir='ltr'>quem</span> 
     </span>
     <span class='ocr_line' id='line_1_19' title="bbox 154 2660 1374 2761; baseline 0.001 -28"><span class='ocrx_word' id='word_1_140' title='bbox 154 2660 305 2756; x_wconf 85' lang='lat' dir='ltr'>dignum</span> <span class='ocrx_word' id='word_1_141' title='bbox 324 2663 368 2737; x_wconf 91' lang='lat' dir='ltr'>ad</span> <span class='ocrx_word' id='word_1_142' title='bbox 386 2664 647 2738; x_wconf 88' lang='lat' dir='ltr'>successionem</span> <span class='ocrx_word' id='word_1_143' title='bbox 669 2663 876 2761; x_wconf 87' lang='lat' dir='ltr'>Apostolicae</span> <span class='ocrx_word' id='word_1_144' title='bbox 893 2664 985 2739; x_wconf 91' lang='lat' dir='ltr'>vicis</span> <span class='ocrx_word' id='word_1_145' title='bbox 1002 2662 1142 2737; x_wconf 85' lang='lat' dir='ltr'>iuberet</span> <span class='ocrx_word' id='word_1_146' title='bbox 1153 2661 1374 2758; x_wconf 82' lang='lat' dir='ltr'>eligendum,</span> 
     </span>
     <span class='ocr_line' id='line_1_20' title="bbox 155 2774 1375 2875; baseline -0.001 -28"><span class='ocrx_word' id='word_1_147' title='bbox 155 2774 233 2847; x_wconf 87' lang='lat' dir='ltr'>eius</span> <span class='ocrx_word' id='word_1_148' title='bbox 249 2776 370 2868; x_wconf 83' lang='lat' dir='ltr'>gratia</span> <span class='ocrx_word' id='word_1_149' title='bbox 388 2776 621 2870; x_wconf 82' lang='lat' dir='ltr'>suffragante,</span> <span class='ocrx_word' id='word_1_150' title='bbox 633 2787 669 2851; x_wconf 93' lang='lat' dir='ltr'>et</span> <span class='ocrx_word' id='word_1_151' title='bbox 685 2777 845 2850; x_wconf 90' lang='lat' dir='ltr'>omnium</span> <span class='ocrx_word' id='word_1_152' title='bbox 859 2776 991 2849; x_wconf 91' lang='lat' dir='ltr'>animis</span> <span class='ocrx_word' id='word_1_153' title='bbox 1004 2775 1212 2875; x_wconf 89' lang='lat' dir='ltr'>inspirante,</span> <span class='ocrx_word' id='word_1_154' title='bbox 1231 2774 1288 2849; x_wconf 89' lang='lat' dir='ltr'>die</span> <span class='ocrx_word' id='word_1_155' title='bbox 1307 2784 1375 2848; x_wconf 87' lang='lat' dir='ltr'>ter·</span> 
     </span>
     <span class='ocr_line' id='line_1_21' title="bbox 151 2885 1374 2975; baseline 0 -16"><span class='ocrx_word' id='word_1_156' title='bbox 151 2885 203 2959; x_wconf 90' lang='lat' dir='ltr'>tia</span> <span class='ocrx_word' id='word_1_157' title='bbox 216 2893 257 2958; x_wconf 91' lang='lat' dir='ltr'>ut</span> <span class='ocrx_word' id='word_1_158' title='bbox 269 2886 378 2960; x_wconf 86' lang='lat' dir='ltr'>moris</span> <span class='ocrx_word' id='word_1_159' title='bbox 391 2894 445 2961; x_wconf 92' lang='lat' dir='ltr'>est</span> <span class='ocrx_word' id='word_1_160' title='bbox 462 2885 563 2960; x_wconf 91' lang='lat' dir='ltr'>nobis</span> <span class='ocrx_word' id='word_1_161' title='bbox 580 2889 617 2960; x_wconf 94' lang='lat' dir='ltr'>in</span> <span class='ocrx_word' id='word_1_162' title='bbox 631 2913 745 2961; x_wconf 91' lang='lat' dir='ltr'>unum</span> <span class='ocrx_word' id='word_1_163' title='bbox 759 2887 1066 2975; x_wconf 86' lang='lat' dir='ltr'>convenientibus,</span> <span class='ocrx_word' id='word_1_164' title='bbox 1080 2887 1171 2962; x_wconf 90' lang='lat' dir='ltr'>idest</span> <span class='ocrx_word' id='word_1_165' title='bbox 1184 2887 1374 2961; x_wconf 86' lang='lat' dir='ltr'>sacerdoti·</span> 
     </span>
     <span class='ocr_line' id='line_1_22' title="bbox 152 2997 1370 3099; baseline 0 -27"><span class='ocrx_word' id='word_1_166' title='bbox 152 2997 230 3087; x_wconf 90' lang='lat' dir='ltr'>bus,</span> <span class='ocrx_word' id='word_1_167' title='bbox 247 3008 283 3073; x_wconf 89' lang='lat' dir='ltr'>ct</span> <span class='ocrx_word' id='word_1_168' title='bbox 299 2998 434 3087; x_wconf 89' lang='lat' dir='ltr'>levitis,</span> <span class='ocrx_word' id='word_1_169' title='bbox 451 3009 487 3074; x_wconf 90' lang='lat' dir='ltr'>et</span> <span class='ocrx_word' id='word_1_170' title='bbox 505 3000 641 3099; x_wconf 89' lang='lat' dir='ltr'>reliquo</span> <span class='ocrx_word' id='word_1_171' title='bbox 667 2999 762 3077; x_wconf 88' lang='lat' dir='ltr'>clero</span> <span class='ocrx_word' id='word_1_172' title='bbox 787 3001 1013 3076; x_wconf 84' lang='lat' dir='ltr'>axiomaticis</span> <span class='ocrx_word' id='word_1_173' title='bbox 1029 3000 1137 3074; x_wconf 88' lang='lat' dir='ltr'>etiam</span> <span class='ocrx_word' id='word_1_174' title='bbox 1155 3009 1192 3074; x_wconf 90' lang='lat' dir='ltr'>et</span> <span class='ocrx_word' id='word_1_175' title='bbox 1207 2999 1370 3094; x_wconf 83' lang='lat' dir='ltr'>generali</span> 
     </span>
     <span class='ocr_line' id='line_1_23' title="bbox 152 3109 1371 3210; baseline 0.004 -28"><span class='ocrx_word' id='word_1_176' title='bbox 152 3109 352 3199; x_wconf 74' lang='lat' dir='ltr'>militiano</span> <span class='ocrx_word' id='word_1_177' title='bbox 369 3112 505 3186; x_wconf 89' lang='lat' dir='ltr'>civium</span> <span class='ocrx_word' id='word_1_178' title='bbox 531 3113 778 3201; x_wconf 84' lang='lat' dir='ltr'>universitate,</span> <span class='ocrx_word' id='word_1_179' title='bbox 795 3124 832 3189; x_wconf 92' lang='lat' dir='ltr'>et</span> <span class='ocrx_word' id='word_1_180' title='bbox 854 3124 986 3190; x_wconf 90' lang='lat' dir='ltr'>cuncta</span> <span class='ocrx_word' id='word_1_181' title='bbox 1003 3113 1239 3210; x_wconf 85' lang='lat' dir='ltr'>generalitate</span> <span class='ocrx_word' id='word_1_182' title='bbox 1264 3113 1371 3188; x_wconf 87' lang='lat' dir='ltr'>istius</span> 
     </span>
     <span class='ocr_line' id='line_1_24' title="bbox 151 3223 1370 3326; baseline 0.003 -32"><span class='ocrx_word' id='word_1_183' title='bbox 151 3248 173 3294; x_wconf 89' lang='lat' dir='ltr'>a</span> <span class='ocrx_word' id='word_1_184' title='bbox 190 3224 261 3297; x_wconf 88' lang='lat' dir='ltr'>Deo</span> <span class='ocrx_word' id='word_1_185' title='bbox 275 3223 524 3298; x_wconf 77' lang='lat' dir='ltr'>conservandae</span> <span class='ocrx_word' id='word_1_186' title='bbox 537 3227 703 3300; x_wconf 73' lang='lat' dir='ltr'>Romanae</span> <span class='ocrx_word' id='word_1_187' title='bbox 716 3227 815 3299; x_wconf 89' lang='lat' dir='ltr'>urbis</span> <span class='ocrx_word' id='word_1_188' title='bbox 828 3226 866 3299; x_wconf 92' lang='lat' dir='ltr'>in</span> <span class='ocrx_word' id='word_1_189' title='bbox 879 3251 1027 3326; x_wconf 81' lang='lat' dir='ltr'>persona</span> <span class='ocrx_word' id='word_1_190' title='bbox 1041 3225 1182 3299; x_wconf 89' lang='lat' dir='ltr'>Domini</span> <span class='ocrx_word' id='word_1_191' title='bbox 1196 3225 1248 3299; x_wconf 90' lang='lat' dir='ltr'>ill.</span> <span class='ocrx_word' id='word_1_192' title='bbox 1260 3225 1370 3300; x_wconf 88' lang='lat' dir='ltr'>huius</span> 
     </span>
     <span class='ocr_line' id='line_1_25' title="bbox 150 3336 1370 3436; baseline 0.005 -29"><span class='ocrx_word' id='word_1_193' title='bbox 150 3336 348 3433; x_wconf 72' lang='lat' dir='ltr'>apostolica</span> <span class='ocrx_word' id='word_1_194' title='bbox 365 3336 458 3411; x_wconf 91' lang='lat' dir='ltr'>sedis</span> <span class='ocrx_word' id='word_1_195' title='bbox 475 3341 642 3413; x_wconf 77' lang='lat' dir='ltr'>Romanae</span> <span class='ocrx_word' id='word_1_196' title='bbox 666 3338 826 3414; x_wconf 87' lang='lat' dir='ltr'>ecclesiae</span> <span class='ocrx_word' id='word_1_197' title='bbox 851 3337 1052 3414; x_wconf 85' lang='lat' dir='ltr'>Cardinalis</span> <span class='ocrx_word' id='word_1_198' title='bbox 1078 3338 1284 3436; x_wconf 86' lang='lat' dir='ltr'>Presbyteri</span> <span class='ocrx_word' id='word_1_199' title='bbox 1311 3338 1370 3413; x_wconf 89' lang='lat' dir='ltr'>vel</span> 
     </span>
     <span class='ocr_line' id='line_1_26' title="bbox 151 3449 1369 3549; baseline 0.003 -27"><span class='ocrx_word' id='word_1_200' title='bbox 151 3449 309 3536; x_wconf 87' lang='lat' dir='ltr'>Diaconi,</span> <span class='ocrx_word' id='word_1_201' title='bbox 326 3453 398 3524; x_wconf 89' lang='lat' dir='ltr'>Deo</span> <span class='ocrx_word' id='word_1_202' title='bbox 415 3461 634 3548; x_wconf 88' lang='lat' dir='ltr'>cooperante,</span> <span class='ocrx_word' id='word_1_203' title='bbox 651 3451 836 3527; x_wconf 89' lang='lat' dir='ltr'>beatorum</span> <span class='ocrx_word' id='word_1_204' title='bbox 851 3451 1096 3549; x_wconf 88' lang='lat' dir='ltr'>Apostolorum</span> <span class='ocrx_word' id='word_1_205' title='bbox 1111 3449 1369 3526; x_wconf 90' lang='lat' dir='ltr'>intercessione</span> 
     </span>
     <span class='ocr_line' id='line_1_27' title="bbox 150 3561 1369 3659; baseline 0.001 -23"><span class='ocrx_word' id='word_1_206' title='bbox 150 3561 333 3638; x_wconf 91' lang='lat' dir='ltr'>concurrit</span> <span class='ocrx_word' id='word_1_207' title='bbox 349 3572 456 3659; x_wconf 91' lang='lat' dir='ltr'>atque</span> <span class='ocrx_word' id='word_1_208' title='bbox 473 3562 653 3638; x_wconf 88' lang='lat' dir='ltr'>consensit</span> <span class='ocrx_word' id='word_1_209' title='bbox 670 3562 805 3641; x_wconf 89' lang='lat' dir='ltr'>electio.</span> <span class='ocrx_word' id='word_1_210' title='bbox 823 3564 937 3639; x_wconf 84' lang='lat' dir='ltr'>Cuius</span> <span class='ocrx_word' id='word_1_211' title='bbox 950 3563 1134 3639; x_wconf 87' lang='lat' dir='ltr'>decretum</span> <span class='ocrx_word' id='word_1_212' title='bbox 1148 3563 1369 3639; x_wconf 86' lang='lat' dir='ltr'>sollemniter</span> 
     </span>
     <span class='ocr_line' id='line_1_28' title="bbox 149 3674 1367 3764; baseline 0.002 -16"><span class='ocrx_word' id='word_1_213' title='bbox 149 3675 331 3764; x_wconf 89' lang='lat' dir='ltr'>facientes,</span> <span class='ocrx_word' id='word_1_214' title='bbox 343 3686 379 3750; x_wconf 91' lang='lat' dir='ltr'>et</span> <span class='ocrx_word' id='word_1_215' title='bbox 392 3674 564 3750; x_wconf 87' lang='lat' dir='ltr'>desideria</span> <span class='ocrx_word' id='word_1_216' title='bbox 577 3677 738 3751; x_wconf 90' lang='lat' dir='ltr'>cordium</span> <span class='ocrx_word' id='word_1_217' title='bbox 756 3678 852 3754; x_wconf 85' lang='lat' dir='ltr'>circa</span> <span class='ocrx_word' id='word_1_218' title='bbox 870 3677 948 3752; x_wconf 88' lang='lat' dir='ltr'>eius</span> <span class='ocrx_word' id='word_1_219' title='bbox 968 3677 1178 3753; x_wconf 88' lang='lat' dir='ltr'>electionem</span> <span class='ocrx_word' id='word_1_220' title='bbox 1191 3703 1367 3752; x_wconf 88' lang='lat' dir='ltr'>manuum</span> 
     </span>
     <span class='ocr_line' id='line_1_29' title="bbox 149 3787 1365 3887; baseline 0.002 -26"><span class='ocrx_word' id='word_1_221' title='bbox 149 3787 727 3886; x_wconf 87' lang='lat' dir='ltr'>subscriptionibusconfirmantes</span> <span class='ocrx_word' id='word_1_222' title='bbox 740 3790 945 3886; x_wconf 85' lang='lat' dir='ltr'>profitemur</span> <span class='ocrx_word' id='word_1_223' title='bbox 958 3790 1076 3887; x_wconf 89' lang='lat' dir='ltr'>ipsum</span> <span class='ocrx_word' id='word_1_224' title='bbox 1090 3792 1163 3865; x_wconf 92' lang='lat' dir='ltr'>Deo</span> <span class='ocrx_word' id='word_1_225' title='bbox 1175 3790 1365 3865; x_wconf 89' lang='lat' dir='ltr'>amabilem</span> 
     </span>
     <span class='ocr_line' id='line_1_30' title="bbox 149 3900 1369 3999; baseline 0.002 -27"><span class='ocrx_word' id='word_1_226' title='bbox 149 3911 309 3974; x_wconf 89' lang='lat' dir='ltr'>nostrum</span> <span class='ocrx_word' id='word_1_227' title='bbox 327 3900 496 3988; x_wconf 88' lang='lat' dir='ltr'>electum,</span> <span class='ocrx_word' id='word_1_228' title='bbox 513 3913 667 3990; x_wconf 88' lang='lat' dir='ltr'>castum,</span> <span class='ocrx_word' id='word_1_229' title='bbox 680 3902 863 3999; x_wconf 89' lang='lat' dir='ltr'>pudicum,</span> <span class='ocrx_word' id='word_1_230' title='bbox 876 3900 1044 3990; x_wconf 87' lang='lat' dir='ltr'>sobrium,</span> <span class='ocrx_word' id='word_1_231' title='bbox 1056 3926 1099 3976; x_wconf 88' lang='lat' dir='ltr'>ac</span> <span class='ocrx_word' id='word_1_232' title='bbox 1111 3901 1320 3998; x_wconf 82' lang='lat' dir='ltr'>benignum,</span> <span class='ocrx_word' id='word_1_233' title='bbox 1331 3912 1369 3975; x_wconf 89' lang='lat' dir='ltr'>et</span> 
     </span>
     <span class='ocr_line' id='line_1_31' title="bbox 150 4012 1368 4111; baseline 0.004 -26"><span class='ocrx_word' id='word_1_234' title='bbox 150 4013 186 4086; x_wconf 93' lang='lat' dir='ltr'>in</span> <span class='ocrx_word' id='word_1_235' title='bbox 196 4014 362 4087; x_wconf 91' lang='lat' dir='ltr'>omnibus</span> <span class='ocrx_word' id='word_1_236' title='bbox 375 4012 443 4111; x_wconf 92' lang='lat' dir='ltr'>piis</span> <span class='ocrx_word' id='word_1_237' title='bbox 452 4013 616 4110; x_wconf 88' lang='lat' dir='ltr'>operibus</span> <span class='ocrx_word' id='word_1_238' title='bbox 625 4023 938 4111; x_wconf 88' lang='lat' dir='ltr'>assuetum,atque</span> <span class='ocrx_word' id='word_1_239' title='bbox 951 4014 1150 4089; x_wconf 85' lang='lat' dir='ltr'>orthodoxae</span> <span class='ocrx_word' id='word_1_240' title='bbox 1158 4014 1237 4089; x_wconf 86' lang='lat' dir='ltr'>fidei</span> <span class='ocrx_word' id='word_1_241' title='bbox 1246 4025 1368 4090; x_wconf 86' lang='lat' dir='ltr'>etsan·</span> 
     </span>
     <span class='ocr_line' id='line_1_32' title="bbox 148 4125 1367 4223; baseline 0.001 -24"><span class='ocrx_word' id='word_1_242' title='bbox 148 4135 286 4200; x_wconf 88' lang='lat' dir='ltr'>ctorum</span> <span class='ocrx_word' id='word_1_243' title='bbox 305 4136 446 4223; x_wconf 88' lang='lat' dir='ltr'>patrum</span> <span class='ocrx_word' id='word_1_244' title='bbox 459 4125 689 4200; x_wconf 88' lang='lat' dir='ltr'>traditionum</span> <span class='ocrx_word' id='word_1_245' title='bbox 705 4126 936 4213; x_wconf 87' lang='lat' dir='ltr'>defensorem,</span> <span class='ocrx_word' id='word_1_246' title='bbox 948 4137 985 4200; x_wconf 92' lang='lat' dir='ltr'>et</span> <span class='ocrx_word' id='word_1_247' title='bbox 998 4126 1233 4201; x_wconf 83' lang='lat' dir='ltr'>fortissimum</span> <span class='ocrx_word' id='word_1_248' title='bbox 1250 4127 1367 4202; x_wconf 84' lang='lat' dir='ltr'>obser·</span> 
     </span>
     <span class='ocr_line' id='line_1_33' title="bbox 148 4238 1366 4338; baseline 0.005 -28"><span class='ocrx_word' id='word_1_249' title='bbox 148 4247 315 4313; x_wconf 87' lang='lat' dir='ltr'>vaterem.</span> <span class='ocrx_word' id='word_1_250' title='bbox 330 4241 436 4313; x_wconf 93' lang='lat' dir='ltr'>Hunc</span> <span class='ocrx_word' id='word_1_251' title='bbox 449 4238 569 4334; x_wconf 89' lang='lat' dir='ltr'>itaque</span> <span class='ocrx_word' id='word_1_252' title='bbox 583 4262 705 4312; x_wconf 90' lang='lat' dir='ltr'>omnes</span> <span class='ocrx_word' id='word_1_253' title='bbox 722 4247 859 4335; x_wconf 88' lang='lat' dir='ltr'>utpote</span> <span class='ocrx_word' id='word_1_254' title='bbox 876 4248 950 4312; x_wconf 86' lang='lat' dir='ltr'>tam</span> <span class='ocrx_word' id='word_1_255' title='bbox 971 4239 1204 4314; x_wconf 89' lang='lat' dir='ltr'>mitissimum</span> <span class='ocrx_word' id='word_1_256' title='bbox 1221 4249 1366 4338; x_wconf 89' lang='lat' dir='ltr'>tamque</span> 
     </span>
     <span class='ocr_line' id='line_1_34' title="bbox 147 4349 1366 4452; baseline 0.004 -30"><span class='ocrx_word' id='word_1_257' title='bbox 147 4351 219 4424; x_wconf 85' lang='lat' dir='ltr'>Deo</span> <span class='ocrx_word' id='word_1_258' title='bbox 228 4351 391 4445; x_wconf 82' lang='lat' dir='ltr'>dignum,</span> <span class='ocrx_word' id='word_1_259' title='bbox 400 4349 620 4425; x_wconf 89' lang='lat' dir='ltr'>unanimiter</span> <span class='ocrx_word' id='word_1_260' title='bbox 633 4349 734 4425; x_wconf 90' lang='lat' dir='ltr'>nobis</span> <span class='ocrx_word' id='word_1_261' title='bbox 746 4349 918 4446; x_wconf 81' lang='lat' dir='ltr'>eligimus</span> <span class='ocrx_word' id='word_1_262' title='bbox 932 4352 969 4423; x_wconf 91' lang='lat' dir='ltr'>in</span> <span class='ocrx_word' id='word_1_263' title='bbox 982 4363 1156 4449; x_wconf 86' lang='lat' dir='ltr'>pastorem</span> <span class='ocrx_word' id='word_1_264' title='bbox 1167 4364 1274 4451; x_wconf 91' lang='lat' dir='ltr'>atque</span> <span class='ocrx_word' id='word_1_265' title='bbox 1283 4377 1366 4452; x_wconf 91' lang='lat' dir='ltr'>pon·</span> 
     </span>
    </p>
   </div>
   <div class='ocr_carea' id='block_1_6' title="bbox 145 4462 1365 4631">
    <p class='ocr_par' dir='ltr' id='par_1_6' title="bbox 145 4462 1365 4631">
     <span class='ocr_line' id='line_1_35' title="bbox 145 4462 1365 4560; baseline 0.003 -25"><span class='ocrx_word' id='word_1_266' title='bbox 145 4462 288 4538; x_wconf 81' lang='lat' dir='ltr'>tifiaem.</span> <span class='ocrx_word' id='word_1_267' title='bbox 298 4463 399 4538; x_wconf 91' lang='lat' dir='ltr'>Unde</span> <span class='ocrx_word' id='word_1_268' title='bbox 412 4463 455 4537; x_wconf 93' lang='lat' dir='ltr'>ob</span> <span class='ocrx_word' id='word_1_269' title='bbox 467 4463 545 4538; x_wconf 88' lang='lat' dir='ltr'>eius</span> <span class='ocrx_word' id='word_1_270' title='bbox 559 4462 614 4560; x_wconf 89' lang='lat' dir='ltr'>pie</span> <span class='ocrx_word' id='word_1_271' title='bbox 622 4464 903 4539; x_wconf 87' lang='lat' dir='ltr'>conversationis</span> <span class='ocrx_word' id='word_1_272' title='bbox 918 4465 1203 4560; x_wconf 80' lang='lat' dir='ltr'>magnitudinem</span> <span class='ocrx_word' id='word_1_273' title='bbox 1216 4465 1365 4541; x_wconf 89' lang='lat' dir='ltr'>immen-</span> 
     </span>
     <span class='ocr_line' id='line_1_36' title="bbox 1149 4579 1180 4631; baseline 0 0"><span class='ocrx_word' id='word_1_274' title='bbox 1149 4579 1180 4631; x_wconf 78' lang='lat' dir='ltr'>rr</span> 
     </span>
    </p>
   </div>
   <div class='ocr_carea' id='block_1_7' title="bbox 0 0 1808 5498">
    <p class='ocr_par' dir='ltr' id='par_1_7' title="bbox 0 0 1808 5498">
     <span class='ocr_line' id='line_1_37' title="bbox 0 0 1808 5498; baseline 0 5"><span class='ocrx_word' id='word_1_275' title='bbox 0 0 1808 5498; x_wconf 95' lang='lat' dir='ltr'> </span> 
     </span>
    </p>
   </div>
  </div>
 </body>
</html>
