3608 5498
802 397 999 463 -222-

289 523 363 598 tius
381 521 499 611 visum
517 528 573 596 est
589 519 707 596 adhue
725 519 869 595 iuterim
887 517 1060 593 latebram
1078 528 1114 593 et
1130 517 1285 615 quietem
1302 528 1435 608 tenere,
1456 543 1510 594 re·

289 647 408 736 specto
421 635 620 711 utilitatum
635 634 798 722 aliarum,
808 634 939 732 quaead
954 657 1075 732 pacem
1089 632 1249 707 omnium
1263 642 1422 707 nostrum
1435 657 1510 730 per-

287 752 405 826 tinent
422 759 458 824 et
474 749 637 824 salutem.
655 752 817 837 Quarum
835 747 935 822 vobis
952 772 973 819 a
991 745 1151 822 Tertullo
1168 746 1278 820 fratre
1303 755 1423 820 nostro
1447 746 1510 820 ka·

288 864 428 939 rissimo
446 862 537 937 ratio
554 862 730 951 reddetur,
747 862 808 959 qui
828 884 890 958 pro
906 870 1035 936 cetera
1050 885 1139 936 cura
1156 885 1221 934 sua
1242 884 1350 958 quam
1375 859 1508 957 impen-

287 976 327 1053 se
344 976 478 1052 divinis
495 973 660 1074 operibus
676 974 846 1071 impertit,
870 973 976 1048 etiam
1004 973 1114 1047 huius
1138 972 1344 1048 consiliator
1368 972 1448 1059 tuit,
1468 982 1511 1047 ut

288 1099 417 1166 cautus
434 1097 470 1164 et
487 1087 690 1162 moderatus
706 1087 904 1183 existerem.
921 1091 998 1162 Nec
1016 1113 1072 1163 mo
1090 1087 1126 1160 in
1146 1101 1376 1185 conspectum
1395 1085 1509 1184 publi-

288 1229 383 1293 cum,
398 1211 433 1277 et
451 1199 603 1275 maxime
621 1199 699 1274 eius
715 1198 782 1274 loci
797 1199 858 1273 ubi
871 1200 1002 1274 totiens
1018 1199 1191 1298 quaesitus
1206 1199 1354 1274 fuissem
1373 1209 1509 1274 temere

290 1314 560 1391 committerem.
578 1317 707 1388 Fretus
724 1336 811 1409 ergo
827 1311 1013 1387 dilectione
1031 1323 1067 1387 et
1092 1311 1265 1408 religione
1291 1336 1399 1409 quarn
1421 1312 1509 1387 satis

288 1427 384 1516 novi,
400 1427 456 1501 his
473 1425 604 1501 litteris
621 1435 657 1501 et
673 1425 794 1501 hortor
810 1436 847 1500 et
865 1426 1002 1514 mando,
1027 1436 1069 1499 ut
1093 1449 1156 1499 vos
1181 1448 1332 1523 quornm
1360 1425 1508 1500 minime

288 1542 364 1616 illic
388 1539 575 1629 invidiosa,
597 1550 632 1615 et
655 1563 726 1614 non
743 1539 828 1614 adeo
845 1538 1043 1637 periculosa
1060 1539 1239 1638 presentia
1257 1547 1312 1613 est
1328 1538 1408 1612 vice
1431 1563 1509 1613 mea

289 1653 495 1750 fungamini
513 1653 610 1728 eirca
628 1652 786 1749 gerenda
803 1677 844 1727 ea
862 1678 941 1751 qum
953 1651 1215 1727 administratio
1228 1651 1394 1747 religiosa
1410 1650 1510 1748 depo

289 1768 368 1858 scit,
380 1766 553 1841 habeatur
566 1766 662 1841 intra
675 1767 713 1840 in
727 1775 902 1864 quantum
916 1773 1031 1862 potest
1043 1773 1080 1838 et
1092 1787 1286 1861 pauperum
1301 1788 1398 1839 cura.
1411 1763 1509 1838 Idem

290 1881 516 1978 presbyteris
533 1889 569 1955 et
586 1879 805 1955 Diaconibus
822 1879 898 1954 suis
915 1878 1009 1953 inter
1026 1887 1165 1953 caetera.
1183 1878 1239 1953 Ad
1256 1877 1291 1951 id
1308 1900 1393 1952 vero
1416 1876 1510 1975 quod

290 1994 580 2092 conscripserunt
606 1992 894 2092 Conpresbyteri
912 1995 1071 2066 Donatus
1088 2001 1123 2066 et
1140 1994 1370 2080 Fortunatus,
1388 2001 1424 2066 et
1441 1996 1511 2067 No

288 2120 396 2185 vatus
414 2119 450 2185 et
467 2108 622 2184 Gordius
634 2109 736 2207 ¹solus
754 2107 947 2184 rescribere
964 2104 1078 2179 nichil
1095 2104 1205 2202 potui,
1230 2105 1370 2202 quando
1394 2130 1416 2177 a
1441 2103 1511 2202 pri-

289 2223 421 2297 mordio
433 2221 655 2320 episcopatus
669 2221 738 2297 mei
751 2220 938 2296 statuerim
952 2219 1066 2295 nichil
1080 2219 1157 2295 sine
1170 2219 1318 2295 consilio
1329 2229 1460 2307 vestro,
1474 2228 1511 2294 et

289 2336 367 2411 sine
384 2360 559 2411 consensu
577 2335 690 2433 plebis
708 2334 876 2433 privatim
893 2358 1019 2432 gerere
1037 2358 1114 2407 mea
1139 2333 1327 2409 sententia.
1346 2335 1438 2409 Cum
1464 2333 1510 2409 ad

286 2473 351 2525 vos
367 2473 429 2548 per
447 2450 528 2525 fidei
545 2450 701 2546 gratiam
721 2472 860 2537 venero,
877 2459 966 2524 tunc
982 2449 1025 2523 de
1042 2448 1100 2523 his
1118 2472 1197 2547 quae
1214 2457 1318 2544 gesta
1340 2458 1427 2523 sunt
1450 2448 1510 2524 vel

288 2563 457 2659 gerenda,
474 2562 569 2638 sicut
581 2561 692 2637 honor
706 2575 854 2637 mutuus
868 2563 999 2661 posscit
1012 2563 1049 2637 in
1062 2587 1250 2638 commune
1265 2563 1509 2639 tractabimus.

288 2678 385 2751 Idem
402 2677 440 2748 in
461 2676 612 2752 concilio
628 2699 692 2751 sno
709 2676 854 2749 firmum
871 2676 1053 2751 decretum
1071 2699 1149 2750 esse
1171 2697 1241 2748 non
1266 2686 1391 2772 potest,
1418 2675 1510 2773 quod

287 2814 357 2865 uon
376 2789 612 2887 plurimorum
630 2787 811 2863 videbitur
828 2787 995 2863 habuisse
1013 2810 1237 2861 consensum.
1256 2787 1352 2860 Idem
1370 2787 1407 2859 in
1425 2811 1505 2863 oon·

287 2902 371 2978 cilio
388 2925 461 2977 suo.
479 2906 520 2976 In
539 2900 735 2976 minoribus
753 2901 872 2976 causis
889 2900 1085 2976 sanctiores
1102 2900 1418 2998 prudentioresque
1440 2902 1508 2976 fra·

286 3027 360 3090 tres
378 3025 492 3090 rectos
510 3015 554 3088 ad
571 3039 678 3087 suum
696 3014 892 3114 Episcopus
909 3022 1079 3087 convocet
1096 3012 1298 3087 consilium.
1315 3015 1357 3086 ln
1371 3013 1510 3086 maiori-

286 3127 354 3202 bus
371 3151 455 3202 vero
472 3149 613 3201 omnem
631 3126 779 3202 fratrem
797 3136 968 3202 convocet
985 3136 1215 3201 conventum.
1233 3125 1333 3213 Quod
1349 3126 1380 3199 si
1405 3126 1509 3200 aliter

289 3239 425 3336 aegerit,
443 3239 544 3314 iuxta
562 3249 768 3314 sanctorum
786 3263 963 3314 canonum
981 3238 1122 3314 decreta
1139 3239 1240 3312 irrita
1255 3249 1292 3313 et
1305 3238 1447 3312 infirma
1460 3239 1510 3312 sit

292 3353 371 3426 eius
387 3351 574 3427 sententia.

849 3579 940 3664 (llll.

384 3803 590 3900 Cyprianus
608 3802 833 3902 Presbyteris
850 3812 886 3879 et
903 3801 1069 3878 Diaconis
1086 3812 1122 3878 et
1139 3803 1232 3900 plebi
1250 3804 1382 3877 Furnis
1399 3803 1512 3878 consi·

287 3915 475 3991 stentibus
491 3919 589 3991 Inter
605 3925 744 3992 caetera.
757 3920 871 3992 Nemo
889 3914 1048 3988 militans
1066 3918 1139 3990 Deo
1156 3916 1318 4013 implicat
1342 3942 1380 3991 se
1405 3940 1511 4012 nego

287 4027 609 4118 obsecutoribus,
627 4039 668 4102 ut
680 4028 790 4127 possit
803 4028 942 4127 placere
956 4027 990 4103 ei
1002 4028 1064 4126 qui
1078 4053 1115 4104 se
1129 4028 1301 4126 probavit.
1315 4030 1414 4116 Quod
1427 4055 1511 4106 cum

288 4142 330 4216 de
342 4141 509 4216 omnibus
521 4140 658 4217 dictum
671 4140 730 4230 sit,
743 4152 876 4240 quanto
888 4141 1007 4238 magis
1020 4141 1191 4216 molestiis
1204 4152 1240 4216 et
1252 4141 1390 4240 laqueis
1403 4167 1513 4217 saecu-

290 4251 427 4328 laribus
443 4253 596 4350 obligari
613 4275 684 4327 non
701 4255 829 4330 debent
845 4256 907 4353 qui
923 4254 1058 4330 divinis
1081 4254 1186 4330 rebus
1203 4265 1239 4330 et
1264 4255 1512 4354 spiritualibus

288 4366 453 4465 occupati
469 4366 515 4442 ab
531 4366 682 4443 eeclesia
700 4369 873 4458 recedere,
889 4368 980 4444 etad
994 4378 1153 4444 terrenos
1169 4380 1205 4444 et
1217 4370 1397 4446 seculares
1408 4379 1513 4445 actus

289 4501 419 4554 vacare
436 4502 506 4555 non
524 4491 682 4576 possunt.
700 4480 815 4556 Cuius
839 4481 1070 4557 ordinationis
1089 4491 1127 4558 et
1151 4481 1337 4579 'religionis
1362 4484 1512 4559 formam
