3608 5498
906 404 1120 455 -xvl-

401 542 499 634 lare
521 568 712 634 servum
736 565 981 633 servorum
1003 538 1105 633 Dei.
1130 538 1287 632 Etiam
1310 536 1623 656 insigniorum

400 699 794 796 monasteriorum
817 700 1027 794 Abbates
1061 699 1195 794 titulo
1222 696 1412 823 eareat
1428 700 1511 792 aut
1531 698 1628 792 mi·

322 843 325 848 ⁸
402 864 542 961 arbai
558 863 649 958 illis
681 862 971 985 temporibus
1005 861 1343 982 gloriabantur.
1365 859 1441 953 Ad
1465 859 1627 955 Cardi-

399 1026 612 1121 nalitiam
635 1027 790 1119 autem
816 1022 1109 1143 dignitatern,
1124 1025 1267 1145 juxta
1289 1021 1521 1118 Ciaooonii
1543 1050 1638 1117 au*

400 1187 679 1303 ctoritatem,
706 1214 735 1279 a
766 1188 928 1280 saneto
964 1185 1191 1304 Gregorio
1224 1183 1318 1278 VH
1350 1186 1509 1278 noster
1540 1211 1624 1277 au·
1730 1206 1733 1213 ·

402 1353 502 1443 otor
522 1350 772 1470 provectus
795 1348 878 1441 est.
896 1345 972 1439 Ad
990 1348 1106 1441 haeo
1122 1346 1149 1439 J
1153 1349 1326 1441 aeobus
1351 1340 1624 1441 Grimaldus

399 1508 727 1605 beneficiarius
751 1512 797 1602 et
819 1535 1009 1629 praeses
1026 1508 1244 1602 tabularii
1261 1508 1520 1602 Vaticanae
1545 1509 1625 1602 ba-

397 1671 570 1785 silicae,
608 1670 688 1790 qui
725 1668 883 1764 floruit
925 1698 1044 1764 saee.
1079 1669 1222 1762 XVII
1266 1670 1313 1762 in
1357 1698 1442 1763 suo
1486 1696 1624 1790 opere

396 1831 583 1948 inedito,
616 1832 691 1926 oui
724 1832 913 1926 titulus:
955 1831 1498 1956 Cataloqasomm‘am
1518 1834 1625 1934 Ar-

398 1993 914 2117 obz'presbyleroram
947 1989 1099 2088 Soror.
1150 1991 1436 2089 Valabarrae
1466 1994 1626 2089 Bost-

399 2155 532 2250 lz'eoe
579 2153 856 2274 Paneas
903 2155 1305 2274 Apostolorum,
1346 2181 1455 2248 eum
1502 2153 1624 2247 inter

399 2313 671 2409 Cardinales
713 2313 1160 2439 Archipresbyteros
1205 2316 1414 2439 ejusdem
1457 2314 1625 2409 Basili-

398 2507 481 2572 oae
503 2480 764 2592 enumerat,
781 2477 1002 2599 illamque
1024 2478 1268 2571 ecelesiam
1291 2483 1514 2600 quartum
1531 2479 1623 2573 Ar-

398 2639 803 2761 ohipresbyterurn
847 2667 995 2732 annos
1033 2637 1276 2733 duodecim
1320 2642 1366 2733 et
1407 2667 1622 2735 mensem>

401 2829 550 2896 unum
584 2800 762 2922 rexisse
795 2800 1024 2923 scriptum
1057 2799 1259 2920 reliquit,
1291 2801 1486 2922 ejusque
1528 2803 1624 2896 obi-

399 2966 501 3056 tum
535 2990 658 3055 anno
697 2959 830 3074 1098,
863 2961 1057 3056 Urbano
1090 2961 1138 3056 Π
1170 2961 1413 3078 Pontifioe,
1447 2962 1622 3057 adseri-

397 3123 476 3217 bit.
510 3122 693 3218 Verum
725 3123 868 3217 Laur.
899 3123 1114 3217 Gardella
1146 3123 1193 3217 in
1227 3152 1298 3247 op.
1323 3123 1488 3243 lingua
1519 3153 1621 3218 ver·
1753 3142 1759 3153 ·

397 3284 568 3378 naoula
590 3285 853 3406 conscripto
875 3283 1137 3380 Memorio
1156 3285 1387 3379 stora'ebe
1409 3282 1623 3381 cle'Car-

395 3446 572 3541 (labala
600 3445 660 3539 dz'
678 3444 731 3542 S.
755 3447 822 3542 H.
853 3445 1042 3542 Claaeso
1064 3475 1187 3540 anno
1219 3450 1404 3567 postero
1437 3447 1621 3563 obiisse,

251 3595 257 3608 ’
396 3611 908 3733 praetereaGerrnania
925 3614 1155 3726 ortum‚et
1171 3610 1230 3704 ad
1242 3610 1496 3733 Hispanias
1508 3612 1621 3705 mis-

394 3801 503 3869 sum
516 3774 604 3867 sub
619 3774 848 3892 Gregorio
860 3772 952 3867 VII
964 3773 1220 3893 Legatione
1236 3772 1621 3897 Apostolioaper-

395 3931 611 4029 functum
638 3931 782 4027 fuisse
814 3933 969 4027 tradit.
992 3933 1133 4027 Anno
1167 3933 1354 4055 quidem
1383 3932 1502 4029 1099
1523 3935 1620 4029 vita

392 4092 609 4188 functum
643 4123 746 4188 esse
778 4094 977 4189 similius
1010 4122 1120 4189 vero
1153 4093 1353 4210 ridetur⁷
1388 4121 1537 4216 quum
1569 4094 1629 4192 in,

396 4254 547 4348 Bullis
566 4255 812 4363 Pasehalis
830 4255 877 4349 H
894 4255 1028 4350 editis
1046 4252 1449 4350 ann01099titulo
1467 4254 1620 4349 S.Pe-
1727 4281 1729 4286 ·

394 4415 457 4512 tri
479 4414 538 4511 ad
561 4415 749 4513 vinoula
765 4416 1013 4516 Alberious
1036 4420 1094 4514 ab
1118 4417 1272 4516 idibus
1295 4416 1514 4515 Octobris
1536 4444 1618 4512 no·
