3608 5498
804 394 1001 456 -405-

289 511 465 585 xandrum
479 511 743 587 Antiochenam
756 513 970 611 Episcopum
983 515 1044 590 ait.
1058 516 1151 590 Nam
1164 518 1256 614 quod
1269 519 1445 594 sciscitari
1459 521 1512 593 in·

289 625 418 722 quiens
431 635 554 698 utrum
568 625 695 700 divisis
708 627 885 728 imperiali
899 627 1031 702 iudicio
1045 628 1240 726 provinciis
1254 639 1296 705 ut
1308 630 1377 705 duo
1388 643 1513 707 metro-

290 738 406 835 poleos
423 739 523 828 fiant,
539 739 569 812 si
587 739 656 815 duo
674 740 935 840 metropolitani
949 741 1101 817 debeant
1119 742 1308 817 nominari.
1324 746 1404 818 Non
1426 768 1513 841 ergo

288 851 408 926 visum
425 853 542 928 estad
560 852 794 930 mobilitatem
811 854 1068 930 necessitatum
1087 856 1352 930 mundanarum
1367 857 1429 932 Dei
1447 884 1512 933 ec-

293 964 402 1040 clesia
419 966 644 1054 commutari,
661 966 882 1067 honoresque
899 977 963 1042 aut
975 967 1168 1044 divisiones
1180 969 1326 1067 perpeti,
1343 994 1433 1068 quas
1449 993 1511 1067 pro

289 1078 364 1151 suis
377 1078 497 1153 causis
511 1079 695 1168 faciendis,
704 1081 806 1156 duxit
816 1085 1021 1179 Imperator.
1030 1084 1163 1156 Beatus
1178 1086 1369 1178 Augustus
1379 1084 1513 1180 Grego-

292 1192 369 1266 rius
379 1191 921 1290 (siclscribensadTheoctistam
933 1196 1119 1292 patriciam
1129 1195 1405 1272 intercetera.Si
1414 1198 1511 1272 enim
1609 1198 1615 1207 ’

289 1306 414 1404 inquid
429 1306 616 1403 religionis
625 1334 734 1383 causa
743 1309 912 1406 coniugia
922 1308 1047 1384 debere
1056 1308 1202 1383 dissolvi
1212 1309 1513 1397 dicantur,scion·

288 1419 374 1494 dum
388 1430 453 1509 est,
466 1420 550 1519 quia
563 1433 599 1497 et
615 1422 646 1496 si
659 1423 725 1498 hoo
738 1422 796 1499 lex
809 1423 967 1497 humana
979 1421 1166 1511 concessit,
1182 1421 1240 1497 lex
1252 1432 1374 1496 tamen
1387 1422 1512 1497 divina

290 1535 478 1633 prohibuit.
497 1541 589 1614 Ecce
607 1538 904 1636 quemadmodum
929 1535 1106 1633 imperiali
1127 1534 1259 1610 iudicio
1276 1559 1346 1610 non
1364 1548 1513 1633 possunt

289 1650 542 1728 aecclesiastica
556 1652 637 1727 iura
649 1652 805 1727 dissolvi.
814 1655 907 1727 Ecce
921 1648 1075 1749 qualiter
1087 1649 1179 1748 quod
1192 1649 1250 1724 lex
1261 1648 1419 1723 humana
1432 1673 1512 1726 con·

288 1765 407 1851 cessit,
424 1764 482 1839 len
498 1765 621 1840 divina
639 1764 831 1863 prohibeat
847 1768 928 1839 Non
945 1764 1038 1862 quod
1054 1766 1249 1861 Imperator
1266 1761 1411 1859 legibus
1435 1765 1513 1863 qui·

289 1879 356 1953 bus
370 1904 451 1976 sepo
465 1879 618 1954 ecclesia
635 1889 759 1954 contra
777 1876 952 1954 hereticos
965 1879 1092 1968 utitur,
1105 1901 1187 1974 sepe
1200 1887 1323 1952 contra
1337 1889 1512 1976 tyrannos

288 2002 396 2090 atque
413 2002 536 2067 contra
553 2016 680 2090 pravos
697 2016 855 2091 quosque
877 1991 1080 2067 defenditur
1104 1991 1266 2065 dicamus
1291 1990 1435 2089 penitus
1459 2016 1512 2067 re·

289 2106 460 2195 nuendas,
476 2107 536 2181 sed
553 2131 613 2182 eas
630 2108 722 2205 quod
735 2105 957 2201 evangelicis
974 2105 1175 2203 apostolicis
1200 2114 1308 2203 atque
1333 2105 1515 2181 canonicis

289 2219 441 2295 decretis
458 2220 588 2318 quibus
605 2220 841 2318 postponende
858 2229 955 2306 sunt,
969 2218 1112 2293 nullum
1127 2241 1227 2316 posse
1240 2218 1373 2293 inferre
1387 2219 1512 2314 praeiu-

289 2333 423 2409 dicium
440 2360 652 2410 asseramus.
669 2339 717 2410 Et
741 2335 846 2409 infra.
871 2335 1049 2421 Quoniam
1074 2332 1197 2406 divina
1223 2331 1368 2406 favente
1392 2333 1512 2429 gratia

289 2458 432 2523 tantum
449 2448 615 2545 cupimus
633 2448 837 2523 huiusmodi
854 2448 973 2524 scelus
989 2447 1187 2523 secundum
1209 2445 1386 2521 creditum
1411 2447 1512 2522 nobis

289 2561 419 2638 celitus
435 2563 676 2638 ministerium
694 2563 739 2637 ab
756 2562 918 2645 ccclesiae
934 2561 1026 2638 facio
1045 2560 1219 2637 radicitus
1243 2571 1443 2657 amputare,
1469 2572 1511 2637 ut

290 2677 321 2750 si
338 2678 405 2752 hac
423 2678 504 2753 vioe
522 2677 615 2752 idem
633 2677 821 2752 Lotharius
838 2677 981 2752 monitis
999 2673 1202 2750 salubribus
1218 2700 1262 2750 ao
1286 2675 1512 2750 deffinitioni·

289 2792 358 2866 bus
379 2792 511 2868 uostris
536 2817 598 2889 per
622 2792 761 2888 legatos
784 2802 821 2867 et
845 2791 1012 2889 epistolas
1036 2800 1177 2865 nostras
1202 2788 1419 2885 regulariter
1442 2789 1511 2865 sibi
1639 2784 1641 2790 ’

290 2909 409 2982 missis
427 2906 582 2982 noluerit
598 2907 748 2994 obedire,
766 2917 802 2982 et
818 2907 864 2980 ad
881 2904 1117 3003 penitentiam
1138 2904 1352 3001 competenti
1371 2905 1479 2979 satisl'
1496 2947 1511 2961 ·

290 3024 406 3098 ctione
420 3024 602 3120 praemissa
615 3022 828 3121 quantocius
842 3020 1019 3118 repedare,
1032 3045 1053 3092 a
1066 3019 1166 3093 nobis
1178 3031 1286 3117 atque
1299 3044 1321 3091 a
1334 3019 1444 3094 totius
1456 3044 1511 3094 ec·

290 3136 406 3212 clesioe
427 3160 570 3233 corpore
586 3135 758 3212 canonica
775 3144 883 3233 atque
899 3134 1089 3235 apostolica
1111 3133 1289 3209 sententia
1315 3133 1510 3209 efficienter

290 3277 362 3324 una
380 3274 463 3325 cum
480 3251 645 3327 omnibus
661 3249 862 3325 fautoribus
878 3258 915 3324 et
936 3246 1300 3324 communicatoribus
1315 3247 1393 3322 suis
1414 3246 1512 3346 peni·

291 3376 352 3441 tus
368 3365 517 3441 alienus.

786 3503 1010 3590 LXXXVIII.

386 3708 582 3785 Nicholaus
598 3707 795 3807 Episcopus
811 3731 939 3783 servus
954 3727 1140 3781 servorum
1153 3703 1221 3780 Dei
1237 3703 1396 3803 piissimo
1411 3712 1449 3778 et
1460 3701 1511 3776 di·

292 3824 486 3899 lectissimo
499 3823 571 3897 filio
583 3823 779 3920 superatori
792 3821 960 3920 gentium
973 3829 1081 3917 atque
1093 3817 1390 3917 tranquillissimo
1402 3816 1512 3914 impe-

292 3939 402 4012 ratori
415 3936 607 4013 Michaheli
620 3961 642 4008 a
655 3938 728 4011 Deo
740 3944 897 4036 protecto
908 3956 1047 4032 semper
1060 3937 1238 4029 Augusto.
1251 3936 1297 4007 Et
1310 3932 1416 4007 infra.
1429 3933 1510 4007 Nou

291 4075 378 4148 ergo
395 4050 520 4148 quales
536 4050 611 4124 sint
631 4050 831 4126 sacerdotes
856 4047 1012 4136 Domini,
1028 4047 1090 4121 sed
1112 4046 1198 4144 quid
1221 4045 1265 4122 do
1288 4046 1440 4120 Domino
1464 4045 1513 4121 lo

291 4176 450 4265 quantur
466 4174 520 4240 est
538 4163 636 4239 vobis
654 4186 870 4260 magnopere
891 4162 1170 4260 praevidendum.
1193 4165 1274 4236 Non
1298 4161 1337 4234 in
1356 4160 1512 4236 Vicariis

291 4280 385 4355 beati
403 4279 500 4354 Petri
521 4279 678 4377 Apostoli
696 4278 796 4353 vobis
813 4287 868 4352 est
884 4276 1141 4351 attendendum
1158 4276 1221 4374 qui
1246 4277 1331 4366 sint,
1347 4275 1408 4350 sed
1425 4274 1512 4373 quid

292 4418 354 4493 pro
370 4393 590 4491 correptione
607 4392 862 4480 ecclesiarum,
880 4390 965 4489 quid
982 4413 1044 4488 pro
1062 4390 1179 4466 salute
1196 4401 1316 4466 vestra
1333 4401 1512 4485 satagant.

225 4543 227 4547 >
290 4511 415 4607 Neque
431 4506 528 4584 eninr
546 4506 626 4583 illos
644 4505 823 4583 inferioris
838 4504 965 4582 dicetis
988 4503 1099 4580 scribi
1123 4514 1161 4581 et
1184 4503 1340 4604 pharisei
1364 4503 1513 4581 dicenti·
