3608 5498
676 383 874 446 -393-

165 527 269 579 omno
287 503 380 602 quod
397 503 600 581 desiderant
616 527 686 579 non
707 513 872 600 negatur.
891 504 992 581 Idem.
1013 506 1052 578 in
1077 503 1280 580 moralibus.
1297 504 1389 582 Iusti

168 629 311 716 propter
328 618 401 693 alia
418 615 562 713 llagella
578 619 623 693 ad
639 628 763 694 eterna
780 618 908 694 ficiunt
932 618 1076 716 gaudia.
1093 619 1195 695 Unde
1220 627 1256 694 ct
1271 617 1390 692 iustus

169 730 208 804 in
227 731 329 829 penis
345 732 504 826 gaudere
528 732 642 822 debet,
658 743 695 807 61
719 731 841 829 inpius
865 732 903 805 in
920 731 1212 830 prosperitatibus
1229 730 1332 807 debet
1347 730 1392 805 ti·

170 870 277 921 mere.
294 849 341 921 Et
358 870 473 944 nequo
490 871 511 918 a
528 847 634 936 iusto,
650 871 766 945 neque
784 872 805 920 a
830 845 974 943 reprobo
991 848 1088 920 Deus
1112 844 1390 921 misericordiam

169 968 206 1033 et
229 957 406 1034 iustitiam
434 960 598 1035 retrahit.
614 963 708 1035 Nam
735 969 771 1035 61
789 960 975 1061 perbonos
992 959 1051 1036 hic
1076 984 1138 1060 per
1162 958 1391 1033 afflictionem

169 1073 317 1166 iudicat,
333 1085 369 1151 et
392 1075 480 1151 illuc
510 1087 762 1152 remuneratur
791 1100 854 1176 per
878 1074 1155 1150 miserationem.
1171 1076 1217 1147 Et
1244 1071 1392 1147 malose

169 1190 346 1263 contrario
363 1201 568 1267 remunerat
585 1217 647 1289 per
664 1189 893 1289 temporalem
906 1187 1145 1279 clementiam,
1162 1195 1198 1263 61
1214 1186 1252 1260 16
1270 1185 1392 1260 futuro

170 1304 277 1401 punit
301 1328 363 1403 por
392 1315 561 1380 aeternam
587 1305 775 1381 iustitiam.
792 1303 894 1380 Unde
919 1302 957 1375 in
975 1301 1043 1377 hac
1059 1300 1136 1374 vita
1161 1299 1277 1400 parcit
1294 1301 1393 1374 Deus

173 1416 282 1514 inpiis
310 1427 346 1492 et
375 1439 447 1491 non
476 1418 591 1515 parcit
615 1418 749 1495 electis.
765 1421 813 1492 Et
836 1417 875 1490 in
899 1415 971 1488 alia
997 1415 1112 1512 parcit
1128 1413 1252 1488 electis
1269 1423 1305 1488 et
1321 1435 1393 1486 non

171 1539 293 1627 parcet
317 1530 460 1629 iniquis.
478 1535 525 1606 Et
550 1542 627 1627 post
644 1541 793 1608 mortem
810 1531 957 1629 iniquus
975 1530 1121 1604 docitur
1137 1529 1182 1603 ad
1198 1527 1393 1617 cruciatus,

172 1643 292 1719 iustus
309 1668 394 1719 vero
410 1655 489 1743 post
513 1645 668 1722 laborem
694 1647 823 1721 dormit
847 1670 1006 1721 securus.
1022 1647 1115 1719 Nam
1141 1643 1172 1716 si
1190 1641 1393 1741 peccaverit

172 1756 301 1848 166166,
313 1758 384 1833 6116
396 1757 466 1832 hab
478 1782 519 1833 6ο
531 1760 727 1857 corrigitur
744 1760 898 1857 fiagello,
910 1769 946 1835 et
959 1783 1065 1857 quem
1083 1757 1205 1855 diligit
1219 1756 1394 1832 Dominus

174 1871 331 1970 corripit,
348 1882 384 1948 61
400 1873 562 1971 flagellat
577 1899 716 1949 omnem
740 1874 853 1948 filium
872 1898 977 1972 quem
1003 1871 1141 1972 recipit,
1159 1882 1200 1945 ut
1216 1871 1300 1945 dum
1318 1895 1395 1945 oar-

174 1984 230 2059 nis
247 1985 364 2062 dolore
380 1996 444 2061 aut
468 1986 698 2063 tribulatione
727 1989 907 2078 atteritur,
924 2013 945 2060 a
970 1986 1096 2062 mundi
1121 2008 1240 2060 amore
1257 2007 1395 2085 separo·

174 2110 247 2189 tur,
263 2110 299 2175 61
316 2100 441 2175 durius
459 2101 556 2178 circa
572 2102 704 2179 electos
720 2103 759 2176 in
777 2105 845 2180 hac
862 2104 939 2177 vita
956 2104 1053 2178 Deus
1076 2101 1167 2199 agit,
1184 2111 1220 2176 et
1244 2099 1395 2175 fortiori·

174 2213 241 2289 bus
258 2214 414 2312 flagellis
431 2225 468 2292 61
484 2216 642 2293 stimulis
667 2218 844 2308 feruntur,
861 2227 902 2293 ut
922 2216 1021 2293 nullo
1037 2216 1294 2293 oblectamento
1309 2240 1397 2316 proe-

175 2330 290 2405 sentis
318 2330 403 2405 vitm
428 2330 662 2422 delectentur,
679 2331 740 2407 sed
764 2331 944 2408 caelestem
974 2330 1125 2430 patriam
1150 2329 1213 2404 ubi
1229 2338 1328 2405 certa
1344 2354 1396 2405 re·

176 2445 279 2543 quies
295 2454 505 2543 expectatur
521 2445 765 2521 indesinenter
782 2447 992 2522 desiderent.
1009 2448 1056 2519 Et
1072 2444 1282 2543 plerumque
1300 2444 1396 2519 Deus

128 2548 130 2552 ⁵
174 2559 311 2633 iustum
327 2559 489 2655 flagellat
506 2584 550 2636 ne
567 2559 610 2635 de
623 2586 688 2635 sua
702 2561 840 2636 iustitia
854 2559 1062 2661 superbiens
1074 2558 1289 2636 cadatNam
1303 2558 1396 2657 quod

175 2672 298 2769 diligit
310 2674 417 2763 Deus,
430 2673 496 2747 sub
513 2673 704 2771 disciplina
721 2675 879 2772 castigat
896 2685 937 2749 ut
953 2684 1054 2775 pater
1073 2684 1109 2749 et
1126 2673 1254 2772 impios
1266 2674 1333 2749 sub
1346 2673 1395 2748 di-

174 2786 300 2862 stricta
321 2786 546 2862 damnatione
572 2800 614 2862 ut
638 2788 756 2863 hostes
780 2789 1003 2864 adversaries
1029 2790 1141 2885 punit.
1159 2789 1262 2866 Unde
1287 2814 1397 2863 unus·

176 2901 326 2999 quisque
344 2902 526 2978 festinata
545 2903 638 2978 malo
662 2904 843 3000 corrigere
868 2930 916 2992 se,
935 2930 981 2979 ne
1005 2904 1115 2979 simul
1141 2905 1301 3001 rapiatur
1318 2906 1395 2978 vita

176 3040 259 3090 cum
285 3016 401 3114 culpa.
418 3021 465 3092 Et
490 3016 583 3096 dolet
606 3016 792 3116 flagellum
813 3018 1042 3118 temporalem
1060 3017 1202 3116 culpam
1220 3028 1397 3116 quantum

179 3131 374 3206 mutaverit
391 3132 429 3204 in
446 3132 576 3208 melius
600 3134 713 3207 vitam
739 3159 851 3207 snam.
867 3136 961 3208 Nam
978 3132 1084 3208 cuius
1102 3154 1215 3205 mores
1232 3154 1302 3204 non
1321 3156 1397 3205 mu·

177 3254 302 3319 tantur
319 3245 357 3319 in
383 3245 524 3337 melius,
541 3270 610 3321 non
635 3247 755 3345 expiat
778 3247 945 3322 actiones.
962 3243 1088 3319 Omnis
1111 3242 1233 3317 divina
1257 3269 1399 3343 percus·

177 3358 239 3449 sio,
252 3367 316 3432 aut
333 3359 418 3434 vita
435 3362 621 3458 praesentis
638 3360 805 3459 purgatio
822 3369 887 3450 est,
899 3368 963 3433 aut
979 3359 1122 3433 initium
1141 3374 1240 3456 penae'
1252 3383 1399 3458 sequen-

177 3473 235 3547 tis.
253 3476 299 3547 Et
324 3473 535 3572 quibusdam
560 3475 706 3573 flagella
730 3474 776 3550 ab
791 3474 860 3551 hac
877 3473 955 3546 vita
971 3471 1142 3547 inchoant
1157 3484 1194 3547 61
1210 3471 1247 3545 16
1265 3482 1399 3548 aeterna

179 3587 405 3685 percussione
422 3588 626 3685 perdurant.
644 3588 746 3665 Unde
763 3613 826 3687 per
842 3589 993 3685 Moysen
1018 3585 1161 3660 dicitur.
1177 3585 1280 3682 Ignis
1300 3611 1400 3662 exar-

178 3702 227 3776 sit
243 3701 288 3778 ab
304 3703 359 3774 ira
376 3727 466 3792 mea,
483 3712 520 3777 61
543 3703 683 3779 ardebit
700 3726 813 3800 usqne
831 3702 875 3776 ad
892 3700 1024 3775 inferos
1044 3700 1219 3776 deorsum.
1236 3700 1338 3778 Unde
1362 3708 1400 3777 61

179 3815 306 3907 David,
327 3815 532 3915 operiantur
549 3817 644 3893 sicut
660 3816 812 3917 diploide
829 3815 1034 3893 confusione
1059 3839 1135 3890 sua.
1151 3813 1287 3914 Diplois
1302 3814 1399 3890 enim

178 3933 333 4032 dupplex
349 3942 405 4008 est
417 3932 684 4008 vestimentum.
694 3936 771 4020 Quo
784 3929 986 4029 figuraliter
1003 3929 1166 4005 induitur
1182 3929 1244 4028 qui
1260 3938 1296 4004 et
1311 3939 1401 4005 tem-

179 4047 289 4146 porali
307 4071 398 4145 pena
416 4056 452 4122 et
469 4056 602 4122 retorna
623 4048 825 4122 damnatur.
843 4049 890 4121 Et
907 4043 1117 4120 Hieremias.
1135 4042 1299 4141 Dupplici
1320 4066 1403 4119 con·

178 4160 324 4236 tritione
350 4170 510 4235 conteret
535 4185 595 4235 eos
612 4163 719 4235 Dens.
737 4161 911 4236 Contritio
935 4185 1042 4259 super
1072 4158 1317 4234 contritionem
1348 4166 1403 4233 est

178 4275 324 4369 gemina
349 4274 540 4364 damnatio,
557 4274 617 4349 hic
641 4286 677 4348 et
694 4274 731 4347 in
750 4274 871 4350 futuro
895 4274 1034 4350 saeculo.
1050 4275 1144 4347 Nam
1166 4281 1301 4348 secreto
1318 4295 1401 4369 quo

179 4388 260 4462 dam
278 4388 343 4464 Dei
360 4388 492 4465 iudicio
508 4389 720 4489 quibusdam
738 4388 798 4463 hic
815 4389 908 4464 male
924 4397 1031 4464 estet
1048 4387 1137 4461 illuc
1148 4386 1248 4476 bene,
1260 4394 1302 4459 61
1315 4385 1401 4458 dum

180 4501 241 4578 hic
262 4503 506 4603 corriguntur,
522 4503 567 4580 ab
591 4511 725 4582 616616
749 4501 1001 4606 dampnatione
1025 4500 1232 4579 liberentur.
1248 4497 1401 4590 Quibus
