3608 5498
799 455 841 468 -
865 421 931 483 429
956 454 996 470 -

507 565 510 573 ’
610 553 613 556 ’
666 570 697 674 ᾗ
839 576 961 661 oxu.

552 755 601 804 Ex
620 754 760 818 epistola
779 755 929 820 cypriani
947 753 992 807 ad
1011 752 1244 807 constantium.

382 888 483 977 Quod
500 889 529 962 si
548 890 599 964 ita
616 898 671 963 est
688 889 799 964 frater
811 889 1002 965 karissime
1019 900 1061 965 ut
1074 888 1377 987 nequissimorum
1391 886 1516 961 timea-

288 1013 349 1077 tur
365 1002 526 1084 audacia,
542 1013 578 1078 et
594 1002 687 1101 qnod
704 1003 793 1076 mali.
808 1003 886 1078 iure
899 1014 1008 1102 atque
1021 1004 1191 1101 equitate
1208 1025 1279 1077 non
1295 995 1454 1100 possunt,
1466 1008 1534 1106 te·'

289 1116 453 1192 meritate
470 1142 514 1192 ac
530 1115 772 1214 desperatione
783 1116 988 1214 perficiant,
1005 1125 1126 1191 actum
1147 1126 1201 1192 est
1227 1117 1271 1191 de
1292 1108 1515 1213 episcopatus

288 1229 425 1324 vigore,
441 1239 477 1303 et
493 1230 535 1304 de
553 1228 986 1326 aecclesiaegubernandae
1002 1228 1151 1305 sublimi
1170 1255 1213 1305 ac
1226 1229 1350 1303 divina
1367 1237 1518 1325 potesta·

289 1353 336 1432 tc,
352 1351 419 1419 nec
434 1343 624 1420 christiani
641 1341 734 1416 ultra
752 1354 816 1419 aut
833 1343 962 1419 dirrare
980 1353 1044 1417 aut
1061 1368 1140 1418 esse
1163 1343 1235 1417 iam
1262 1367 1461 1441 possumus,
1486 1339 1517 1412 si

290 1458 333 1532 ad
350 1458 415 1533 boc
432 1466 580 1533 ventum
598 1456 726 1556 estqui
739 1459 957 1558 perditorum
976 1456 1106 1547 minas,
1119 1466 1227 1555 atque
1244 1456 1394 1533 insidias
1412 1453 1518 1553 perti·

292 1595 502 1647 mescamus
521 1574 566 1645 Et
583 1569 687 1644 infra.
701 1573 824 1668 Neque
841 1571 936 1645 enim
955 1569 1047 1644 solas
1059 1572 1237 1667 gentium,
1252 1569 1311 1646 vel
1330 1569 1516 1645 iudeorum

291 1685 408 1758 minas
424 1684 582 1780 cogitare
600 1693 636 1758 et
649 1693 809 1781 spectare
821 1684 1002 1773 debemus,
1015 1710 1097 1760 cum
1119 1686 1309 1761 videamus
1321 1684 1438 1783 ipsum
1453 1684 1519 1754 llo

290 1798 429 1871 minum
446 1807 606 1872 nostrum
623 1797 830 1872 afratribus
842 1822 920 1873 esse
933 1798 1129 1887 detentum,
1143 1808 1179 1873 et
1192 1798 1238 1873 ab
1251 1820 1291 1873 eo
1303 1789 1519 1894 queminter

291 1910 474 2009 Apostolos
490 1912 565 2010 ipse
581 1911 766 2008 delegerat
783 1912 970 2009 proditum.
987 1914 1034 1984 Et
1051 1909 1267 2007 paulopost.
1292 1913 1334 1985 In
1355 1913 1520 2002 Evange-

291 2023 339 2097 lio
355 2024 463 2099 etiam
481 2024 638 2119 legimus
662 2048 739 2099 esse
756 2026 968 2123 praedictum
994 2025 1113 2121 magis
1145 2023 1355 2100 domesticos
1380 2023 1519 2096 futuros

290 2137 405 2233 etqui
423 2136 524 2235 prius
541 2134 696 2234 copulati
723 2143 947 2212 sacramento
975 2138 1230 2212 unanimitatis
1256 2137 1401 2225 fuerint,
1426 2135 1520 2232 ipsos

291 2250 446 2324 invicem
459 2249 663 2325 tradituros.
675 2249 797 2324 Niohil
813 2251 963 2325 interest
975 2252 1058 2349 quis
1071 2253 1194 2326 tradat
1206 2262 1270 2327 aut
1283 2251 1409 2340 seviat,
1422 2273 1521 2324 oum-

292 2387 359 2461 quo
378 2363 471 2437 tradi
487 2363 664 2461 permittit
681 2373 833 2438 coronet.
851 2366 978 2462 Neque
997 2364 1100 2439 nobis
1119 2364 1319 2461 ignominia
1337 2373 1392 2439 est
1409 2363 1520 2460 patia

293 2476 465 2550 fratribus
481 2475 566 2572 qnia
583 2499 709 2574 passus
727 2485 781 2550 est
799 2476 979 2565 Christus,
1008 2502 1076 2553 nec
1103 2477 1157 2550 illi
1184 2477 1298 2574 gloria
1325 2488 1380 2553 est
1403 2476 1521 2551 facere

293 2589 386 2686 quod
401 2588 527 2663 lecerit
543 2588 659 2662 ludas.
676 2591 756 2662 Non
775 2589 946 2665 timemus
963 2591 1079 2667 fustes
1102 2602 1138 2667 et
1163 2591 1298 2690 lapides
1323 2599 1359 2666 et
1382 2588 1521 2686 gladios

293 2725 380 2799 quos
397 2701 516 2776 verbis
533 2701 806 2799 parricidalibus
820 2703 968 2793 iactant,
982 2703 1178 2780 homicides
1195 2714 1282 2779 sunt
1294 2704 1388 2801 apud
1406 2705 1521 2777 Deum

293 2814 385 2889 tales
402 2839 529 2890 necare
545 2824 666 2889 tamen
684 2838 754 2889 non
772 2827 932 2913 possunt,
949 2817 1019 2891 nisi
1037 2818 1090 2893 eis
1109 2818 1283 2892 Dominus
1301 2841 1428 2891 necare
1446 2839 1523 2914 per-

295 2928 441 3002 miserit.
459 2927 527 3002 Sed
545 2951 614 3002 non
632 2928 763 3003 iccirco
781 2929 893 3004 frater
917 2930 1108 3006 karissime
1140 2929 1373 3027 relinquenda
1389 2940 1443 3004 est
1467 2952 1523 3003 eo·

295 3038 497 3115 clesiastica
509 3040 708 3139 disciplina,
721 3055 785 3115 aut
797 3042 1029 3118 sacerdotalis
1043 3067 1207 3132 censura,
1221 3043 1388 3142 quoniam
1402 3041 1524 3118 convi-

296 3153 363 3227 ciis
380 3154 607 3242 infestantur,
624 3164 690 3229 aut
706 3154 903 3229 terroribus
920 3158 1106 3255 quatimur
1123 3158 1211 3256 quin
1228 3166 1394 3233 occurrat
1406 3154 1522 3230 Domi·

298 3291 366 3340 nus
382 3266 513 3342 dicens.
531 3265 651 3341 Verba
674 3266 744 3340 viri
771 3270 968 3364 peccatoris
994 3296 1040 3347 ne
1065 3271 1273 3358 timueritis,
1297 3271 1382 3369 quia
1405 3268 1523 3366 gloria

296 3378 374 3453 eius
390 3378 459 3453 erit
475 3379 514 3452 in
528 3403 679 3466 vermes,
697 3378 799 3454 bodie
816 3381 1010 3458 extolletur
1023 3395 1060 3460 et
1076 3409 1158 3460 cras
1171 3408 1241 3459 non
1254 3382 1472 3472 invenietur,
1488 3390 1525 3456 et

296 3491 468 3586 cogitatio
481 3491 559 3566 eius
571 3491 710 3589 peribit.
724 3495 771 3567 Et
783 3492 924 3567 iterum.
939 3495 1023 3569 Vidi
1039 3496 1187 3593 impium
1207 3494 1523 3594 superexaltatum.

298 3608 344 3679 Et
360 3616 488 3680 cetera.
505 3609 553 3679 Et
569 3617 646 3703 post
663 3630 787 3704 pauca.
805 3609 901 3680 Nam
915 3629 1003 3679 cum
1022 3608 1197 3705 scriptum
1215 3606 1273 3696 sit,
1286 3629 1402 3704 neque
1415 3603 1524 3678 male·

299 3718 369 3793 dici
384 3741 538 3813 regnum
553 3718 615 3792 Dei
630 3718 869 3816 possidebunt.
879 3721 926 3793 Et
939 3719 969 3792 si
979 3720 1062 3817 quis
1074 3719 1205 3795 dixerit
1218 3719 1323 3795 fratri
1336 3742 1400 3794 suo
1412 3718 1525 3806 fatue,

300 3842 336 3907 et
353 3831 415 3929 qui
432 3830 561 3907 dixerit
579 3830 699 3920 racha,
718 3857 800 3907 reus
820 3831 891 3907 erit
907 3831 944 3903 in
961 3833 1128 3929 gehenna
1145 3832 1253 3928 ignis,
1267 3831 1437 3931 quomodo
1450 3854 1526 3928 pos-

300 3954 386 4018 sunt
402 3968 592 4019 censuram
611 3944 753 4018 Domini
771 3943 901 4018 ultoris
917 3947 1069 4024 evadere
1083 3946 1145 4045 qui
1163 3946 1251 4020 talia
1264 3946 1438 4040 ingerunt
1454 3965 1525 4017 non
1622 3950 1626 3959 '

303 4056 418 4130 solum
436 4055 621 4145 fratribus,
639 4056 699 4131 sed
718 4067 754 4132 et
772 4057 1025 4148 sacerdotibus,
1045 4059 1176 4158 quibus
1200 4059 1310 4133 honos
1334 4066 1459 4131 tantus
1482 4055 1526 4130 de

303 4169 368 4244 Dei
381 4169 588 4265 dignatione
601 4170 819 4259 conceditur,
833 4172 1037 4270 utquisque
1050 4170 1223 4246 sacerdoti
1237 4172 1316 4246 eius
1329 4180 1366 4246 et
1378 4169 1422 4242 ad
1436 4178 1526 4243 tem·
1593 4171 1595 4175 ⁴

300 4305 367 4378 pus
384 4282 559 4357 indicanti
584 4305 654 4356 non
672 4280 931 4380 obtemperabit
947 4284 1068 4359 statim
1089 4287 1305 4359 necaretur?
1329 4285 1372 4357 In
1397 4283 1528 4356 Deute-

301 4398 457 4471 ronomio
479 4396 637 4495 loquitur
655 4396 828 4470 Dominus
846 4398 943 4477 Deus
959 4396 1092 4483 dicens,
1109 4394 1176 4470 hoo
1193 4395 1411 4493 quicumque
1436 4393 1527 4469 fece·

302 4508 349 4583 rit
367 4510 404 4580 in
423 4508 589 4606 superbia
608 4518 650 4582 ut
666 4507 921 4583 nonexaudiat
938 4506 1168 4598 sacerdotem,
1188 4516 1253 4580 ant
1278 4505 1433 4582 iudicem
1451 4505 1528 4602 qni·
