3608 5498
705 395 903 459 -alr-

116 562 121 570 ·
192 518 323 606 firmos,
340 541 447 615 quam
464 517 509 591 ad
530 515 795 614 energuminos,
811 525 848 591 et
872 515 948 613 ipse
971 524 1008 590 et
1032 514 1197 590 omnibus
1214 514 1413 614 presbyteri

191 631 253 728 qui
265 643 402 719 assunt,
416 641 457 704 ut
469 639 608 704 tantum
623 630 733 727 possit
745 630 862 705 audiri
875 657 896 703 a
911 630 1239 707 circumstantibus.
1249 635 1296 705 Et
1309 632 1414 706 infra.

191 744 384 819 Duodecim
401 742 605 841 Presbyteri
622 744 696 818 sint
708 752 817 818 testes
838 754 874 820 et
890 745 1068 820 adiutores
1082 745 1298 821 sacrosancti
1313 745 1415 821 Chri-

191 856 315 930 smalis
340 855 541 943 ministerii,
559 857 609 930 ita
635 865 677 930 ut
694 857 841 931 Diaconi
867 869 944 956 post
964 859 1108 933 dorsum
1126 859 1289 957 Episcopi
1307 867 1414 949 stent,

191 970 397 1067 Presbyteri
416 993 499 1044 vcro
515 995 536 1042 a
554 971 689 1046 dextris
705 981 742 1044 et
758 970 959 1045 asinistris.
977 974 1065 1045 Item
1085 971 1123 1043 in
1140 974 1297 1045 Romano
1311 971 1413 1045 Ordo.

193 1088 396 1181 Antequam
412 1084 553 1159 dicatur
570 1109 632 1181 per
650 1108 753 1181 quem
772 1082 848 1157 haec
865 1084 983 1157 omnia
998 1083 1146 1158 Domine
1168 1107 1307 1181 semper
1322 1082 1413 1158 bona

190 1222 301 1285 creas,
318 1196 487 1271 levantur
504 1199 546 1273 de
563 1197 734 1295 ampullis
751 1221 840 1295 quas
857 1197 1010 1271 offerunt
1028 1195 1156 1294 populi,
1182 1204 1218 1271 ct
1234 1195 1414 1272 benedicit

190 1321 264 1386 tam
282 1310 441 1385 domnus
453 1314 548 1408 Papa
565 1335 673 1409 quam
691 1333 814 1385 omnes
832 1307 1048 1405 Presbyteri.

695 1508 732 1559 In
744 1505 902 1559 Exodum.

284 1661 361 1735 Diis
382 1685 427 1736 ne
445 1661 621 1750 detrahes,
637 1669 674 1736 et
695 1659 846 1758 principi
866 1659 984 1758 populi
1002 1659 1056 1734 tui
1074 1683 1118 1734 ne
1144 1657 1343 1733 maledices.
1362 1661 1411 1732 In

188 1776 393 1875 proverbiis.
411 1775 625 1873 Presbytero
642 1774 793 1848 humilia
810 1774 968 1847 animam
986 1783 1098 1861 tuam,
1115 1782 1151 1846 et
1164 1771 1412 1868 magnatohu·

188 1889 287 1962 milia
300 1898 409 1986 caput
421 1891 645 1963 tuumltem.
655 1890 696 1960 In
711 1886 941 1962 multitudine
955 1887 1243 1984 presbyterorum
1258 1886 1411 1985 pruden-

188 2000 278 2075 tium
297 2009 363 2089 sta,
380 2009 417 2075 et
433 2000 629 2097 prudentiae
647 1999 790 2074 illorum
807 2024 852 2075 ex
875 2000 977 2074 eorde
1003 1999 1233 2096 coniungere.
1251 2002 1293 2071 ln
1314 1998 1411 2072 omni

187 2114 323 2188 virtute
336 2122 399 2187 tna
412 2112 523 2209 dilige
535 2117 695 2188 Denmet
709 2113 891 2187 ministros
904 2111 982 2187 eius
995 2135 1066 2186 non
1080 2111 1271 2209 relinquas.
1283 2113 1323 2184 In
1338 2119 1411 2185 tota

186 2226 308 2300 anima
325 2235 389 2300 tua
403 2224 492 2301 time
510 2228 637 2316 Deum,
654 2243 691 2300 et
707 2228 906 2302 sacerdotes
923 2226 1001 2302 eius
1018 2226 1213 2302 sanctifica.

671 2452 926 2538 lxxxxviii.

284 2679 492 2780 Cyprianus
502 2681 714 2755 Antoniano.
726 2685 826 2758 Inter
839 2690 978 2757 caetera.
988 2682 1039 2756 De
1050 2705 1093 2756 eo
1105 2691 1224 2756 tamen
1239 2682 1331 2780 quod
1341 2689 1411 2755 sta-

186 2795 358 2871 tuendum
373 2805 467 2870 esset
480 2794 576 2869 circa
589 2819 736 2870 causam
754 2795 944 2894 lapsorum,
957 2796 1093 2886 distuli,
1106 2807 1149 2870 ut
1160 2821 1244 2871 oum
1257 2797 1360 2893 quies
1373 2803 1410 2868 et

184 2907 428 3006 tranquillitas
440 2909 522 3002 data
535 2918 639 2997 esset,
656 2920 693 2984 et
709 2911 882 3008 episcopis
899 2910 937 2983 in
954 2936 1067 2985 unum
1085 2911 1276 2986 convenire
1294 2909 1411 2985 indul·

184 3022 308 3117 gentia
324 3021 447 3094 divina
464 3022 686 3120 permitteret
703 3033 791 3098 tunc
813 3024 1076 3100 communicato
1096 3033 1133 3098 et
1155 3023 1283 3098 librato
1307 3023 1349 3099 de
1375 3046 1409 3098 o

185 3135 322 3209 mnium
331 3135 517 3211 collatione
527 3136 684 3227 consilio,
693 3147 887 3213 statuerem
900 3137 986 3235 quid
996 3137 1072 3212 fieri
1085 3146 1270 3235 oporteret.
1280 3137 1317 3210 Si
1327 3136 1409 3234 quis

184 3273 269 3324 vero
281 3259 363 3323 ante
376 3249 563 3325 consilium
583 3261 756 3341 nostrum,
773 3261 810 3326 et
822 3260 906 3327 ante
919 3251 1133 3326 sententiam
1151 3251 1232 3325 inde
1246 3251 1406 3325 omnium

184 3362 333 3438 consilio
350 3371 534 3454 statutam,
546 3363 656 3461 lapsis
671 3374 804 3441 temere
818 3364 1083 3441 communicare
1103 3363 1286 3455 voluisset,
1299 3363 1408 3463 ipsea

186 3475 436 3551 communione
453 3475 657 3552 abstineret.
675 3479 776 3565 Quod
791 3479 900 3554 etiarn
924 3482 1070 3553 Romam
1088 3479 1132 3553 ad
1157 3479 1294 3555 clerum
1319 3490 1409 3555 tunc

185 3589 302 3664 adhuc
315 3589 392 3664 sine
405 3589 575 3687 Episcopo
591 3601 773 3687 agentem,
785 3602 822 3667 et
834 3592 879 3666 ad
892 3592 1109 3667 consessores
1123 3592 1317 3667 maximum
1332 3618 1410 3691 pre·

184 3702 370 3801 sbyterum
384 3713 420 3778 et
431 3713 577 3779 caeteros
594 3705 631 3777 in
649 3705 808 3780 custodia
822 3706 1045 3796 constitutos,
1057 3732 1155 3784 nunc
1167 3719 1289 3783 autem
1302 3709 1341 3782 in
1354 3734 1410 3785 ec-

185 3816 293 3890 clesia
311 3842 394 3891 cum
412 3816 576 3892 Cornelio
593 3817 737 3895 iunctis
754 3820 1038 3916 splendidissime
1063 3822 1201 3919 scripsi.
1225 3823 1323 3910 Quod
1350 3847 1407 3898 me

184 3929 438 4028 sc1·ipsissc‚de
456 3955 578 4006 eorum
597 3933 779 4030 rescriptis
799 3935 946 4034 potestis
963 3959 1168 4032 agnoscere.

658 4158 933 4246 Lxxxxvlffl.

280 4384 492 4481 Cyprianus
509 4385 735 4485 Presbyteris
751 4396 788 4462 et
806 4385 973 4462 Diaconis
994 4387 1112 4460 Βοωω
1129 4385 1407 4463 consistentibus

186 4494 358 4573 fratribus
374 4496 538 4574 salutem.
555 4498 732 4587 Quoniam
749 4499 905 4602 comperi
922 4501 1053 4578 fratres
1077 4499 1260 4582 karissimi
1287 4501 1407 4579 minus
