3608 5498
815 404 856 422 -
879 371 947 434 442
971 405 1012 420 ι-

298 505 339 568 ut
356 492 506 592 impleas
523 491 616 590 quod
632 489 794 581 minaris,
812 513 880 588 ego
896 491 988 589 quod
1004 490 1131 591 patiar,
1147 498 1189 566 tu
1206 489 1318 567 facias
1335 491 1428 589 quod
1444 481 1529 588 spa-

295 605 412 682 dones.
424 609 472 680 llt
489 606 593 679 infra.
612 604 796 679 Adversus
812 603 946 680 milites
959 605 1093 680 Gothos
1105 626 1245 704 quoque
1258 604 1416 680 lacrimae
1434 629 1526 680 meae

294 745 395 794 arma
412 730 508 796 sunt.
525 717 626 795 Talia
643 718 738 794 enim
759 718 981 794 munimenta
997 727 1084 793 sunt
1100 717 1303 794 sacerdotis.
1322 717 1437 794 Aliter
1454 741 1526 794 nec

294 833 401 910 debeo
417 857 484 909 nec
500 857 643 932 possum
662 831 839 922 resistere,
855 832 983 928 fugere
998 840 1120 907 autem
1138 840 1173 907 et
1187 830 1389 929 relinquere
1406 830 1524 907 ecele-

293 946 385 1021 siam
402 969 473 1022 non
490 945 594 1034 soleo,
612 969 658 1021 ne
674 946 756 1043 quia
771 943 953 1042 gravioris
969 943 1085 1045 culpae
1101 954 1200 1020 metu
1212 944 1350 1021 iactum
1368 945 1526 1044 interpa-

294 1068 376 1136 tret.
393 1058 504 1136 Scitis
521 1072 557 1134 et
569 1081 634 1132 vos
651 1057 718 1154 ipsi
737 1058 830 1157 quod
846 1057 1120 1157 imperatoribus
1136 1057 1267 1133 soleam
1285 1057 1435 1148 deferre,
1447 1081 1523 1133 non

296 1173 432 1248 cedere.
443 1170 733 1270 Seipplieiislaic)
744 1195 799 1247 me
812 1171 963 1247 libenter
975 1170 1186 1259 offerre,ncc
1200 1181 1358 1247 metuere
1372 1195 1452 1269 quae
1462 1195 1525 1269 pa·

296 1294 435 1359 rantur.
449 1284 596 1360 Utinam
610 1308 723 1359 essem
738 1308 897 1373 securae,
910 1283 1001 1382 quod
1014 1283 1165 1360 ecclesia
1177 1283 1358 1361 haereticis
1372 1285 1522 1362 minime

292 1399 507 1474 traderetur.
526 1399 580 1473 Ad
598 1397 770 1495 palatium
789 1397 1011 1496 imperatoris
1029 1398 1118 1473 irem
1131 1398 1296 1488 libenter,
1309 1399 1340 1474 si
1358 1399 1424 1475 hoc
1437 1423 1521 1475 eon·

291 1520 440 1607 grueret
456 1509 649 1586 sacerdotis
665 1511 790 1599 officio,
815 1510 913 1585 utin
931 1510 1063 1608 palatio
1088 1511 1206 1608 magis
1227 1522 1323 1587 stare
1347 1536 1454 1611 quam
1479 1513 1521 1588 in

291 1624 452 1700 ecclesia.
470 1624 539 1698 Sed
555 1623 594 1696 in
612 1623 820 1699 consistorio
837 1648 908 1698 non
925 1624 1015 1700 solet
1033 1651 1115 1700 raus
1128 1650 1206 1701 esse
1223 1627 1285 1701 sed
1298 1625 1414 1703 iudex.
1426 1626 1521 1703 Cau·

291 1763 366 1812 sam
385 1737 466 1812 fidei
483 1737 522 1810 in
539 1736 691 1813 ecelesia
708 1737 885 1833 agendam
902 1739 983 1837 quis
1007 1739 1172 1814 abnuat?
1189 1739 1227 1812 Si
1255 1738 1337 1837 quis
1361 1740 1520 1829 confidit,

291 1850 364 1927 huc
382 1850 513 1927 veniat.
531 1851 749 1927 Inclinatum
768 1851 841 1925 iam
860 1850 952 1927 idem
974 1850 1198 1949 imperatoris
1223 1851 1409 1940 iudicium,
1421 1853 1515 1951 quod

291 1964 365 2039 lata
381 1964 465 2062 lega
482 1965 663 2063 patefacit.
680 1969 727 2040 Et
739 1964 844 2038 infra.
863 1966 914 2038 De
932 1964 1062 2063 templo
1080 1965 1146 2040 Dei
1168 1963 1281 2039 nichil
1299 1989 1441 2063 possum
1459 1966 1518 2041 de·

290 2102 447 2169 cernere,
464 2103 530 2154 neo
548 2079 688 2155 tradere
706 2079 796 2154 illud
812 2078 905 2177 quod
922 2077 1192 2153 custodiendum
1211 2102 1282 2153 non
1300 2079 1515 2155 tradendum

290 2193 423 2291 accepi.
440 2193 575 2269 Deinde
600 2194 785 2270 consulere
812 2217 867 2268 me
892 2191 1001 2267 etiam
1026 2191 1250 2293 imperatoris
1275 2192 1395 2267 saluti.
1421 2192 1515 2280 Quia

290 2330 357 2382 nec
374 2306 461 2380 mibi
478 2307 619 2405 expedit
635 2308 786 2396 tradere,
803 2331 869 2382 nec
887 2304 942 2378 illi
960 2305 1132 2403 accipere.
1150 2309 1226 2381 Nee
1248 2304 1335 2378 mihi
1354 2330 1376 2378 a
1400 2329 1517 2380 sacer·

289 2418 430 2495 dotibus
443 2419 588 2495 dicitur.
601 2423 681 2496 Non
700 2421 854 2496 multum
871 2420 1033 2510 interest,
1046 2430 1170 2494 utrum
1184 2419 1310 2495 volens
1322 2419 1517 2518 relinquas,

289 2558 336 2607 an
355 2533 474 2607 tradas
490 2533 604 2609 altare
623 2533 771 2610 Christi.
784 2535 877 2610 Cum
893 2533 988 2608 enim
1004 2531 1194 2630 reliqueris
1206 2532 1334 2607 trades.
1349 2531 1515 2630 Accipiat

289 2645 386 2721 enim
404 2647 504 2721 vobis
522 2647 695 2724 estliberi
713 2648 915 2726 sacerdotis.
933 2649 972 2723 Si
995 2647 1076 2722 vult
1101 2647 1168 2723 sibi
1194 2673 1271 2723 esse
1296 2647 1515 2739 consultum,

290 2760 433 2836 recedat
453 2786 473 2833 a
493 2761 629 2837 Christi
646 2762 790 2852 iniuria,
814 2763 891 2838 haec
916 2762 1021 2863 plena
1039 2761 1257 2838 humilitatis
1277 2771 1372 2836 sunt.
1390 2764 1436 2836 Et
1461 2763 1515 2836 in·

288 2872 354 2948 ira.
372 2876 528 2950 Sanctus
544 2875 639 2950 enim
657 2876 799 2950 Naboth
817 2876 910 2950 vites
927 2902 1012 2951 suas
1028 2877 1087 2952 vel
1101 2877 1240 2975 proprio
1251 2900 1378 2951 cruore
1395 2876 1515 2951 defen·

287 2986 349 3061 dit.
367 2987 405 3061 Si
423 2987 484 3064 ille
497 3012 568 3063 non
586 2990 732 3064 tradidit
749 2990 891 3064 vineam
910 3016 1024 3080 suam,
1042 2989 1304 3066 nostradamus
1322 2989 1513 3065 ecclesiam

288 3099 436 3174 Christi.
452 3101 546 3189 Quid
563 3101 678 3198 igitur
693 3128 716 3177 a
733 3129 790 3179 me
807 3127 1017 3202 responsum
1035 3115 1090 3179 est
1106 3102 1396 3179 contumaciter?
1412 3102 1514 3178 Dixit
1568 3145 1569 3148 π

287 3224 495 3290 conventus.
509 3215 646 3291 Absita
661 3241 715 3292 me
732 3226 774 3292 ut
786 3218 925 3292 tradam
940 3216 1076 3293 Christi
1088 3216 1333 3293 hereditatem.
1346 3218 1426 3292 Non
1439 3225 1511 3297 tra-

286 3328 376 3403 didit
392 3329 532 3404 Naboth
550 3329 693 3406 vineam
711 3357 825 3421 suam,
841 3355 909 3430 ego
925 3333 1065 3409 tradam
1083 3331 1219 3409 Christi
1245 3330 1511 3408 hereditatem?

287 3443 356 3518 Sed
372 3444 417 3518 ad
434 3443 501 3519 hoe
517 3444 647 3519 addidi.
661 3445 766 3521 Absit
782 3470 804 3518 a
818 3471 875 3522 me
888 3454 930 3521 ut
942 3447 1082 3523 tradam
1095 3446 1330 3523 hereditatem
1348 3444 1511 3535 Dionisii,

286 3556 348 3654 qui
366 3556 403 3630 in
420 3557 526 3632 exilio
543 3583 651 3633 causa
669 3558 750 3634 fidei
767 3559 960 3636 defunctus
976 3568 1042 3649 est,
1058 3559 1294 3636 hereditatem
1320 3558 1508 3655 Eustorgii

286 3670 510 3761 confessoris,
521 3669 757 3748 hereditatem
770 3672 940 3765 Miroolis,
949 3683 1058 3773 atque
1067 3672 1227 3749 omnium
1242 3681 1337 3748 retro
1350 3670 1510 3747 fidelium

287 3783 542 3884 episcoporum,
559 3796 595 3861 et
612 3796 751 3864 caetera.
859 3856 862 3862 .

839 3980 940 4066 CXX.

588 4184 683 4238 Idem
700 4184 734 4236 tn
753 4185 936 4251 epistolar.
956 4183 1000 4237 ad
1019 4184 1210 4239 corinthios.

382 4359 429 4433 Et
445 4383 509 4434 vos
528 4359 645 4459 inquit
659 4361 848 4461 Apostolus
865 4361 979 4436 inflati
997 4361 1139 4450 aetia,et
1151 4384 1220 4436 nou
1239 4359 1356 4457 magis
1368 4357 1511 4434 luctum

285 4469 475 4548 habuistis.
489 4475 603 4551 Erant
619 4474 715 4551 enim
733 4483 769 4552 et
786 4474 854 4574 ipsi
871 4475 1075 4577 participes,
1082 4475 1166 4550 dum
1181 4483 1390 4575 paterentur
1406 4496 1511 4550 reum
