3608 5498
800 401 996 462 -109-

849 638 949 723 olll.

386 872 585 969 Gregorius
604 871 757 967 Agnello
775 873 948 971 Episcopo
966 871 1147 946 Fundano.
1165 875 1263 944 Inter
1280 881 1407 945 cetera.
1421 874 1513 959 Quo-

289 987 386 1060 niam
400 997 541 1084 propter
554 985 690 1060 cladem
706 985 914 1059 hostilitatis
928 1011 993 1061 neo
1011 986 1048 1058 in
1066 985 1214 1061 civitate
1229 1010 1294 1060 neo
1308 985 1344 1058 in
1359 985 1511 1061 ecelesia

289 1107 421 1173 tuaest
438 1098 605 1195 cuiquam
621 1096 804 1172 habitandi
819 1097 975 1180 licentia,
988 1099 1064 1173 ideo
1077 1109 1111 1173 te
1125 1098 1193 1174 hae
1207 1099 1419 1174 auctoritate
1432 1102 1514 1174 Ter·

291 1213 489 1289 racinensis
513 1212 674 1289 ecclesiae
696 1211 923 1287 Cardinalom
944 1213 1198 1288 constituimus
1219 1211 1446 1287 sacerdotem.
1467 1216 1514 1286 Et

290 1335 368 1424 post
384 1350 507 1423 pauca.
520 1325 614 1399 Illud
632 1348 770 1423 quoque
788 1325 1050 1402 fraternitatem
1068 1337 1168 1400 tuam
1186 1326 1278 1401 scire
1292 1349 1438 1401 neeesse
1458 1336 1513 1400 est

292 1441 460 1540 quoniam
482 1441 535 1516 sio
559 1451 595 1516 te
620 1440 788 1538 praedicte
806 1438 1074 1515 Tarracinensis
1097 1439 1257 1516 ecclesiae
1283 1439 1510 1514 Cardinalem

290 1554 543 1631 constituimus
560 1554 786 1630 Sacerdotem
810 1566 850 1628 ut
875 1566 911 1629 ct
933 1554 1133 1629 Fundensis
1150 1553 1322 1630 Ecclesiae
1348 1553 1512 1628 Pontifex

289 1694 367 1745 esse
395 1691 466 1743 non
495 1669 648 1757 desinas,
674 1693 739 1744 neo
768 1693 891 1743 curam
918 1668 1286 1766 gubernationemque
1317 1667 1395 1743 eius
1425 1693 1513 1765 prae·

291 1790 418 1857 tereos.

839 2003 958 2088 Ghlll.

386 2235 584 2331 Gregorius
600 2235 749 2310 Iohanni
769 2237 939 2335 Episcopo
957 2236 1192 2334 Squillaeeno.
1212 2236 1406 2311 Pastoralis
1423 2262 1512 2312 cura

292 2346 401 2423 officii
418 2372 482 2424 nos
497 2348 672 2439 admonet,
696 2349 878 2424 destitutis
903 2351 1087 2448 Episcopis
1112 2351 1270 2449 proprios
1294 2352 1512 2428 constituere

292 2461 502 2550 sacerdotes,
526 2461 587 2560 qui
612 2486 762 2558 gregem
782 2463 1010 2540 Dominioum
1028 2465 1196 2561 pastorali
1218 2465 1369 2541 debeant
1385 2465 1515 2541 sollici-

293 2574 416 2650 tudine
441 2575 656 2672 gubernare.
681 2580 870 2675 Propterea
895 2589 931 2652 te
955 2577 1150 2653 Iohannem
1174 2579 1220 2654 ab
1244 2579 1380 2654 ostibus
1404 2581 1515 2677 eapti-

294 2690 406 2766 vitate
429 2691 616 2766 Lissitanae
632 2692 792 2768 civitatis
809 2693 1022 2790 Episcopum
1041 2692 1078 2764 in
1097 2692 1326 2789 Squillacena
1346 2692 1516 2768 Cardine-

294 2802 364 2878 lem
379 2829 521 2880 neeesse
541 2805 708 2879 duximus
724 2807 941 2882 constituere
960 2805 1187 2894 sacerdotem,
1201 2817 1242 2880 ut
1259 2817 1295 2882 et
1312 2817 1513 2904 susceptam

294 2917 404 2992 semel
426 2919 627 2992 animarum
651 2943 774 2993 curam
792 2920 928 2993 intuitu
944 2921 1076 2994 futurae
1095 2922 1338 2996 retributionis
1355 2921 1514 3018 impleas.

295 3033 341 3104 Et
366 3030 451 3108 licet
475 3057 496 3105 a
519 3041 582 3106 tua
599 3031 700 3107 hoste
717 3033 929 3108 imminente
946 3033 1115 3131 depulsus
1133 3035 1193 3123 sis,
1211 3034 1318 3109 aliam
1344 3035 1428 3132 quia
1453 3058 1516 3131 pa-

295 3156 388 3220 store
411 3156 518 3221 vacat
541 3146 670 3221 debeas
694 3145 881 3222 eeclesiam
907 3147 1120 3243 gubernare.
1136 3151 1190 3221 lta
1208 3157 1328 3221 tamen
1347 3157 1387 3243 ut
1412 3147 1443 3219 si
1468 3147 1516 3222 ci·

294 3258 444 3334 ritatem
468 3259 568 3334 illam
594 3259 753 3334 hostibus
778 3259 925 3335 liberam
951 3262 1047 3337 effici
1073 3272 1108 3336 et
1131 3261 1281 3335 Domino
1306 3269 1514 3359 protegente

294 3371 340 3445 ad
361 3371 511 3469 priorem
528 3381 663 3446 statum
680 3372 874 3469 contigerit
893 3374 1064 3463 revocari,
1081 3375 1120 3448 in
1136 3398 1215 3449 eam
1233 3373 1270 3447 in
1288 3398 1395 3471 quam
1414 3372 1514 3470 prins

293 3483 478 3559 ordinatus
493 3510 532 3560 es
547 3484 735 3560 ecclesiam
754 3488 959 3561 revertaris.

834 3698 970 3783 otuu.

390 3929 589 4026 Gregorius
611 3930 770 4026 Agapito
787 3930 918 4003 Abbati
936 3932 1029 4006 inter
1046 3941 1175 4006 cetera.
1192 3931 1284 4018 Quia
1305 3931 1421 4027 igitur
1443 3934 1515 4005 llo-

294 4044 491 4118 nastorium
506 4043 600 4141 quod
614 4043 650 4115 in
665 4043 775 4117 fundo
788 4044 965 4118 Martiano
982 4045 1176 4141 provinciae
1189 4043 1393 4141 Campaniae
1406 4043 1517 4118 situm

295 4169 361 4247 est,
377 4158 428 4231 ita
454 4156 651 4233 hostilitate
677 4158 831 4233 faciente
855 4182 876 4230 a
900 4157 1178 4253 congregatione
1205 4156 1368 4230 funditus
1384 4156 1517 4232 dicitur

292 4271 502 4359 desolatum,
527 4282 569 4346 ut
591 4296 658 4346 nec
684 4297 779 4344 uuus
804 4272 928 4346 exinde
955 4269 1151 4344 monachus
1174 4270 1235 4367 qui
1260 4269 1418 4367 aliquam
1438 4268 1515 4345 illio

294 4382 572 4458 sollicitudinem
597 4381 654 4456 vel
672 4407 796 4456 curam
815 4382 940 4457 debeat
960 4381 1127 4457 adhibere
1146 4384 1365 4458 remanserit.
1384 4384 1459 4455 Tuo
1475 4382 1517 4454 il·

294 4496 357 4570 lud
371 4496 584 4571 monasterio
600 4521 683 4571 cum
697 4495 862 4570 omnibus
879 4495 984 4570 rebus
1001 4495 1078 4569 suis
1095 4495 1153 4570 vel
1166 4520 1245 4595 quae
1262 4497 1295 4571 ei
1311 4505 1518 4592 competunt
