3608 5498
812 451 849 464 ..
877 416 919 478 99
945 445 984 458 ..

292 535 453 611 custodia
473 536 728 633 manciparent.
747 541 792 611 Et
806 537 908 616 infra.
922 536 1014 625 Quid
1029 559 1114 632 rogo
1126 537 1168 609 de
1184 534 1408 631 presbyteris
1424 535 1514 609 etde

292 648 473 723 inferioris
489 649 626 745 gradus
643 649 785 725 clericis
801 661 982 746 ageretur,
1000 673 1151 748 quorum
1168 648 1262 745 apud
1288 670 1351 722 nos
1376 670 1515 744 quoque

293 786 401 838 causa
420 788 441 836 a
455 762 753 840 Chalcedonensis
769 764 912 841 concilii
931 765 1058 862 regula
1071 789 1153 841 cum
1169 763 1258 838 ratio
1270 761 1385 858 exigit
1397 761 1514 836 audiri

292 876 447 967 iubetur,
465 878 494 953 si
513 878 705 978 Episcopos
721 889 823 955 tanta
847 878 1022 956 facilitate
1047 876 1231 976 deponitis.
1257 879 1303 951 Et
1327 875 1432 951 inira.
1457 881 1515 950 An

292 991 393 1066 sedes
411 993 614 1090 Apostolica
631 1005 740 1091 caput
756 1018 826 1069 non
843 1003 907 1068 est.
924 996 1075 1068 Frustra
1092 1016 1180 1088 ergo
1197 1000 1238 1066 ut
1257 990 1370 1064 multa
1392 999 1514 1087 praete·

296 1128 368 1192 rea,
393 1105 594 1181 Concilium
622 1108 832 1184 Sardioensc
848 1108 893 1181 ad
919 1107 1052 1182 Iulium
1075 1110 1206 1204 Papam
1234 1103 1396 1181 scribens
1420 1105 1514 1180 inter

292 1226 411 1292 cetera
424 1218 524 1294 dixit.
538 1221 722 1317 Optimum
736 1232 772 1296 et
785 1221 889 1296 valde
901 1221 1268 1319 congruentissimum
1282 1245 1359 1295 esse
1372 1220 1515 1294 videtur

292 1330 322 1404 si
339 1332 385 1406 ad
401 1343 509 1431 caput
526 1334 618 1408 idest
633 1334 677 1408 ad
696 1332 789 1409 beati
809 1335 905 1410 Petri
924 1335 1049 1410 Sedem
1067 1335 1110 1409 de
1134 1333 1291 1430 singulis
1315 1332 1515 1432 quibusque

293 1445 488 1541 provinciis
505 1448 639 1522 domini
653 1449 812 1523 referant
825 1449 1042 1524 Sacerdotes.
1059 1454 1107 1522 At
1120 1458 1243 1523 contra
1255 1449 1341 1523 adeo
1352 1447 1445 1523 hanc
1459 1447 1516 1523 de·

292 1559 430 1655 spiritis
452 1570 493 1635 ut
508 1562 553 1636 ad
576 1587 617 1636 ea
634 1561 727 1636 nihil
745 1563 787 1639 de
805 1563 998 1640 maioribus
1023 1564 1183 1642 ccclesiae
1204 1565 1359 1661 negotiis
1385 1565 1516 1640 referre

291 1672 434 1747 curetis.
451 1677 499 1748 Et
514 1684 641 1749 cetera.

821 1823 992 1907 OXXXH.

387 2022 569 2098 Inferioris
581 2023 716 2119 gradus
729 2024 939 2099 clericorum
953 2049 1081 2100 causas
1093 2025 1188 2123 apud
1201 2048 1265 2099 nos
1281 2050 1365 2100 cum
1374 2035 1515 2122 tempus

292 2135 351 2211 vel
375 2161 431 2211 res
448 2138 610 2233 exegerit
625 2163 703 2213 esse
721 2138 905 2228 finiendas,
923 2164 943 2213 c
960 2138 1100 2213 diverso
1117 2138 1240 2236 procul
1257 2137 1363 2211 dubio
1378 2136 1517 2233 colligi·

292 2276 372 2324 mus
389 2251 483 2327 sicut
499 2252 624 2326 beatus
642 2255 738 2351 Papa
755 2252 986 2328 Innocentius
1002 2251 1099 2326 dicit.
1118 2250 1156 2324 si
1174 2274 1254 2348 quae
1270 2250 1378 2326 etiam
1397 2275 1515 2325 cause

291 2363 350 2439 vel
367 2365 611 2441 contentiones
636 2367 730 2442 inter
755 2367 904 2444 clericos
921 2376 995 2439 tarn
1019 2365 1212 2462 superioris
1236 2364 1382 2452 ordinis,
1408 2389 1514 2462 quam

291 2476 398 2550 etiam
416 2477 595 2554 inferioris
613 2479 749 2555 fuerint
766 2490 895 2568 exorte,
914 2481 1050 2578 placuit
1068 2490 1109 2554 ut
1126 2481 1323 2555 secundum
1338 2479 1515 2578 synodum

290 2592 479 2688 Nycenam
496 2594 730 2689 congregatis
747 2593 907 2668 eiusdem
926 2594 1119 2693 provinciae
1144 2594 1327 2693 Episcopis
1352 2593 1515 2690 iurgium

290 2705 514 2782 terminetur.
532 2710 608 2784 Nec
625 2708 734 2783 alicui
753 2708 860 2784 liceat
878 2708 955 2783 sine
977 2708 1110 2783 iudicio
1127 2717 1246 2782 tamen
1265 2710 1432 2782 Romanae
1450 2710 1516 2781 Ec-

291 2817 410 2893 clesiae
429 2819 565 2896 relictis
578 2820 635 2894 his
648 2821 901 2912 sacerdotibus,
913 2822 975 2920 qui
989 2823 1027 2896 in
1041 2821 1161 2897 eadem
1175 2821 1358 2919 provincia
1372 2821 1438 2896 Dei
1451 2846 1516 2897 aeo-

288 2933 433 3008 clesiam
450 2944 543 3009 nutu
561 2933 684 3009 divino
701 2935 917 3032 gubernant,
930 2936 974 3010 ad
990 2936 1081 3011 alias
1093 2936 1280 3011 convolare
1298 2933 1513 3032 provincias.

806 3163 995 3248 oxxxut

379 3382 467 3453 Nau
482 3379 583 3454 Sedis
597 3381 811 3477 Apostolicae
824 3382 1014 3470 sententia,
1027 3391 1128 3455 tanta
1140 3404 1280 3478 semper
1291 3380 1430 3455 consilii
1446 3404 1516 3455 mo·

288 3491 467 3566 deratione
484 3493 694 3591 concipitur,
719 3504 820 3569 tanta
845 3494 1027 3593 patientie
1053 3493 1260 3577 maturitate
1286 3493 1513 3593 decoquetur,

288 3613 458 3703 tantaque
483 3607 746 3682 deliberationis
771 3609 953 3705 gravitate
978 3609 1167 3705 profertur,
1194 3617 1235 3682 ut
1260 3609 1512 3684 retractatione

288 3742 358 3793 non
376 3731 492 3816 egeat,
505 3746 572 3797 nec
585 3722 769 3797 immutari
787 3723 1028 3798 necessarium
1045 3721 1165 3810 ducat,
1181 3721 1251 3795 uisi
1270 3722 1359 3797 forte
1372 3723 1425 3798 sio
1438 3746 1512 3820 pro

289 3831 362 3906 lata
378 3834 436 3921 sit,
450 3844 490 3909 ut
507 3835 677 3910 retentari
695 3837 815 3934 possit,
832 3837 891 3910 vel
908 3835 1132 3911 immutanda
1150 3834 1345 3910 secundum
1367 3836 1514 3934 permis·

288 3971 336 4021 soe
352 3957 512 4025 tenorem
530 3950 748 4025 condicionis
766 3952 905 4028 existat.

804 4177 1010 4263 oxxxssss.

384 4395 523 4468 Beatus
540 4393 708 4468 Gelasius
726 4398 821 4493 Papa
839 4395 999 4470 scribens
1017 4394 1200 4492 Episcopis
1218 4420 1279 4492 per
1296 4396 1512 4471 Dardaniam

287 4507 496 4583 constitutis
512 4508 608 4584 inter
624 4521 753 4585 caetera
771 4510 898 4607 inquit.
915 4513 1000 4585 Post
1015 4508 1234 4606 quingentos
1257 4534 1369 4585 annos
1384 4511 1515 4586 const'·
