<?xml version="1.0" encoding="UTF-8"?>
<!DOCTYPE html PUBLIC "-//W3C//DTD XHTML 1.0 Transitional//EN"
    "http://www.w3.org/TR/xhtml1/DTD/xhtml1-transitional.dtd">
<html xmlns="http://www.w3.org/1999/xhtml" xml:lang="en" lang="en">
 <head>
  <title>
</title>
<meta http-equiv="Content-Type" content="text/html;charset=utf-8" />
  <meta name='ocr-system' content='tesseract 3.04.00' />
  <meta name='ocr-capabilities' content='ocr_page ocr_carea ocr_par ocr_line ocrx_word'/>
</head>
<body>
  <div class='ocr_page' id='page_1' title='image "./collectiocanonu00deusgoog_0036.png"; bbox 0 0 3608 5498; ppageno 0'>
   <div class='ocr_carea' id='block_1_1' title="bbox 828 382 980 444">
    <p class='ocr_par' dir='ltr' id='par_1_1' title="bbox 828 382 980 444">
     <span class='ocr_line' id='line_1_1' title="bbox 828 382 980 444; baseline 0 -13"><span class='ocrx_word' id='word_1_1' title='bbox 828 382 980 444; x_wconf 75' lang='lat'><strong>„5-</strong></span> 
     </span>
    </p>
   </div>
   <div class='ocr_carea' id='block_1_2' title="bbox 247 499 1520 2531">
    <p class='ocr_par' dir='ltr' id='par_1_2' title="bbox 247 499 1520 2531">
     <span class='ocr_line' id='line_1_2' title="bbox 290 499 1517 600; baseline -0.002 -21"><span class='ocrx_word' id='word_1_2' title='bbox 290 509 438 579; x_wconf 82' lang='lat' dir='ltr'><strong>Petrum</strong></span> <span class='ocrx_word' id='word_1_3' title='bbox 449 502 693 578; x_wconf 82' lang='lat' dir='ltr'>sanctionibus</span> <span class='ocrx_word' id='word_1_4' title='bbox 706 511 961 600; x_wconf 81' lang='lat' dir='ltr'><strong>contemptum,</strong></span> <span class='ocrx_word' id='word_1_5' title='bbox 973 502 1018 576; x_wconf 87' lang='lat' dir='ltr'><strong>ad</strong></span> <span class='ocrx_word' id='word_1_6' title='bbox 1027 499 1236 577; x_wconf 86' lang='lat' dir='ltr'><strong>sniscilicet</strong></span> <span class='ocrx_word' id='word_1_7' title='bbox 1243 501 1517 577; x_wconf 87' lang='lat' dir='ltr'><strong>ostentationem</strong></span> 
     </span>
     <span class='ocr_line' id='line_1_3' title="bbox 288 611 1516 711; baseline -0.002 -21"><span class='ocrx_word' id='word_1_8' title='bbox 288 626 324 692; x_wconf 90' lang='lat' dir='ltr'><strong>et</strong></span> <span class='ocrx_word' id='word_1_9' title='bbox 340 615 611 691; x_wconf 84' lang='lat' dir='ltr'><strong>adscribendam</strong></span> <span class='ocrx_word' id='word_1_10' title='bbox 629 615 696 691; x_wconf 85' lang='lat' dir='ltr'>sibi</span> <span class='ocrx_word' id='word_1_11' title='bbox 714 625 898 690; x_wconf 88' lang='lat' dir='ltr'><strong>ventosam</strong></span> <span class='ocrx_word' id='word_1_12' title='bbox 915 611 1166 691; x_wconf 87' lang='lat' dir='ltr'><strong>auctoritatem</strong></span> <span class='ocrx_word' id='word_1_13' title='bbox 1184 637 1264 711; x_wconf 87' lang='lat' dir='ltr'><strong>quae</strong></span> <span class='ocrx_word' id='word_1_14' title='bbox 1280 612 1393 688; x_wconf 91' lang='lat' dir='ltr'><strong>nullis</strong></span> <span class='ocrx_word' id='word_1_15' title='bbox 1410 638 1516 691; x_wconf 87' lang='lat' dir='ltr'><strong>cano·</strong></span> 
     </span>
     <span class='ocr_line' id='line_1_4' title="bbox 288 725 1515 828; baseline -0.002 -22"><span class='ocrx_word' id='word_1_16' title='bbox 288 732 381 808; x_wconf 88' lang='lat' dir='ltr'><strong>uicis</strong></span> <span class='ocrx_word' id='word_1_17' title='bbox 398 732 543 828; x_wconf 83' lang='lat' dir='ltr'><strong>legibus</strong></span> <span class='ocrx_word' id='word_1_18' title='bbox 556 741 651 805; x_wconf 87' lang='lat' dir='ltr'><strong>stare</strong></span> <span class='ocrx_word' id='word_1_19' title='bbox 666 740 779 828; x_wconf 86' lang='lat' dir='ltr'><strong>potest</strong></span> <span class='ocrx_word' id='word_1_20' title='bbox 792 729 1015 827; x_wconf 89' lang='lat' dir='ltr'><strong>scripserunt</strong></span> <span class='ocrx_word' id='word_1_21' title='bbox 1028 725 1095 799; x_wconf 92' lang='lat' dir='ltr'><strong>sibi</strong></span> <span class='ocrx_word' id='word_1_22' title='bbox 1109 749 1240 800; x_wconf 86' lang='lat' dir='ltr'><strong>novam</strong></span> <span class='ocrx_word' id='word_1_23' title='bbox 1256 726 1515 803; x_wconf 79' lang='lat' dir='ltr'><strong>ordinationem</strong></span> 
     </span>
     <span class='ocr_line' id='line_1_5' title="bbox 288 840 1518 939; baseline -0.003 -20"><span class='ocrx_word' id='word_1_24' title='bbox 288 844 448 919; x_wconf 89' lang='lat' dir='ltr'><strong>ciusdem</strong></span> <span class='ocrx_word' id='word_1_25' title='bbox 466 843 616 919; x_wconf 88' lang='lat' dir='ltr'><strong>Romani</strong></span> <span class='ocrx_word' id='word_1_26' title='bbox 640 842 833 917; x_wconf 89' lang='lat' dir='ltr'><strong>Pontificis.</strong></span> <span class='ocrx_word' id='word_1_27' title='bbox 851 845 893 915; x_wconf 92' lang='lat' dir='ltr'><strong>In</strong></span> <span class='ocrx_word' id='word_1_28' title='bbox 912 865 982 939; x_wconf 89' lang='lat' dir='ltr'><strong>qua</strong></span> <span class='ocrx_word' id='word_1_29' title='bbox 1000 863 1108 937; x_wconf 90' lang='lat' dir='ltr'><strong>quam</strong></span> <span class='ocrx_word' id='word_1_30' title='bbox 1132 840 1286 917; x_wconf 89' lang='lat' dir='ltr'><strong>nefanda</strong></span> <span class='ocrx_word' id='word_1_31' title='bbox 1311 865 1419 939; x_wconf 89' lang='lat' dir='ltr'><strong>quam</strong></span> <span class='ocrx_word' id='word_1_32' title='bbox 1444 844 1518 916; x_wconf 91' lang='lat' dir='ltr'><strong>Deo</strong></span> 
     </span>
     <span class='ocr_line' id='line_1_6' title="bbox 289 953 1518 1053; baseline -0.001 -23"><span class='ocrx_word' id='word_1_33' title='bbox 289 957 436 1033; x_wconf 88' lang='lat' dir='ltr'><strong>inimica</strong></span> <span class='ocrx_word' id='word_1_34' title='bbox 453 966 669 1044; x_wconf 83' lang='lat' dir='ltr'><strong>statuerunt,</strong></span> <span class='ocrx_word' id='word_1_35' title='bbox 686 957 812 1031; x_wconf 91' lang='lat' dir='ltr'><strong>horreo</strong></span> <span class='ocrx_word' id='word_1_36' title='bbox 828 953 1001 1043; x_wconf 89' lang='lat' dir='ltr'><strong>scribere;</strong></span> <span class='ocrx_word' id='word_1_37' title='bbox 1015 954 1076 1053; x_wconf 92' lang='lat' dir='ltr'><strong>qui</strong></span> <span class='ocrx_word' id='word_1_38' title='bbox 1094 953 1187 1049; x_wconf 82' lang='lat' dir='ltr'><strong>legit</strong></span> <span class='ocrx_word' id='word_1_39' title='bbox 1199 953 1392 1049; x_wconf 84' lang='lat' dir='ltr'><strong>intelligat.</strong></span> <span class='ocrx_word' id='word_1_40' title='bbox 1410 957 1518 1029; x_wconf 94' lang='lat' dir='ltr'><strong>Porro</strong></span> 
     </span>
     <span class='ocr_line' id='line_1_7' title="bbox 289 1066 1518 1166; baseline -0.002 -22"><span class='ocrx_word' id='word_1_41' title='bbox 289 1070 332 1145; x_wconf 90' lang='lat' dir='ltr'><strong>de</strong></span> <span class='ocrx_word' id='word_1_42' title='bbox 346 1069 445 1144; x_wconf 90' lang='lat' dir='ltr'><strong>modo</strong></span> <span class='ocrx_word' id='word_1_43' title='bbox 453 1068 594 1144; x_wconf 88' lang='lat' dir='ltr'><strong>dicendi</strong></span> <span class='ocrx_word' id='word_1_44' title='bbox 604 1068 681 1166; x_wconf 74' lang='lat' dir='ltr'><strong>(aio)</strong></span> <span class='ocrx_word' id='word_1_45' title='bbox 691 1067 847 1143; x_wconf 88' lang='lat' dir='ltr'><strong>subditos</strong></span> <span class='ocrx_word' id='word_1_46' title='bbox 858 1091 972 1165; x_wconf 88' lang='lat' dir='ltr'><strong>pauca</strong></span> <span class='ocrx_word' id='word_1_47' title='bbox 982 1066 1043 1143; x_wconf 91' lang='lat' dir='ltr'><strong>hic</strong></span> <span class='ocrx_word' id='word_1_48' title='bbox 1053 1066 1188 1142; x_wconf 87' lang='lat' dir='ltr'><strong>inserta</strong></span> <span class='ocrx_word' id='word_1_49' title='bbox 1197 1076 1293 1155; x_wconf 83' lang='lat' dir='ltr'><strong>sunt,</strong></span> <span class='ocrx_word' id='word_1_50' title='bbox 1302 1066 1471 1165; x_wconf 89' lang='lat' dir='ltr'><strong>quoniam</strong></span> <span class='ocrx_word' id='word_1_51' title='bbox 1480 1076 1518 1159; x_wconf 87' lang='lat' dir='ltr'><strong>et</strong></span> 
     </span>
     <span class='ocr_line' id='line_1_8' title="bbox 247 1180 1518 1279; baseline 0.001 -25"><span class='ocrx_word' id='word_1_52' title='bbox 247 1207 249 1210; x_wconf 84' lang='lat'>·</span> <span class='ocrx_word' id='word_1_53' title='bbox 289 1181 504 1256; x_wconf 88' lang='lat' dir='ltr'><strong>laboriosum</strong></span> <span class='ocrx_word' id='word_1_54' title='bbox 518 1181 712 1257; x_wconf 88' lang='lat' dir='ltr'><strong>etalterius</strong></span> <span class='ocrx_word' id='word_1_55' title='bbox 729 1180 845 1279; x_wconf 90' lang='lat' dir='ltr'><strong>operis</strong></span> <span class='ocrx_word' id='word_1_56' title='bbox 861 1180 1058 1255; x_wconf 82' lang='lat' dir='ltr'><strong>arbitratus</strong></span> <span class='ocrx_word' id='word_1_57' title='bbox 1071 1207 1151 1255; x_wconf 90' lang='lat' dir='ltr'><strong>sum</strong></span> <span class='ocrx_word' id='word_1_58' title='bbox 1170 1181 1215 1255; x_wconf 88' lang='lat' dir='ltr'><strong>ad</strong></span> <span class='ocrx_word' id='word_1_59' title='bbox 1228 1180 1295 1256; x_wconf 87' lang='lat' dir='ltr'><strong>hoo</strong></span> <span class='ocrx_word' id='word_1_60' title='bbox 1308 1205 1448 1257; x_wconf 86' lang='lat' dir='ltr'><strong>sacram</strong></span> <span class='ocrx_word' id='word_1_61' title='bbox 1461 1181 1518 1255; x_wconf 90' lang='lat' dir='ltr'><strong>do·</strong></span> 
     </span>
     <span class='ocr_line' id='line_1_9' title="bbox 288 1294 1519 1393; baseline 0.002 -26"><span class='ocrx_word' id='word_1_62' title='bbox 288 1295 414 1371; x_wconf 87' lang='lat' dir='ltr'><strong>floraro</strong></span> <span class='ocrx_word' id='word_1_63' title='bbox 428 1295 656 1393; x_wconf 88' lang='lat' dir='ltr'><strong>scripturam.</strong></span> <span class='ocrx_word' id='word_1_64' title='bbox 669 1295 859 1370; x_wconf 90' lang='lat' dir='ltr'><strong>Potissima</strong></span> <span class='ocrx_word' id='word_1_65' title='bbox 872 1305 993 1369; x_wconf 89' lang='lat' dir='ltr'><strong>autem</strong></span> <span class='ocrx_word' id='word_1_66' title='bbox 1007 1295 1052 1369; x_wconf 89' lang='lat' dir='ltr'><strong>ad</strong></span> <span class='ocrx_word' id='word_1_67' title='bbox 1067 1295 1103 1369; x_wconf 92' lang='lat' dir='ltr'><strong>id</strong></span> <span class='ocrx_word' id='word_1_68' title='bbox 1116 1294 1232 1393; x_wconf 90' lang='lat' dir='ltr'><strong>operis</strong></span> <span class='ocrx_word' id='word_1_69' title='bbox 1246 1295 1335 1367; x_wconf 92' lang='lat' dir='ltr'><strong>mihi</strong></span> <span class='ocrx_word' id='word_1_70' title='bbox 1345 1295 1423 1368; x_wconf 82' lang='lat' dir='ltr'><strong>visa</strong></span> <span class='ocrx_word' id='word_1_71' title='bbox 1432 1304 1519 1370; x_wconf 87' lang='lat' dir='ltr'><strong>sunt</strong></span> 
     </span>
     <span class='ocr_line' id='line_1_10' title="bbox 289 1408 1520 1507; baseline 0 -23"><span class='ocrx_word' id='word_1_72' title='bbox 289 1409 573 1506; x_wconf 82' lang='lat' dir='ltr'><strong>Evangeliorum</strong></span> <span class='ocrx_word' id='word_1_73' title='bbox 591 1418 627 1484; x_wconf 90' lang='lat' dir='ltr'><strong>et</strong></span> <span class='ocrx_word' id='word_1_74' title='bbox 643 1408 891 1506; x_wconf 86' lang='lat' dir='ltr'><strong>Apostolorum</strong></span> <span class='ocrx_word' id='word_1_75' title='bbox 907 1408 1075 1505; x_wconf 77' lang='lat' dir='ltr'><strong>epistola,</strong></span> <span class='ocrx_word' id='word_1_76' title='bbox 1089 1419 1125 1485; x_wconf 89' lang='lat' dir='ltr'><strong>et</strong></span> <span class='ocrx_word' id='word_1_77' title='bbox 1138 1408 1344 1497; x_wconf 84' lang='lat' dir='ltr'><strong>Clementis,</strong></span> <span class='ocrx_word' id='word_1_78' title='bbox 1357 1419 1393 1484; x_wconf 92' lang='lat' dir='ltr'><strong>et</strong></span> <span class='ocrx_word' id='word_1_79' title='bbox 1406 1419 1520 1507; x_wconf 86' lang='lat' dir='ltr'><strong>pasto-</strong></span> 
     </span>
     <span class='ocr_line' id='line_1_11' title="bbox 291 1520 1515 1622; baseline 0.003 -28"><span class='ocrx_word' id='word_1_80' title='bbox 291 1522 377 1596; x_wconf 88' lang='lat' dir='ltr'><strong>ralis</strong></span> <span class='ocrx_word' id='word_1_81' title='bbox 394 1523 573 1619; x_wconf 81' lang='lat' dir='ltr'><strong>Gregorii,</strong></span> <span class='ocrx_word' id='word_1_82' title='bbox 586 1531 622 1598; x_wconf 90' lang='lat' dir='ltr'><strong>et</strong></span> <span class='ocrx_word' id='word_1_83' title='bbox 635 1548 742 1622; x_wconf 89' lang='lat' dir='ltr'><strong>super</strong></span> <span class='ocrx_word' id='word_1_84' title='bbox 756 1520 948 1617; x_wconf 84' lang='lat' dir='ltr'><strong>evangelia</strong></span> <span class='ocrx_word' id='word_1_85' title='bbox 961 1522 1099 1597; x_wconf 75' lang='lat' dir='ltr'><strong>omelia</strong></span> <span class='ocrx_word' id='word_1_86' title='bbox 1111 1523 1268 1599; x_wconf 88' lang='lat' dir='ltr'><strong>eiusdem</strong></span> <span class='ocrx_word' id='word_1_87' title='bbox 1284 1525 1350 1597; x_wconf 84' lang='lat' dir='ltr'><strong>XI&#39;</strong></span> <span class='ocrx_word' id='word_1_88' title='bbox 1368 1526 1515 1599; x_wconf 77' lang='lat' dir='ltr'><strong>etVIII‘</strong></span> 
     </span>
     <span class='ocr_line' id='line_1_12' title="bbox 288 1633 1517 1735; baseline -0.002 -24"><span class='ocrx_word' id='word_1_89' title='bbox 288 1646 324 1711; x_wconf 90' lang='lat' dir='ltr'><strong>et</strong></span> <span class='ocrx_word' id='word_1_90' title='bbox 341 1639 442 1710; x_wconf 81' lang='lat' dir='ltr'><strong>VIII·</strong></span> <span class='ocrx_word' id='word_1_91' title='bbox 463 1646 500 1711; x_wconf 89' lang='lat' dir='ltr'><strong>et</strong></span> <span class='ocrx_word' id='word_1_92' title='bbox 517 1639 565 1709; x_wconf 81' lang='lat' dir='ltr'><strong>X²</strong></span> <span class='ocrx_word' id='word_1_93' title='bbox 582 1645 619 1711; x_wconf 88' lang='lat' dir='ltr'><strong>ct</strong></span> <span class='ocrx_word' id='word_1_94' title='bbox 635 1661 742 1734; x_wconf 90' lang='lat' dir='ltr'><strong>super</strong></span> <span class='ocrx_word' id='word_1_95' title='bbox 759 1633 994 1711; x_wconf 77' lang='lat' dir='ltr'><strong>Ezechielem.</strong></span> <span class='ocrx_word' id='word_1_96' title='bbox 1007 1640 1054 1710; x_wconf 87' lang='lat' dir='ltr'><strong>Et</strong></span> <span class='ocrx_word' id='word_1_97' title='bbox 1071 1636 1236 1735; x_wconf 85' lang='lat' dir='ltr'><strong>quoniam</strong></span> <span class='ocrx_word' id='word_1_98' title='bbox 1252 1637 1336 1710; x_wconf 90' lang='lat' dir='ltr'><strong>dum</strong></span> <span class='ocrx_word' id='word_1_99' title='bbox 1349 1635 1517 1712; x_wconf 82' lang='lat' dir='ltr'><strong>brevitati</strong></span> 
     </span>
     <span class='ocr_line' id='line_1_13' title="bbox 289 1747 1517 1849; baseline 0.004 -24"><span class='ocrx_word' id='word_1_100' title='bbox 289 1750 422 1839; x_wconf 84' lang='lat' dir='ltr'><strong>studeo,</strong></span> <span class='ocrx_word' id='word_1_101' title='bbox 447 1750 603 1849; x_wconf 90' lang='lat' dir='ltr'><strong>plurima</strong></span> <span class='ocrx_word' id='word_1_102' title='bbox 636 1750 739 1824; x_wconf 88' lang='lat' dir='ltr'><strong>utilia</strong></span> <span class='ocrx_word' id='word_1_103' title='bbox 761 1775 817 1824; x_wconf 93' lang='lat' dir='ltr'><strong>me</strong></span> <span class='ocrx_word' id='word_1_104' title='bbox 840 1747 1034 1848; x_wconf 86' lang='lat' dir='ltr'><strong>praeterire</strong></span> <span class='ocrx_word' id='word_1_105' title='bbox 1056 1749 1166 1837; x_wconf 80' lang='lat' dir='ltr'><strong>doleo,</strong></span> <span class='ocrx_word' id='word_1_106' title='bbox 1189 1772 1312 1826; x_wconf 91' lang='lat' dir='ltr'><strong>moneo</strong></span> <span class='ocrx_word' id='word_1_107' title='bbox 1336 1749 1517 1830; x_wconf 85' lang='lat' dir='ltr'><strong>curiosum</strong></span> 
     </span>
     <span class='ocr_line' id='line_1_14' title="bbox 288 1861 1517 1959; baseline 0.002 -23"><span class='ocrx_word' id='word_1_108' title='bbox 288 1864 467 1952; x_wconf 78' lang='lat' dir='ltr'><strong>lectorem,</strong></span> <span class='ocrx_word' id='word_1_109' title='bbox 485 1874 526 1938; x_wconf 92' lang='lat' dir='ltr'><strong>ut</strong></span> <span class='ocrx_word' id='word_1_110' title='bbox 542 1890 627 1940; x_wconf 92' lang='lat' dir='ltr'><strong>cum</strong></span> <span class='ocrx_word' id='word_1_111' title='bbox 646 1876 763 1952; x_wconf 79' lang='lat' dir='ltr'><strong>vacat,</strong></span> <span class='ocrx_word' id='word_1_112' title='bbox 784 1864 840 1939; x_wconf 92' lang='lat' dir='ltr'><strong>his</strong></span> <span class='ocrx_word' id='word_1_113' title='bbox 857 1892 878 1938; x_wconf 89' lang='lat' dir='ltr'><strong>a</strong></span> <span class='ocrx_word' id='word_1_114' title='bbox 895 1861 1026 1959; x_wconf 88' lang='lat' dir='ltr'><strong>quibus</strong></span> <span class='ocrx_word' id='word_1_115' title='bbox 1042 1863 1132 1938; x_wconf 87' lang='lat' dir='ltr'><strong>haec</strong></span> <span class='ocrx_word' id='word_1_116' title='bbox 1149 1863 1318 1938; x_wconf 89' lang='lat' dir='ltr'><strong>deflorata</strong></span> <span class='ocrx_word' id='word_1_117' title='bbox 1340 1873 1427 1938; x_wconf 90' lang='lat' dir='ltr'><strong>sunt</strong></span> <span class='ocrx_word' id='word_1_118' title='bbox 1443 1876 1517 1938; x_wconf 91' lang='lat' dir='ltr'><strong>stu·</strong></span> 
     </span>
     <span class='ocr_line' id='line_1_15' title="bbox 288 1975 1515 2077; baseline 0.003 -29"><span class='ocrx_word' id='word_1_119' title='bbox 288 1975 387 2050; x_wconf 92' lang='lat' dir='ltr'><strong>dium</strong></span> <span class='ocrx_word' id='word_1_120' title='bbox 404 1976 583 2063; x_wconf 78' lang='lat' dir='ltr'><strong>adhibeat,</strong></span> <span class='ocrx_word' id='word_1_121' title='bbox 599 1999 670 2050; x_wconf 92' lang='lat' dir='ltr'><strong>non</strong></span> <span class='ocrx_word' id='word_1_122' title='bbox 689 1986 730 2050; x_wconf 90' lang='lat' dir='ltr'><strong>ut</strong></span> <span class='ocrx_word' id='word_1_123' title='bbox 747 1976 927 2055; x_wconf 85' lang='lat' dir='ltr'><strong>defloratis</strong></span> <span class='ocrx_word' id='word_1_124' title='bbox 951 1976 1087 2077; x_wconf 91' lang='lat' dir='ltr'><strong>aliquid</strong></span> <span class='ocrx_word' id='word_1_125' title='bbox 1111 1977 1300 2073; x_wconf 82' lang='lat' dir='ltr'><strong>adiungat,</strong></span> <span class='ocrx_word' id='word_1_126' title='bbox 1317 1978 1378 2052; x_wconf 88' lang='lat' dir='ltr'><strong>sed</strong></span> <span class='ocrx_word' id='word_1_127' title='bbox 1392 1987 1434 2052; x_wconf 89' lang='lat' dir='ltr'><strong>ut</strong></span> <span class='ocrx_word' id='word_1_128' title='bbox 1451 2001 1515 2052; x_wconf 92' lang='lat' dir='ltr'><strong>suo</strong></span> 
     </span>
     <span class='ocr_line' id='line_1_16' title="bbox 289 2088 1513 2191; baseline 0 -27"><span class='ocrx_word' id='word_1_129' title='bbox 289 2089 463 2165; x_wconf 90' lang='lat' dir='ltr'><strong>desiderio</strong></span> <span class='ocrx_word' id='word_1_130' title='bbox 480 2088 689 2164; x_wconf 87' lang='lat' dir='ltr'><strong>satisfaciat.</strong></span> <span class='ocrx_word' id='word_1_131' title='bbox 707 2093 783 2166; x_wconf 91' lang='lat' dir='ltr'><strong>Hoc</strong></span> <span class='ocrx_word' id='word_1_132' title='bbox 801 2091 922 2191; x_wconf 88' lang='lat' dir='ltr'><strong>itaque</strong></span> <span class='ocrx_word' id='word_1_133' title='bbox 938 2117 1026 2191; x_wconf 88' lang='lat' dir='ltr'><strong>opus</strong></span> <span class='ocrx_word' id='word_1_134' title='bbox 1045 2102 1172 2165; x_wconf 81' lang='lat' dir='ltr'><strong>vestrm</strong></span> <span class='ocrx_word' id='word_1_135' title='bbox 1189 2091 1406 2167; x_wconf 87' lang='lat' dir='ltr'><strong>Paternitati</strong></span> <span class='ocrx_word' id='word_1_136' title='bbox 1419 2091 1513 2166; x_wconf 87' lang='lat' dir='ltr'><strong>dodi-</strong></span> 
     </span>
     <span class='ocr_line' id='line_1_17' title="bbox 289 2205 1514 2307; baseline -0.001 -26"><span class='ocrx_word' id='word_1_137' title='bbox 289 2206 369 2281; x_wconf 79' lang='lat' dir='ltr'><strong>cavi</strong></span> <span class='ocrx_word' id='word_1_138' title='bbox 387 2205 480 2305; x_wconf 91' lang='lat' dir='ltr'><strong>quod</strong></span> <span class='ocrx_word' id='word_1_139' title='bbox 497 2229 568 2280; x_wconf 93' lang='lat' dir='ltr'><strong>non</strong></span> <span class='ocrx_word' id='word_1_140' title='bbox 586 2205 701 2283; x_wconf 88' lang='lat' dir='ltr'><strong>solum</strong></span> <span class='ocrx_word' id='word_1_141' title='bbox 718 2217 852 2282; x_wconf 82' lang='lat' dir='ltr'><strong>sanctae</strong></span> <span class='ocrx_word' id='word_1_142' title='bbox 870 2207 1083 2307; x_wconf 86' lang='lat' dir='ltr'><strong>Apostolicaa</strong></span> <span class='ocrx_word' id='word_1_143' title='bbox 1097 2206 1179 2281; x_wconf 86' lang='lat' dir='ltr'><strong>Sedi</strong></span> <span class='ocrx_word' id='word_1_144' title='bbox 1198 2206 1259 2281; x_wconf 91' lang='lat' dir='ltr'><strong>sed</strong></span> <span class='ocrx_word' id='word_1_145' title='bbox 1276 2205 1372 2280; x_wconf 91' lang='lat' dir='ltr'><strong>omni</strong></span> <span class='ocrx_word' id='word_1_146' title='bbox 1390 2206 1514 2282; x_wconf 86' lang='lat' dir='ltr'><strong>Eccle-</strong></span> 
     </span>
     <span class='ocr_line' id='line_1_18' title="bbox 289 2319 1516 2420; baseline -0.002 -25"><span class='ocrx_word' id='word_1_147' title='bbox 289 2321 351 2395; x_wconf 88' lang='lat' dir='ltr'><strong>siae</strong></span> <span class='ocrx_word' id='word_1_148' title='bbox 371 2330 408 2396; x_wconf 88' lang='lat' dir='ltr'><strong>et</strong></span> <span class='ocrx_word' id='word_1_149' title='bbox 424 2320 521 2399; x_wconf 86' lang='lat' dir='ltr'><strong>omni</strong></span> <span class='ocrx_word' id='word_1_150' title='bbox 540 2319 671 2395; x_wconf 85' lang='lat' dir='ltr'><strong>clerico</strong></span> <span class='ocrx_word' id='word_1_151' title='bbox 690 2321 917 2418; x_wconf 83' lang='lat' dir='ltr'><strong>profuturum</strong></span> <span class='ocrx_word' id='word_1_152' title='bbox 933 2321 1068 2420; x_wconf 87' lang='lat' dir='ltr'><strong>putavi.</strong></span> <span class='ocrx_word' id='word_1_153' title='bbox 1082 2320 1237 2394; x_wconf 84' lang='lat' dir='ltr'><strong>Obsecro</strong></span> <span class='ocrx_word' id='word_1_154' title='bbox 1253 2328 1375 2394; x_wconf 87' lang='lat' dir='ltr'><strong>autem</strong></span> <span class='ocrx_word' id='word_1_155' title='bbox 1393 2319 1516 2416; x_wconf 83' lang='lat' dir='ltr'><strong>logen-</strong></span> 
     </span>
     <span class='ocr_line' id='line_1_19' title="bbox 288 2432 1513 2531; baseline -0.003 -20"><span class='ocrx_word' id='word_1_156' title='bbox 288 2444 359 2510; x_wconf 90' lang='lat' dir='ltr'><strong>tem</strong></span> <span class='ocrx_word' id='word_1_157' title='bbox 373 2434 411 2507; x_wconf 95' lang='lat' dir='ltr'><strong>in</strong></span> <span class='ocrx_word' id='word_1_158' title='bbox 425 2433 575 2508; x_wconf 89' lang='lat' dir='ltr'><strong>Domino</strong></span> <span class='ocrx_word' id='word_1_159' title='bbox 589 2445 629 2507; x_wconf 90' lang='lat' dir='ltr'><strong>ut</strong></span> <span class='ocrx_word' id='word_1_160' title='bbox 642 2457 704 2531; x_wconf 92' lang='lat' dir='ltr'><strong>pro</strong></span> <span class='ocrx_word' id='word_1_161' title='bbox 719 2435 807 2509; x_wconf 87' lang='lat' dir='ltr'><strong>meis</strong></span> <span class='ocrx_word' id='word_1_162' title='bbox 819 2435 1024 2511; x_wconf 81' lang='lat' dir='ltr'><strong>excessibus</strong></span> <span class='ocrx_word' id='word_1_163' title='bbox 1036 2435 1081 2508; x_wconf 89' lang='lat' dir='ltr'><strong>ad</strong></span> <span class='ocrx_word' id='word_1_164' title='bbox 1095 2432 1287 2508; x_wconf 89' lang='lat' dir='ltr'><strong>Dominum</strong></span> <span class='ocrx_word' id='word_1_165' title='bbox 1302 2433 1513 2508; x_wconf 87' lang='lat' dir='ltr'><strong>intercedat.</strong></span> 
     </span>
    </p>
   </div>
   <div class='ocr_carea' id='block_1_3' title="bbox 345 2665 1462 2772">
    <p class='ocr_par' dir='ltr' id='par_1_3' title="bbox 345 2665 1462 2772">
     <span class='ocr_line' id='line_1_20' title="bbox 345 2665 1462 2772; baseline -0.002 -22"><span class='ocrx_word' id='word_1_166' title='bbox 345 2665 522 2770; x_wconf 82' lang='lat' dir='ltr'><strong>Explicit</strong></span> <span class='ocrx_word' id='word_1_167' title='bbox 549 2666 743 2769; x_wconf 77' lang='lat' dir='ltr'><strong>prologus.</strong></span> <span class='ocrx_word' id='word_1_168' title='bbox 770 2667 975 2772; x_wconf 83' lang='lat' dir='ltr'><strong>Incipiunt</strong></span> <span class='ocrx_word' id='word_1_169' title='bbox 1003 2666 1180 2770; x_wconf 82' lang='lat' dir='ltr'><strong>capitula</strong></span> <span class='ocrx_word' id='word_1_170' title='bbox 1206 2665 1304 2748; x_wconf 90' lang='lat' dir='ltr'><strong>libri</strong></span> <span class='ocrx_word' id='word_1_171' title='bbox 1329 2665 1462 2768; x_wconf 90' lang='lat' dir='ltr'><strong>primi.</strong></span> 
     </span>
    </p>
   </div>
   <div class='ocr_carea' id='block_1_4' title="bbox 289 2892 1557 4364">
    <p class='ocr_par' dir='ltr' id='par_1_4' title="bbox 291 2892 1557 3085">
     <span class='ocr_line' id='line_1_21' title="bbox 291 2892 1557 2994; baseline 0.001 -27"><span class='ocrx_word' id='word_1_172' title='bbox 291 2894 390 2980; x_wconf 89' lang='lat' dir='ltr'><strong>Quod</strong></span> <span class='ocrx_word' id='word_1_173' title='bbox 419 2896 577 2968; x_wconf 87' lang='lat' dir='ltr'><strong>Romana</strong></span> <span class='ocrx_word' id='word_1_174' title='bbox 607 2892 769 2970; x_wconf 84' lang='lat' dir='ltr'><strong>Ecclesia</strong></span> <span class='ocrx_word' id='word_1_175' title='bbox 799 2920 820 2967; x_wconf 89' lang='lat' dir='ltr'><strong>a</strong></span> <span class='ocrx_word' id='word_1_176' title='bbox 846 2894 990 2970; x_wconf 86' lang='lat' dir='ltr'><strong>Christo</strong></span> <span class='ocrx_word' id='word_1_177' title='bbox 1014 2894 1209 2994; x_wconf 88' lang='lat' dir='ltr'><strong>primatum</strong></span> <span class='ocrx_word' id='word_1_178' title='bbox 1235 2892 1400 2991; x_wconf 88' lang='lat' dir='ltr'><strong>optinuit.</strong></span> <span class='ocrx_word' id='word_1_179' title='bbox 1427 2892 1512 2993; x_wconf 82' lang='lat' dir='ltr'><strong>Cap.</strong></span> <span class='ocrx_word' id='word_1_180' title='bbox 1552 2921 1557 2933; x_wconf 74' lang='lat'><strong><em>¹</em></strong></span> 
     </span>
     <span class='ocr_line' id='line_1_22' title="bbox 359 3008 1197 3085; baseline 0.002 -4"><span class='ocrx_word' id='word_1_181' title='bbox 359 3009 511 3082; x_wconf 90' lang='lat' dir='ltr'><strong>XVIIII.</strong></span> <span class='ocrx_word' id='word_1_182' title='bbox 529 3010 565 3082; x_wconf 91' lang='lat' dir='ltr'><strong>L.</strong></span> <span class='ocrx_word' id='word_1_183' title='bbox 583 3008 747 3083; x_wconf 88' lang='lat' dir='ltr'><strong>LXXVI.</strong></span> <span class='ocrx_word' id='word_1_184' title='bbox 763 3018 800 3083; x_wconf 89' lang='lat' dir='ltr'><strong>et</strong></span> <span class='ocrx_word' id='word_1_185' title='bbox 816 3008 854 3082; x_wconf 92' lang='lat' dir='ltr'><strong>in</strong></span> <span class='ocrx_word' id='word_1_186' title='bbox 873 3011 959 3084; x_wconf 72' lang='grc' dir='ltr'><strong>ΙΙΙΙ0</strong></span> <span class='ocrx_word' id='word_1_187' title='bbox 977 3009 1068 3084; x_wconf 92' lang='lat' dir='ltr'><strong>libro</strong></span> <span class='ocrx_word' id='word_1_188' title='bbox 1086 3009 1197 3085; x_wconf 79' lang='lat' dir='ltr'><strong>XCII.</strong></span> 
     </span>
    </p>

    <p class='ocr_par' dir='ltr' id='par_1_5' title="bbox 289 3122 1511 3315">
     <span class='ocr_line' id='line_1_23' title="bbox 289 3122 1511 3222; baseline 0 -24"><span class='ocrx_word' id='word_1_189' title='bbox 289 3125 388 3212; x_wconf 89' lang='lat' dir='ltr'><strong>Quod</strong></span> <span class='ocrx_word' id='word_1_190' title='bbox 405 3125 450 3200; x_wconf 90' lang='lat' dir='ltr'><strong>ab</strong></span> <span class='ocrx_word' id='word_1_191' title='bbox 467 3126 587 3201; x_wconf 89' lang='lat' dir='ltr'><strong>eodem</strong></span> <span class='ocrx_word' id='word_1_192' title='bbox 604 3126 763 3201; x_wconf 90' lang='lat' dir='ltr'><strong>omniurn</strong></span> <span class='ocrx_word' id='word_1_193' title='bbox 780 3125 1014 3202; x_wconf 87' lang='lat' dir='ltr'><strong>ecclesiarum</strong></span> <span class='ocrx_word' id='word_1_194' title='bbox 1031 3134 1141 3221; x_wconf 90' lang='lat' dir='ltr'><strong>caput</strong></span> <span class='ocrx_word' id='word_1_195' title='bbox 1161 3123 1210 3197; x_wconf 89' lang='lat' dir='ltr'><strong>sit</strong></span> <span class='ocrx_word' id='word_1_196' title='bbox 1231 3122 1409 3199; x_wconf 87' lang='lat' dir='ltr'><strong>instituta.</strong></span> <span class='ocrx_word' id='word_1_197' title='bbox 1427 3122 1511 3222; x_wconf 82' lang='lat' dir='ltr'><strong>Cap.</strong></span> 
     </span>
     <span class='ocr_line' id='line_1_24' title="bbox 365 3242 616 3315; baseline 0 -1"><span class='ocrx_word' id='word_1_198' title='bbox 365 3242 401 3314; x_wconf 89' lang='lat' dir='ltr'><strong>L.</strong></span> <span class='ocrx_word' id='word_1_199' title='bbox 419 3249 455 3315; x_wconf 91' lang='lat' dir='ltr'><strong>et</strong></span> <span class='ocrx_word' id='word_1_200' title='bbox 473 3242 616 3315; x_wconf 91' lang='lat' dir='ltr'><strong>LXIIII.</strong></span> 
     </span>
    </p>

    <p class='ocr_par' dir='ltr' id='par_1_6' title="bbox 291 3349 1512 3568">
     <span class='ocr_line' id='line_1_25' title="bbox 291 3349 1512 3450; baseline -0.001 -23"><span class='ocrx_word' id='word_1_201' title='bbox 291 3355 390 3441; x_wconf 88' lang='lat' dir='ltr'><strong>Quod</strong></span> <span class='ocrx_word' id='word_1_202' title='bbox 411 3355 456 3428; x_wconf 93' lang='lat' dir='ltr'><strong>ab</strong></span> <span class='ocrx_word' id='word_1_203' title='bbox 477 3355 597 3430; x_wconf 89' lang='lat' dir='ltr'><strong>eodem</strong></span> <span class='ocrx_word' id='word_1_204' title='bbox 620 3380 841 3431; x_wconf 89' lang='lat' dir='ltr'><strong>summorum</strong></span> <span class='ocrx_word' id='word_1_205' title='bbox 863 3352 1089 3450; x_wconf 84' lang='lat' dir='ltr'><strong>negotiorum</strong></span> <span class='ocrx_word' id='word_1_206' title='bbox 1116 3349 1281 3424; x_wconf 88' lang='lat' dir='ltr'><strong>diffinitio</strong></span> <span class='ocrx_word' id='word_1_207' title='bbox 1304 3350 1358 3424; x_wconf 93' lang='lat' dir='ltr'><strong>illi</strong></span> <span class='ocrx_word' id='word_1_208' title='bbox 1380 3350 1512 3426; x_wconf 89' lang='lat' dir='ltr'><strong>tradita</strong></span> 
     </span>
     <span class='ocr_line' id='line_1_26' title="bbox 361 3469 627 3568; baseline 0 -25"><span class='ocrx_word' id='word_1_209' title='bbox 361 3469 417 3544; x_wconf 90' lang='lat' dir='ltr'><strong>sit.</strong></span> <span class='ocrx_word' id='word_1_210' title='bbox 435 3471 519 3568; x_wconf 83' lang='lat' dir='ltr'><strong>Cap.</strong></span> <span class='ocrx_word' id='word_1_211' title='bbox 536 3472 627 3544; x_wconf 92' lang='lat' dir='ltr'><strong>LIII.</strong></span> 
     </span>
    </p>

    <p class='ocr_par' dir='ltr' id='par_1_7' title="bbox 291 3582 1511 3773">
     <span class='ocr_line' id='line_1_27' title="bbox 291 3582 1511 3682; baseline 0 -25"><span class='ocrx_word' id='word_1_212' title='bbox 291 3583 390 3670; x_wconf 85' lang='lat' dir='ltr'><strong>Quod</strong></span> <span class='ocrx_word' id='word_1_213' title='bbox 398 3583 518 3659; x_wconf 89' lang='lat' dir='ltr'><strong>eodem</strong></span> <span class='ocrx_word' id='word_1_214' title='bbox 529 3583 674 3658; x_wconf 89' lang='lat' dir='ltr'><strong>iubente</strong></span> <span class='ocrx_word' id='word_1_215' title='bbox 685 3585 731 3659; x_wconf 92' lang='lat' dir='ltr'><strong>ad</strong></span> <span class='ocrx_word' id='word_1_216' title='bbox 744 3583 861 3681; x_wconf 85' lang='lat' dir='ltr'><strong>ipsum</strong></span> <span class='ocrx_word' id='word_1_217' title='bbox 874 3582 1032 3682; x_wconf 89' lang='lat' dir='ltr'><strong>Apostoli</strong></span> <span class='ocrx_word' id='word_1_218' title='bbox 1046 3582 1293 3657; x_wconf 88' lang='lat' dir='ltr'><strong>instituerunt.</strong></span> <span class='ocrx_word' id='word_1_219' title='bbox 1302 3582 1387 3679; x_wconf 79' lang='lat' dir='ltr'><strong>Cap.</strong></span> <span class='ocrx_word' id='word_1_220' title='bbox 1397 3583 1511 3657; x_wconf 90' lang='lat' dir='ltr'><strong>VIIII.</strong></span> 
     </span>
     <span class='ocr_line' id='line_1_28' title="bbox 360 3698 773 3773; baseline 0.01 -4"><span class='ocrx_word' id='word_1_221' title='bbox 360 3698 523 3770; x_wconf 80' lang='lat' dir='ltr'><strong>XLVIII.</strong></span> <span class='ocrx_word' id='word_1_222' title='bbox 540 3699 648 3773; x_wconf 92' lang='lat' dir='ltr'><strong>LlllI.</strong></span> <span class='ocrx_word' id='word_1_223' title='bbox 666 3701 773 3773; x_wconf 85' lang='lat' dir='ltr'><strong>LVII.</strong></span> 
     </span>
    </p>

    <p class='ocr_par' dir='ltr' id='par_1_8' title="bbox 289 3811 1511 3912">
     <span class='ocr_line' id='line_1_29' title="bbox 289 3811 1511 3912; baseline 0.001 -28"><span class='ocrx_word' id='word_1_224' title='bbox 289 3814 378 3887; x_wconf 87' lang='lat' dir='ltr'><strong>Item</strong></span> <span class='ocrx_word' id='word_1_225' title='bbox 396 3811 438 3885; x_wconf 90' lang='lat' dir='ltr'><strong>de</strong></span> <span class='ocrx_word' id='word_1_226' title='bbox 455 3811 576 3886; x_wconf 87' lang='lat' dir='ltr'><strong>cadom</strong></span> <span class='ocrx_word' id='word_1_227' title='bbox 596 3837 643 3886; x_wconf 92' lang='lat' dir='ltr'><strong>re.</strong></span> <span class='ocrx_word' id='word_1_228' title='bbox 662 3813 746 3912; x_wconf 85' lang='lat' dir='ltr'><strong>Cap.</strong></span> <span class='ocrx_word' id='word_1_229' title='bbox 765 3816 889 3888; x_wconf 93' lang='lat' dir='ltr'><strong>LVIII.</strong></span> <span class='ocrx_word' id='word_1_230' title='bbox 907 3814 1052 3886; x_wconf 90' lang='lat' dir='ltr'><strong>LVllII.</strong></span> <span class='ocrx_word' id='word_1_231' title='bbox 1065 3811 1175 3885; x_wconf 89' lang='lat' dir='ltr'><strong>LXV.</strong></span> <span class='ocrx_word' id='word_1_232' title='bbox 1189 3811 1334 3884; x_wconf 92' lang='lat' dir='ltr'><strong>LXVII.</strong></span> <span class='ocrx_word' id='word_1_233' title='bbox 1348 3812 1511 3887; x_wconf 89' lang='lat' dir='ltr'><strong>LXVIII.</strong></span> 
     </span>
    </p>

    <p class='ocr_par' dir='ltr' id='par_1_9' title="bbox 290 3923 1512 4137">
     <span class='ocr_line' id='line_1_30' title="bbox 290 3923 1512 4025; baseline 0.002 -27"><span class='ocrx_word' id='word_1_234' title='bbox 290 3925 390 4012; x_wconf 85' lang='lat' dir='ltr'><strong>Quod</strong></span> <span class='ocrx_word' id='word_1_235' title='bbox 406 3925 485 4000; x_wconf 88' lang='lat' dir='ltr'><strong>eius</strong></span> <span class='ocrx_word' id='word_1_236' title='bbox 505 3924 693 4021; x_wconf 86' lang='lat' dir='ltr'><strong>singulare</strong></span> <span class='ocrx_word' id='word_1_237' title='bbox 716 3926 950 4025; x_wconf 87' lang='lat' dir='ltr'><strong>privilegium</strong></span> <span class='ocrx_word' id='word_1_238' title='bbox 972 3928 1019 4000; x_wconf 91' lang='lat' dir='ltr'><strong>sit</strong></span> <span class='ocrx_word' id='word_1_239' title='bbox 1039 3923 1177 4023; x_wconf 87' lang='lat' dir='ltr'><strong>aperire</strong></span> <span class='ocrx_word' id='word_1_240' title='bbox 1202 3933 1239 3999; x_wconf 87' lang='lat' dir='ltr'><strong>et</strong></span> <span class='ocrx_word' id='word_1_241' title='bbox 1263 3923 1432 4000; x_wconf 87' lang='lat' dir='ltr'><strong>claudere</strong></span> <span class='ocrx_word' id='word_1_242' title='bbox 1456 3950 1512 4001; x_wconf 74' lang='lat' dir='ltr'><strong>co</strong></span> 
     </span>
     <span class='ocr_line' id='line_1_31' title="bbox 359 4039 879 4137; baseline 0.008 -26"><span class='ocrx_word' id='word_1_243' title='bbox 359 4039 447 4113; x_wconf 92' lang='lat' dir='ltr'><strong>lum.</strong></span> <span class='ocrx_word' id='word_1_244' title='bbox 465 4040 551 4137; x_wconf 87' lang='lat' dir='ltr'><strong>Cap.</strong></span> <span class='ocrx_word' id='word_1_245' title='bbox 568 4042 665 4114; x_wconf 92' lang='lat' dir='ltr'><strong>VIII.</strong></span> <span class='ocrx_word' id='word_1_246' title='bbox 683 4042 834 4114; x_wconf 92' lang='lat' dir='ltr'><strong>XVIIII.</strong></span> <span class='ocrx_word' id='word_1_247' title='bbox 875 4106 879 4115; x_wconf 93' lang='lat'><strong>.</strong></span> 
     </span>
    </p>

    <p class='ocr_par' dir='ltr' id='par_1_10' title="bbox 290 4151 1510 4364">
     <span class='ocr_line' id='line_1_32' title="bbox 290 4151 1510 4252; baseline 0.003 -27"><span class='ocrx_word' id='word_1_248' title='bbox 290 4153 389 4239; x_wconf 88' lang='lat' dir='ltr'><strong>Quod</strong></span> <span class='ocrx_word' id='word_1_249' title='bbox 413 4151 656 4251; x_wconf 91' lang='lat' dir='ltr'><strong>quorumlibet</strong></span> <span class='ocrx_word' id='word_1_250' title='bbox 672 4154 887 4229; x_wconf 86' lang='lat' dir='ltr'><strong>Pontificum</strong></span> <span class='ocrx_word' id='word_1_251' title='bbox 905 4153 1122 4252; x_wconf 79' lang='lat' dir='ltr'><strong>obligatione</strong></span> <span class='ocrx_word' id='word_1_252' title='bbox 1140 4154 1266 4243; x_wconf 84' lang='lat' dir='ltr'><strong>solvat,</strong></span> <span class='ocrx_word' id='word_1_253' title='bbox 1279 4153 1380 4228; x_wconf 89' lang='lat' dir='ltr'><strong>illius</strong></span> <span class='ocrx_word' id='word_1_254' title='bbox 1398 4177 1510 4230; x_wconf 88' lang='lat' dir='ltr'><strong>nemo.</strong></span> 
     </span>
     <span class='ocr_line' id='line_1_33' title="bbox 361 4266 1413 4364; baseline -0.002 -23"><span class='ocrx_word' id='word_1_255' title='bbox 361 4266 445 4364; x_wconf 84' lang='lat' dir='ltr'><strong>Cap.</strong></span> <span class='ocrx_word' id='word_1_256' title='bbox 464 4267 556 4341; x_wconf 86' lang='lat' dir='ltr'><strong>CIII.</strong></span> <span class='ocrx_word' id='word_1_257' title='bbox 1409 4268 1413 4273; x_wconf 69' lang='grc'>’</span> 
     </span>
    </p>
   </div>
   <div class='ocr_carea' id='block_1_5' title="bbox 289 4381 1510 4596">
    <p class='ocr_par' dir='ltr' id='par_1_11' title="bbox 289 4381 1510 4596">
     <span class='ocr_line' id='line_1_34' title="bbox 289 4381 1510 4481; baseline 0 -25"><span class='ocrx_word' id='word_1_258' title='bbox 289 4381 390 4468; x_wconf 86' lang='lat' dir='ltr'><strong>Quod</strong></span> <span class='ocrx_word' id='word_1_259' title='bbox 401 4382 479 4457; x_wconf 90' lang='lat' dir='ltr'><strong>eius</strong></span> <span class='ocrx_word' id='word_1_260' title='bbox 496 4382 690 4481; x_wconf 82' lang='lat' dir='ltr'><strong>privilegia</strong></span> <span class='ocrx_word' id='word_1_261' title='bbox 706 4382 808 4458; x_wconf 88' lang='lat' dir='ltr'><strong>nulla</strong></span> <span class='ocrx_word' id='word_1_262' title='bbox 820 4382 957 4481; x_wconf 88' lang='lat' dir='ltr'><strong>possint</strong></span> <span class='ocrx_word' id='word_1_263' title='bbox 968 4381 1142 4458; x_wconf 89' lang='lat' dir='ltr'><strong>virtutem</strong></span> <span class='ocrx_word' id='word_1_264' title='bbox 1156 4381 1233 4481; x_wconf 82' lang='lat' dir='ltr'><strong>(sic)</strong></span> <span class='ocrx_word' id='word_1_265' title='bbox 1245 4381 1412 4459; x_wconf 89' lang='lat' dir='ltr'><strong>convelli.</strong></span> <span class='ocrx_word' id='word_1_266' title='bbox 1426 4382 1510 4480; x_wconf 81' lang='lat' dir='ltr'><strong>Cap.</strong></span> 
     </span>
     <span class='ocr_line' id='line_1_35' title="bbox 361 4495 1302 4596; baseline 0.002 -28"><span class='ocrx_word' id='word_1_267' title='bbox 361 4496 504 4571; x_wconf 91' lang='lat' dir='ltr'><strong>LVIIII.</strong></span> <span class='ocrx_word' id='word_1_268' title='bbox 523 4496 607 4594; x_wconf 84' lang='lat' dir='ltr'><strong>Cap.</strong></span> <span class='ocrx_word' id='word_1_269' title='bbox 624 4496 789 4571; x_wconf 81' lang='lat' dir='ltr'><strong>CXXIII.</strong></span> <span class='ocrx_word' id='word_1_270' title='bbox 807 4495 867 4570; x_wconf 88' lang='lat' dir='ltr'><strong>lib.</strong></span> <span class='ocrx_word' id='word_1_271' title='bbox 884 4498 969 4570; x_wconf 82' lang='lat' dir='ltr'><strong>IIII⁰</strong></span> <span class='ocrx_word' id='word_1_272' title='bbox 987 4520 1066 4596; x_wconf 87' lang='lat' dir='ltr'><strong>cap.</strong></span> <span class='ocrx_word' id='word_1_273' title='bbox 1083 4498 1174 4571; x_wconf 93' lang='lat' dir='ltr'><strong>XLI.</strong></span> <span class='ocrx_word' id='word_1_274' title='bbox 1191 4496 1302 4573; x_wconf 84' lang='lat' dir='ltr'><strong>XCII.</strong></span> 
     </span>
    </p>
   </div>
   <div class='ocr_carea' id='block_1_6' title="bbox 0 0 1808 5498">
    <p class='ocr_par' dir='ltr' id='par_1_12' title="bbox 0 0 1808 5498">
     <span class='ocr_line' id='line_1_36' title="bbox 0 0 1808 5498; baseline 0 0"><span class='ocrx_word' id='word_1_275' title='bbox 0 0 1808 5498; x_wconf 95' lang='lat' dir='ltr'><strong> </strong></span> 
     </span>
    </p>
   </div>
  </div>
 </body>
</html>
