3608 5498
811 418 851 434 -
876 382 941 446 aes
967 416 1007 430 -

848 538 970 624 Xblll.

459 719 509 769 Ex
528 716 641 770 sinodo
660 718 762 781 Papae
781 713 1360 782 simachrnptsaoporumccxv111.

390 855 471 926 Non
488 852 624 951 placuit
645 851 778 927 laicum
797 851 1026 927 statuendum
1052 851 1089 923 in
1115 849 1276 926 aecclesia
1301 848 1432 924 habere
1456 847 1521 922 ali·

296 988 403 1063 quam
421 975 643 1063 potestatem,
660 965 720 1039 cui
746 965 984 1062 subsequendi
1001 975 1123 1040 manet
1140 963 1345 1050 necessitas,
1362 984 1432 1036 non
1458 986 1522 1036 au·

294 1078 441 1153 ctoritas
457 1078 664 1180 imperandi.
687 1077 853 1154 Eulalius
880 1079 1074 1177 Episcopus
1099 1078 1324 1155 Siracusauae
1349 1076 1521 1153 aecclesiae

294 1190 393 1267 dixit.
410 1191 526 1266 Laicis
543 1192 710 1291 quamvis
728 1190 917 1287 religiosis,
934 1191 1036 1266 nulla
1061 1191 1313 1268 ecclesiasticis
1339 1189 1522 1266 facultati·

294 1305 372 1396 bus,
380 1316 422 1381 ut
433 1306 485 1380 ait
496 1306 634 1404 primus
643 1308 739 1407 Papa
749 1293 953 1403 Stephanus
962 1304 1098 1404 aliquid
1110 1305 1366 1405 disponendum
1382 1303 1521 1400 legitur

297 1442 449 1517 usquam
467 1419 641 1494 attributa
657 1418 823 1495 facultas.

836 1585 976 1670 XLVII.

390 1759 483 1835 Cum
501 1782 548 1832 ex
564 1756 718 1832 diversis
734 1756 928 1859 provinciis
945 1756 990 1831 ad
1007 1757 1140 1833 Urbem
1157 1762 1305 1833 Romam
1323 1757 1516 1833 convenire

293 1870 492 1946 sacerdotes
510 1871 620 1967 Regis
633 1869 792 1946 Theorici
810 1871 1018 1969 precepisse
1038 1873 1244 1962 auctoritas,
1257 1882 1299 1946 ut
1311 1872 1354 1947 de
1367 1872 1424 1946 his
1437 1896 1517 1969 qum

293 1985 490 2061 venerabili
507 1988 612 2087 Papae
630 1985 847 2083 Symmacho
865 1984 1075 2081 Apostolicae
1092 1985 1184 2059 sedis
1209 1986 1374 2085 praesulis
1397 1985 1442 2058 ab
1458 1984 1518 2059 ad·

293 2099 463 2175 versariis
480 2098 594 2198 ipsius
608 2098 819 2174 dicebantur
832 2098 999 2199 impingi,
1012 2099 1208 2173 secundum
1222 2099 1415 2173 concilium
1428 2098 1520 2172 iudi·

293 2222 403 2301 caret,
421 2213 579 2309 Liguria
596 2223 632 2288 et
648 2212 788 2286 Emiliae
804 2211 969 2311 episcopi,
986 2236 1049 2286 seu
1067 2211 1302 2287 venetiarum
1327 2235 1519 2308 suggesse·

292 2336 378 2401 runt
395 2325 561 2425 principi,
578 2325 694 2423 ipsum
712 2325 774 2424 qui
792 2322 976 2400 dicebatur
993 2323 1149 2423 impetus
1161 2324 1323 2399 debuisse
1336 2326 1514 2423 synodum

291 2462 498 2528 convocare,
515 2439 670 2516 scientes
687 2439 771 2537 quia
789 2437 867 2512 eius
884 2437 957 2513 sedi
975 2439 1132 2537 primum
1151 2437 1249 2512 Petri
1269 2438 1428 2536 Apostoli
1445 2463 1518 2513 me·

292 2553 415 2644 ritum,
430 2555 490 2630 rel
507 2554 758 2654 principatum,
774 2553 900 2629 deinde
917 2541 1043 2626 secuta
1058 2549 1252 2625 iussionem
1275 2550 1416 2625 Domini
1434 2574 1517 2625 con·

291 2666 457 2742 ciliorum
474 2669 757 2744 venerandorum
771 2664 965 2741 auctoritas
979 2664 1202 2760 singularem
1216 2664 1254 2738 in
1267 2664 1430 2740 ecclesiis
1443 2673 1516 2738 tra-

269 2770 275 2780 ’
291 2779 381 2855 didit
397 2792 616 2879 potestatem.
629 2785 704 2856 Nec
720 2779 899 2855 antedicta
917 2776 1010 2852 sedis
1026 2777 1225 2852 antistitem
1240 2778 1418 2852 minorum
1434 2778 1517 2852 sub·

291 2891 445 2969 iacuisse
461 2893 602 2968 iudicio.
620 2897 666 2968 Et
682 2893 787 2967 infra.
804 2891 860 2967 Ad
876 2890 943 2967 hoc
961 2891 1211 2967 serenissimus
1233 2895 1317 2981 Rex,
1336 2893 1407 2967 Deo
1424 2891 1518 2990 aspi·

291 3015 393 3082 rante
410 3007 598 3106 respondit,
615 3006 654 3081 in
670 3004 835 3105 synodali
852 3029 929 3081 esse
949 3004 1107 3093 arbitrio,
1124 3007 1162 3079 in
1179 3014 1278 3080 tanto
1295 3006 1438 3102 negotio
1462 3031 1517 3081 se·

290 3118 430 3216 quenda
448 3118 685 3219 praescribere.
703 3121 779 3193 Nec
795 3117 932 3214 aliquid
949 3118 993 3191 ad
1010 3142 1059 3207 se,
1076 3127 1204 3217 preter
1222 3119 1454 3193 reverentiam
1470 3119 1515 3193 de

289 3229 544 3307 ecclesiasticis
560 3230 715 3327 negotiis
740 3230 926 3328 pertinere.
952 3231 1190 3306 Committens
1214 3230 1320 3306 etiam
1347 3220 1514 3330 potestati

289 3343 508 3440 pontificum,
525 3343 602 3420 sive
616 3344 833 3442 propositum
850 3343 988 3419 vellent
999 3344 1124 3419 audire
1141 3337 1338 3440 negotium,
1351 3344 1429 3420 siva
1441 3345 1518 3434 nol·
1626 3422 1632 3432 ,

288 3454 376 3543 lent,
392 3455 486 3554 quod
504 3457 621 3553 magis
638 3465 808 3554 putarent
825 3463 866 3529 ut
884 3455 945 3532 ille
969 3457 1217 3548 deliberarent,
1242 3457 1429 3533 dummodo
1453 3482 1516 3533 ve·

289 3568 437 3641 uerendi
455 3569 655 3667 provisione
671 3568 815 3645 concilii
830 3592 899 3666 pax
911 3571 949 3644 in
962 3571 1112 3647 civitate
1126 3574 1283 3647 Romana
1296 3572 1449 3647 daretur.
1467 3576 1515 3648 Et

289 3691 503 3780 postpauca.
520 3683 762 3758 Invitavimus
779 3685 952 3758 Senatum
966 3683 1228 3782 amplissimum
1242 3683 1340 3782 quali
1354 3685 1516 3783 oportuit

288 3795 467 3892 legatione
476 3793 615 3873 destina
626 3797 704 3897 (ric)
714 3807 896 3873 monentes
905 3796 1177 3885 etinstruentes,
1187 3796 1396 3894 Symmachi
1407 3800 1515 3894 Papoe

287 3931 415 3983 causas
432 3911 498 3986 Dei
514 3910 628 4008 ipsius
644 3933 721 3986 esse
738 3909 871 3984 iudicio
888 3910 1172 3999 committendas,
1188 3908 1250 4008 qui
1268 3908 1365 3984 valet
1381 3933 1513 4011 corpus

286 4020 446 4098 occidere
462 4031 499 4097 et
515 4023 672 4097 animam
693 4025 834 4099 mittere
850 4023 889 4096 in
905 4021 1121 4118 gehennam,
1138 4022 1200 4120 qui
1219 4021 1309 4098 dicit
1326 4021 1416 4096 mihi
1432 4023 1514 4096 vin-

286 4132 418 4208 dictam
436 4157 504 4230 ego
522 4134 688 4225 retribuo,
705 4135 800 4234 apud
817 4160 920 4233 quem
940 4134 1159 4212 conscientia
1176 4134 1273 4209 nuda
1285 4144 1350 4224 est,
1362 4135 1421 4209 cui
1439 4159 1513 4210 non

285 4243 551 4321 absconduntur
567 4247 718 4322 occulta.
737 4248 905 4344 cogitare
929 4247 1121 4346 prudentes
1146 4247 1243 4321 viros
1268 4258 1413 4345 oportet,
1439 4273 1513 4323 non

285 4381 363 4433 esse
376 4356 583 4458 oviumlupi
596 4359 744 4434 insidias
758 4361 953 4458 praevidere
966 4360 1027 4435 sed
1040 4360 1201 4458 pastoris.
1215 4361 1514 4458 Apostolicaesedi

286 4468 377 4565 quod
395 4491 573 4568 possessor
588 4471 667 4546 eius
683 4472 861 4570 quondam
878 4472 1005 4547 beatus
1022 4475 1153 4547 Petrus
1170 4476 1301 4548 meruit
1322 4472 1359 4546 in
1385 4473 1515 4550 nobili·
