3608 5498
804 382 936 444 -440
961 415 1003 430 --

289 504 415 600 Itaque
431 497 567 575 sanctis
584 499 707 576 diehrm
723 498 925 575 ebdomadis
942 499 1069 577 ultime
1091 502 1221 601 quibus
1247 500 1362 579 solent
1385 501 1531 580 debito

290 639 371 690 rum
388 613 536 690 vincula
555 614 720 704 relaxari,
736 615 889 691 strident
906 626 1054 704 catenae,
1067 616 1301 716 imponuntur
1314 616 1406 692 collo
1417 616 1529 693 iuno·

291 738 448 804 centurn.
465 727 674 823 Exiguntur
698 729 874 803 immensa
900 728 1052 826 pondera
1077 730 1169 818 auri,
1193 729 1288 803 infra
1313 738 1430 805 totum
1456 729 1528 806 tri·‚

291 842 414 916 duum.
439 841 674 940 Respondent,
698 841 797 915 aliud
822 867 862 916 se
877 850 1019 916 tantum
1045 853 1110 918 aut
1126 842 1274 942 duplum
1296 843 1328 917 si
1353 853 1527 940 peteren-

288 964 348 1030 tur
361 955 504 1029 daturos
520 955 709 1029 dummodo
725 964 912 1031 servarent
928 957 1042 1033 fidem.
1057 960 1170 1032 Erant
1182 957 1277 1056 pleni
1292 982 1456 1035 carceres
1472 958 1521 1034 de

289 1067 583 1164 negotiatoribus,
609 1070 655 1142 Et
680 1059 785 1165 paulo
810 1078 897 1165 post.
922 1070 1114 1146 Honoratis
1139 1071 1254 1147 multa
1286 1071 1524 1147 minabantur

289 1179 519 1278 gravissima,
537 1180 608 1254 uisi
626 1179 812 1256 basilicam
829 1182 1020 1258 traderent.
1038 1185 1240 1261 Convenior
1256 1186 1331 1284 ipse
1343 1209 1365 1258 a
1378 1184 1525 1260 comiti-

288 1295 356 1370 bus
373 1305 408 1371 et
425 1293 590 1383 tribunis,
608 1303 650 1369 ut
667 1318 733 1390 per
749 1319 806 1369 me
824 1295 926 1371 fieret
943 1307 1085 1371 matura
1106 1297 1266 1374 basilicae
1281 1296 1435 1374 traditio.
1453 1298 1520 1371 Di-

289 1409 455 1487 centibus
471 1410 720 1508 imperatorem
735 1407 814 1483 iure
827 1432 891 1483 suo
904 1411 1063 1499 iussisse,
1076 1422 1187 1510 utque
1200 1411 1237 1484 in
1253 1420 1423 1510 potestate
1435 1408 1520 1485 eius

289 1533 419 1613 essent,
435 1521 556 1597 omnia
580 1520 672 1596 tradi
698 1521 832 1597 debere.
857 1524 1043 1621 Respondi.
1069 1523 1108 1598 si
1133 1549 1155 1597 a
1181 1549 1237 1598 me
1262 1534 1398 1624 poteret
1422 1526 1521 1623 quod

288 1662 408 1713 meum
426 1645 490 1726 est,
509 1659 652 1710 menon
669 1635 948 1732 refragaturum,
965 1662 1183 1737 quamquam
1200 1638 1319 1712 omnia
1337 1662 1417 1735 quaa
1434 1662 1520 1714 mea

288 1760 386 1841 sunt,
404 1773 600 1848 pauperum
615 1749 698 1824 sint.
712 1753 849 1824 Verum
867 1776 909 1826 ea
927 1775 1007 1848 quaa
1024 1750 1147 1826 divina
1163 1762 1260 1836 sunt,
1277 1750 1519 1848 imperatoriae

290 1865 457 1966 potestati
474 1889 543 1939 non
562 1889 639 1940 esse
655 1864 825 1940 subiecta.
842 1868 890 1939 Et
907 1865 1011 1963 paulo
1028 1874 1115 1962 post.
1132 1865 1355 1961 Exigebatur
1367 1889 1389 1938 a
1403 1889 1458 1938 rne
1473 1876 1518 1939 ut

287 1989 552 2079 compescerent
568 1978 748 2079 populum.
771 1978 977 2054 Refercham
1005 1980 1042 2052 in
1069 2003 1146 2054 meo
1171 1978 1249 2053 iure
1274 2002 1351 2054 esse
1377 1988 1418 2053 ut
1444 2001 1518 2052 non

289 2095 494 2184 excitarem,
512 2095 550 2168 in
567 2095 634 2169 Dei
653 2120 762 2167 manu
781 2103 821 2168 ut
837 2092 1034 2188 mitigaret.
1052 2096 1098 2168 Et
1115 2092 1221 2191 paulo
1237 2101 1324 2191 post.
1343 2098 1436 2166 Ante
1461 2090 1519 2166 ln·

287 2235 367 2286 cem
384 2218 580 2306 occupatur
596 2208 759 2297 ecclesia,
776 2207 812 2281 id
829 2208 922 2305 quod
939 2233 960 2281 a
978 2207 1156 2301 militibus
1181 2205 1406 2304 imperatoris
1430 2206 1518 2281 diei-

288 2335 350 2400 tur
368 2322 589 2412 mandatum,
606 2332 647 2396 ut
660 2322 691 2396 si
705 2322 843 2420 prodire
860 2320 981 2410 vellet,
998 2319 1145 2396 haberet
1161 2320 1309 2418 copiam,
1330 2344 1368 2394 se
1392 2328 1516 2395 tamen

288 2447 416 2536 praesto
432 2437 572 2511 futuros
590 2435 619 2510 si
634 2435 792 2510 viderint
804 2460 887 2510 eurn
901 2459 984 2509 cum
999 2434 1185 2510 catholicis
1198 2433 1399 2508 convenire.
1419 2431 1517 2507 Alio-

287 2550 374 2650 quin
393 2575 431 2626 se
447 2550 492 2624 ad
509 2574 592 2624 eum
611 2558 730 2624 cetum
748 2573 854 2647 quem
883 2547 1092 2622 Ambrosius
1117 2557 1262 2643 cogeret
1287 2547 1514 2620 transituros

291 2663 436 2739 Prodire
453 2664 495 2739 de
515 2662 680 2737 Arrianis
697 2662 822 2737 nullus
839 2662 1002 2751 audebat,
1019 2662 1103 2761 quia
1121 2687 1188 2737 nec
1205 2661 1394 2760 quisquam
1409 2660 1451 2734 de
1464 2660 1515 2735 ci·

286 2778 392 2853 vibus
410 2787 499 2867 erat,
511 2776 616 2877 pauci
635 2777 677 2852 de
691 2776 827 2851 familia
842 2777 953 2873 rogia,
967 2775 1131 2851 nonnulli
1146 2776 1255 2850 etiarn
1268 2773 1387 2849 Gothi.
1400 2777 1446 2849 Et
1460 2773 1515 2848 iu-

286 2892 352 2966 fra.
366 2890 458 2978 Quid
471 2891 567 2965 enirn
582 2891 810 2990 prestantius
823 2891 938 2988 potnit
951 2890 1021 2966 dici
1035 2916 1055 2963 a
1069 2890 1286 2967 Christianis
1302 2887 1390 2961 viris
1402 2911 1513 2986 quarn

287 3006 324 3082 id
337 3007 429 3105 quod
442 3006 544 3082 hodie
559 3005 875 3107 Spiritussanctus
888 3017 943 3080 est
956 3007 1096 3081 locutus
1106 3011 1125 3081 ‘t
1136 3008 1319 3102 Rogamus
1334 3008 1514 3098 Auguste,

286 3145 356 3195 non
375 3144 590 3218 pugnamus.
607 3124 686 3195 Non
704 3120 885 3210 timemus,
910 3120 971 3195 sed
998 3144 1177 3217 rogamus,
1194 3118 1261 3194 hoc
1286 3117 1513 3194 Christianos

285 3235 398 3324 decet,
415 3245 507 3309 utet
524 3234 770 3341 tranquillitas
784 3235 892 3332 pacis,
905 3243 942 3308 ct
955 3234 1048 3321 fidei,
1064 3232 1296 3330 veritatisque
1309 3231 1512 3306 constantia

287 3373 354 3424 nec
372 3347 495 3423 mortis
513 3359 700 3423 revocetur
718 3347 886 3445 periculo.
904 3351 969 3422 Est
986 3348 1081 3423 euim
1102 3346 1233 3446 praesul
1251 3346 1424 3420 Dominus
1448 3344 1514 3445 qui

287 3463 406 3538 salvat
423 3472 608 3560 sperantes
624 3463 663 3535 in
678 3488 726 3537 se.
744 3463 813 3537 Sed
830 3462 1020 3537 veniamus
1044 3462 1088 3536 ad
1113 3461 1308 3559 propositas
1332 3459 1513 3535 lectiones

287 3581 336 3652 Et
352 3577 456 3651 iufra.
474 3580 647 3651 Toutatus
661 3587 719 3664 est
737 3576 809 3664 Iob,
823 3575 962 3650 nuntiis
978 3576 1211 3658 exacerbatus
1225 3573 1411 3661 malorum,
1424 3582 1514 3648 tem·

287 3701 408 3791 ptatus
426 3689 613 3781 malorum,
630 3700 827 3790 temptatus
844 3701 898 3767 est
916 3688 1025 3763 etiam
1050 3713 1113 3788 per
1139 3689 1326 3763 mulierem
1351 3711 1431 3785 quae
1450 3686 1513 3762 ait.

288 3807 355 3881 Dic
372 3805 506 3903 aliquid
523 3804 674 3880 verbum
692 3806 731 3878 in
750 3809 864 3881 Deum
882 3811 919 3882 et
935 3825 1080 3879 morere.
1099 3803 1226 3877 Videte
1244 3802 1282 3874 in
1295 3809 1428 3899 quanta
1454 3826 1513 3874 su·

287 3917 359 3993 bito
375 3927 575 3994 morentur.
589 3919 709 4009 Gothi,
721 3945 832 4009 arma,
845 3916 1012 4016 gentiles
1026 3918 1142 3992 Multa
1157 3926 1393 3993 mercatorum
1411 3939 1513 4013 pena.

286 4031 485 4108 Advertitis
502 4033 588 4131 quid
605 4032 782 4122 iubeatur,
807 4058 889 4109 curn
919 4032 1109 4106 mandatur
1133 4033 1274 4108 tradere
1298 4031 1514 4107 basilicam?

285 4144 353 4220 hoc
370 4146 519 4247 estllic
535 4145 574 4219 in
592 4148 707 4220 Deum
724 4145 868 4245 aliquod
886 4147 1036 4247 verbum
1058 4157 1094 4223 et
1120 4169 1266 4222 morere.
1290 4150 1371 4221 Non
1394 4145 1512 4220 solum

287 4259 345 4334 dic
361 4260 535 4335 adversus
552 4262 679 4349 Deum,
693 4261 754 4335 sod
768 4260 826 4335 iac
838 4261 1012 4337 adversus
1025 4263 1151 4336 Deum.
1164 4261 1359 4336 Mandatur
1370 4261 1512 4337 tradere

287 4372 416 4447 altaria
435 4374 510 4449 Dei.
528 4376 711 4470 Urgomur
728 4375 844 4471 igitur
869 4377 1056 4475 praeceptis
1082 4375 1361 4473 regalibus‘sed
1385 4377 1513 4450 confir-

287 4513 429 4565 mamur
445 4489 635 4589 scriptura
651 4491 885 4582 sermonibus,
901 4516 982 4591 quar
1001 4491 1188 4591 rospondit.
1214 4494 1412 4591 Tamquam
1438 4515 1514 4566 una
