3608 5498
680 431 720 446 -
745 396 810 463 269
837 431 877 447 -

686 550 864 637 LXVHII.

604 727 697 783 Idem
717 728 941 783 adcumulem.

259 864 327 938 Sed
345 864 429 961 quia
446 872 509 938 tua
526 864 733 940 fraternitas
751 865 956 941 monasterii
972 864 1110 962 regulis
1127 863 1280 953 erudita,
1297 887 1391 939 scor-

162 1001 243 1051 sum
262 978 340 1052 fieri
353 1001 423 1052 non
438 977 542 1054 debet
557 1005 579 1053 a
596 979 738 1055 clericis
755 979 841 1068 suis,
858 980 895 1052 in
909 978 1082 1055 oecclesiis
1095 978 1297 1074 Anglorum
1311 1001 1390 1075 quur

165 1099 311 1167 auctore
328 1093 401 1167 Dco
418 1117 532 1191 nuper
548 1093 592 1167 ad
610 1093 714 1169 fidem
729 1092 899 1191 perducta
911 1102 977 1183 est,
989 1091 1084 1167 hanc
1096 1092 1198 1168 debet
1211 1092 1389 1166 instruero

165 1205 471 1281 conversationem
489 1230 569 1305 quae
585 1207 623 1281 in
641 1207 743 1282 initio
760 1207 831 1282 fuit
848 1207 1010 1305 patribus
1034 1206 1178 1297 nostris,
1202 1205 1390 1305 inquibus

161 1316 285 1394 nullus
301 1343 423 1395 eorum
440 1344 484 1395 ex
500 1320 558 1395 his
575 1346 655 1420 quae
672 1321 898 1420 possidebant
918 1320 1056 1419 aliquid
1074 1346 1181 1395 suum
1203 1345 1280 1396 esse
1296 1319 1390 1395 dice·

161 1431 232 1522 bat,
249 1432 311 1508 scd
327 1441 431 1508 erant
447 1433 499 1509 eis
516 1436 635 1510 omnia
652 1436 867 1512 communia.
885 1437 923 1509 Si
941 1436 1022 1534 quis
1046 1458 1132 1511 vero
1153 1445 1240 1510 sunt
1264 1433 1390 1510 clerici

161 1554 262 1619 extra
278 1570 397 1622 sacros
413 1547 554 1623 ordines
571 1549 758 1624 constituti
776 1549 837 1648 qui
860 1574 898 1624 sc
924 1550 1108 1625 continere
1133 1573 1203 1624 non
1229 1557 1388 1648 possunt,

161 1659 280 1734 sortiri
297 1683 424 1737 uxores
440 1661 579 1752 debent,
591 1663 812 1759 exstipendia
824 1689 890 1738 sua
903 1664 1062 1739 exterius
1075 1663 1235 1762 accipere
1255 1662 1341 1760 quia
1354 1671 1391 1737 et

162 1773 205 1850 dc
221 1775 353 1851 eisdem
370 1802 391 1851 a
409 1778 570 1876 patribus
587 1779 753 1854 novimus
770 1778 955 1877 scriptum.
981 1778 1082 1866 Quod
1108 1776 1298 1852 videbatur
1320 1777 1392 1851 sin·

161 1887 262 1983 gulis
278 1899 382 1988 prout
398 1891 529 1989 cuique
546 1915 634 1991 opus
651 1901 737 1967 erat.
757 1895 808 1966 De
826 1915 947 1968 eorum
973 1915 1112 1990 quoque
1137 1890 1312 1990 stipendio
1335 1914 1391 1967 co

163 2002 354 2098 gitandum
373 2012 480 2102 atque
497 2005 754 2105 providendum
767 2015 833 2093 cst,
846 2016 882 2081 et
899 2005 966 2081 sub
983 2004 1237 2081 aecclesiastica
1263 2002 1392 2099 regula

164 2126 250 2191 sunt
266 2117 421 2192 tenendi.
439 2121 489 2193 Ut
504 2118 606 2194 bonis
623 2118 781 2193 moribus
798 2118 927 2194 vivant
943 2127 978 2194 et
995 2119 1166 2194 canendis
1178 2116 1326 2221 psalmis
1339 2118 1393 2191 in·

163 2229 330 2326 vigilent,
347 2240 383 2306 et
399 2230 444 2305 ab
456 2231 622 2307 omnibus
635 2231 774 2307 illicitis
786 2257 845 2309 cor
859 2243 895 2309 et
906 2232 1035 2328 lingua
1048 2242 1084 2308 et
1096 2257 1225 2332 corpus
1244 2235 1317 2306 Deo
1329 2256 1392 2304 au·

164 2353 260 2419 ctore
278 2356 500 2421 conservent.
518 2346 707 2423 Communi
725 2356 845 2422 autem
864 2348 941 2422 vita
957 2347 1166 2423 viventibus
1183 2346 1254 2420 iam
1273 2345 1315 2420 de
1340 2346 1358 2420 f
1377 2388 1392 2401 ·

164 2457 300 2532 ciendis
318 2459 537 2556 portionibus
555 2461 613 2536 vel
630 2460 828 2536 exhibenda
844 2460 1088 2560 hospitatitate
1106 2472 1142 2537 et
1166 2460 1392 2558 adimplenda

166 2570 267 2645 nobis
285 2571 526 2647 misericordia
543 2574 635 2672 quod
652 2575 720 2650 erit
738 2573 952 2672 loquendum
970 2599 1053 2650 cum
1067 2598 1170 2651 omne
1187 2575 1279 2674 quod
1292 2599 1394 2673 supe

165 2693 238 2783 rest
253 2683 292 2758 iu
308 2687 428 2760 causis
445 2687 515 2785 piis
530 2712 574 2763 ac
592 2687 771 2785 religiosis
792 2687 1013 2784 erogandum
1030 2696 1094 2764 cst.
1111 2690 1261 2764 Domino
1278 2687 1393 2786 magi·

163 2808 238 2874 stro
263 2799 424 2874 omnium
450 2800 609 2877 docente.
630 2800 732 2888 Quod
756 2810 929 2899 superest,
954 2801 1036 2877 date
1061 2801 1331 2900 helemosynam
1356 2811 1393 2878 et

165 2935 248 2987 ecoe
265 2912 384 2987 omnia
402 2913 534 2988 munda
552 2921 639 2987 suut
654 2911 764 2988 vobis.

723 3079 826 3163 LXX.

262 3252 461 3349 Gregorius
473 3254 631 3327 Romano
643 3251 819 3326 defensori
833 3251 977 3327 Sicilire.
987 3251 1162 3327 Pervenit
1170 3252 1215 3328 ad
1228 3253 1393 3351 nosquod

166 3367 197 3439 si
219 3366 301 3463 quis
318 3375 441 3442 contra
459 3363 635 3464 quoslibet
650 3364 799 3440 clericos
823 3363 964 3453 habeat,
984 3364 1159 3464 despectis
1176 3387 1298 3440 eorum
1320 3365 1392 3465 epi-

167 3480 292 3577 scopis,
309 3480 448 3556 eosdem
465 3479 616 3556 clericos
633 3479 672 3553 in
689 3488 750 3554 tuo
767 3479 881 3554 facias
899 3479 1036 3554 iudicio
1052 3479 1222 3555 exhiberi.
1242 3479 1343 3567 Quod
1361 3479 1393 3552 si

169 3593 220 3666 ita
245 3603 310 3683 cst,
327 3593 417 3669 vade
441 3618 518 3670 esse
536 3602 676 3668 constat
693 3593 947 3688 incongruum.
964 3596 1012 3668 Et
1024 3593 1102 3669 ideo
1113 3592 1183 3669 hac
1196 3592 1261 3668 tibi
1274 3601 1392 3667 aucto·

169 3707 275 3782 ritate
300 3707 538 3808 proecipimuS,
554 3717 597 3783 ut
612 3708 680 3783 hoc
696 3706 813 3782 denuo
829 3708 948 3784 facere
964 3731 1034 3784 non
1052 3733 1257 3808 praesumas.
1276 3706 1345 3782 Sed
1362 3705 1393 3779 si

167 3821 247 3918 quis
268 3830 393 3897 contra
414 3820 610 3919 quemlibet
630 3819 803 3897 clericum
820 3844 966 3896 causam
989 3820 1168 3910 habuerit,
1188 3819 1393 3918 episcopum

166 3935 280 4032 ipsius
295 3934 410 4024 adeat,
428 3945 469 4009 ut
485 3943 550 4009 cut
566 3933 641 4033 ipso
658 3941 863 4029 cognoscat,
880 3942 945 4008 aut
965 3943 1062 4009 certe
1088 3933 1132 4008 ab
1157 3933 1233 4031 ipso
1257 3932 1394 4007 iudices

165 4048 391 4145 deputentur.
409 4051 485 4122 Aut
500 4047 531 4121 si
549 4047 700 4121 fortasse
714 4045 759 4119 ad
777 4045 930 4122 arbitros
947 4046 1106 4122 eundum
1124 4055 1189 4134 est,
1206 4054 1326 4144 partes
1349 4044 1395 4120 ad

167 4160 375 4256 eligendum
388 4159 434 4234 ab
447 4160 523 4259 ipso
535 4159 681 4235 excutio
693 4158 861 4257 deputata
874 4158 1072 4259 compellat.
1082 4158 1121 4232 Si
1134 4158 1215 4256 quis
1228 4180 1313 4234 vero
1325 4157 1394 4233 cle·

168 4273 266 4349 ricus
293 4273 352 4349 vel
370 4273 486 4349 laicus
503 4282 627 4350 contra
649 4272 852 4370 episcopum
879 4297 1026 4349 causam
1050 4271 1228 4362 habuerit,
1253 4282 1342 4347 tunc
1358 4280 1395 4346 te

167 4388 391 4485 interponere
407 4387 524 4476 debes,
540 4396 582 4462 ut
595 4387 690 4462 inter
707 4409 767 4462 eos
783 4394 848 4461 aut
864 4385 940 4485 ipso
953 4407 1159 4482 cognoscas,
1172 4394 1237 4460 aut
1248 4393 1345 4460 certe
1358 4393 1394 4459 te

166 4498 388 4589 admonente,
405 4499 473 4575 sibi
490 4498 628 4576 iudices
645 4498 794 4596 eligant.
811 4500 906 4574 Nam
923 4496 995 4572 uisi
1012 4520 1078 4571 sua
1101 4495 1298 4595 unicuique
1322 4495 1394 4593 epi·
