3608 5498
812 597 988 683 LXXIIII.

690 805 740 856 Ex
757 813 825 867 reg.
845 800 921 854 v111
942 799 1104 853 Iohannis.

381 975 555 1051 Iohannes
571 975 768 1072 Episcopus
785 968 1085 1047 reverentissimis
1106 977 1143 1044 et
1166 968 1406 1045 sanctissimis
1429 993 1511 1045 con·

289 1088 462 1190 fratribus
479 1087 611 1164 uostris
629 1086 817 1161 Adelfredo
831 1083 1107 1160 Cantuariorum
1121 1092 1158 1158 et
1170 1082 1344 1158 Vulfredo
1356 1082 1512 1160 Eboraci

288 1200 586 1301 Archiepiscopis,
599 1223 662 1274 seu
675 1198 839 1273 omnibus
853 1196 1048 1297 Episcopis,
1061 1195 1287 1294 Presbyteris
1303 1205 1340 1271 et
1357 1196 1512 1272 diaconi·

285 1315 354 1390 bus
370 1322 406 1389 et
418 1311 599 1386 universis
613 1311 754 1386 clericis
766 1335 829 1410 per
845 1309 1045 1405 Anglorum
1060 1308 1211 1406 patriam
1226 1308 1442 1383 constitutis
1454 1313 1511 1384 In·

286 1437 341 1503 ter
358 1434 486 1501 cetera.
503 1423 745 1520 congregatis
761 1423 882 1520 itaque
899 1421 1066 1497 omnibus
1081 1421 1284 1518 Anglorum
1297 1421 1512 1521 proceribus,

288 1540 351 1638 qui
369 1548 457 1615 tuuc
474 1538 518 1612 ad
534 1537 679 1613 beatum
697 1539 844 1611 Petrum
861 1534 1040 1632 degebant
1058 1535 1267 1634 Apostolum
1286 1544 1364 1634 post
1380 1534 1511 1610 alteru·

287 1663 425 1728 trorum
442 1651 599 1750 partium
613 1673 792 1746 congruas
809 1649 1091 1725 ratiocinationis
1115 1648 1315 1748 apostolicae
1331 1649 1510 1723 sententia

288 1789 401 1863 usque
426 1764 511 1838 adeo
528 1763 622 1838 sedis
639 1762 841 1861 praevaluit,
864 1773 907 1838 ut
931 1763 1133 1839 voluntarie
1157 1787 1281 1839 omnes
1306 1761 1509 1859 Anglorum

287 1877 411 1954 clerici
425 1876 491 1952 sub
503 1875 591 1975 ipsis
604 1875 745 1972 vigiliis
762 1877 880 1950 sancti
897 1878 1065 1975 Gregorii
1083 1877 1246 1954 laicalem
1265 1888 1301 1953 et
1313 1879 1510 1968 sinuosum,

288 1993 349 2068 sed
366 2001 402 2067 et
419 2000 563 2067 curtum
580 1989 743 2065 habitum
756 1990 981 2089 deponentes,
997 1992 1130 2067 talares
1147 1991 1290 2067 tunicas
1311 1993 1510 2069 secundum

287 2110 487 2182 Romanum
505 2128 638 2179 morem
655 2103 855 2194 induerent,
872 2105 982 2178 huius
1000 2105 1052 2179 rei
1070 2104 1190 2200 gratia
1207 2104 1292 2201 quia
1305 2114 1341 2179 et
1356 2127 1416 2179 vos
1432 2104 1511 2205 pari

287 2222 387 2297 modo
403 2221 442 2294 in
458 2227 591 2294 sanctae
607 2217 768 2294 ecclesiae
785 2228 914 2294 nostrae
931 2242 1073 2319 corpore
1095 2218 1210 2294 veluti
1235 2219 1376 2318 propria
1401 2244 1511 2295 mem-

287 2335 351 2410 bra
365 2332 644 2432 complectimus,
658 2355 720 2429 pro
736 2330 949 2429 deponendis
965 2329 1155 2405 laicalibus
1172 2332 1397 2406 vestimentis
1409 2342 1445 2408 et
1459 2356 1511 2407 re·

286 2447 469 2523 sumendis
486 2444 713 2520 clericalibus
728 2444 856 2519 infulis
873 2444 1069 2521 secundum
1083 2448 1250 2520 Romanae
1263 2445 1426 2521 ecclesia
1439 2468 1511 2521 mo·

292 2583 367 2634 rem
384 2556 596 2633 auctoritate
613 2556 804 2657 apostolica
821 2581 1016 2633 monemus.

835 2758 972 2844 lxxv.

716 2965 765 3016 Ex
782 2965 875 3018 Rom.
894 2963 1083 3017 Pontifloali.

385 3126 552 3204 Clemens
569 3128 712 3203 natione
729 3130 912 3203 Romanus
928 3127 1015 3203 fecit
1039 3129 1109 3202 VH
1135 3128 1299 3225 regiones
1323 3127 1435 3202 dividi
1451 3150 1511 3201 no

289 3242 393 3317 tariis
410 3240 573 3316 fidelibus
590 3242 770 3332 acclesiae,
791 3243 852 3339 qui
865 3252 967 3338 gesta
988 3252 1192 3342 martyrum
1214 3242 1366 3319 sollicite
1390 3253 1427 3319 et
1451 3267 1512 3318 cu·

289 3355 379 3430 riose
397 3355 643 3453 uuusquisque
660 3380 723 3453 per
741 3357 924 3452 regionem
941 3380 1045 3430 suam
1062 3355 1257 3453 diligenter
1278 3357 1508 3456 perquireret.

382 3473 472 3544 Item
491 3470 674 3546 Antherus
686 3471 829 3545 natione
846 3494 988 3567 graecus
1009 3480 1113 3566 gesta
1138 3481 1340 3570 martyrum
1357 3471 1510 3569 diligen·

292 3591 347 3658 ter
364 3608 385 3656 a
400 3583 550 3659 notariis
566 3584 733 3682 quesivit
750 3593 786 3660 et
803 3583 841 3658 in
858 3583 1020 3661 {ecclesia
1038 3584 1243 3661 recondidit.

714 3757 716 3760 ‘
831 3809 983 3896 curu.

388 4034 579 4113 Eraristus
604 4036 746 4112 natione
769 4059 911 4134 graecus
928 4036 1053 4113 titulos
1072 4039 1111 4112 iu
1132 4038 1227 4134 Urbe
1248 4041 1368 4114 Roma
1386 4038 1511 4115 divisit

290 4149 517 4249 Presbyteris
534 4160 569 4226 et
587 4154 657 4226 VII
675 4152 842 4227 Diaconis
860 4150 1039 4228 ordinavit
1052 4151 1115 4249 qui
1132 4151 1353 4227 custodirent
1369 4152 1510 4250 Episco-

288 4288 374 4364 pum
392 4263 654 4360 praedicantem,
671 4274 813 4365 propter
831 4263 1022 4340 stimulum
1040 4265 1215 4340 veritatis.
