3608 5498
672 402 869 466 -395-

158 547 282 599 mensa
298 548 365 597 sua
380 523 593 599 accensione
617 523 809 612 deferveat,
826 521 926 621 prius
951 521 1046 598 intra
1062 524 1293 623 semetipsum
1311 526 1379 602 zeli

156 637 213 712 sui
231 637 403 735 impetum
421 636 618 735 tranquilla
635 637 840 736 aequitatem
857 645 1053 737 componat,
1069 661 1114 712 ne
1140 637 1171 711 si
1195 637 1240 713 ad
1264 637 1377 713 animi

156 750 373 827 advertenda
391 749 481 825 vitia
497 751 648 850 abrupto
665 752 785 826 furore
797 750 987 838 trahimur,
997 762 1183 849 peccatum
1197 753 1379 849 corrigen-

156 864 199 937 do
217 878 416 962 peccemus,
433 874 469 939 et
485 865 547 962 qui
563 865 706 964 culpam
724 864 949 941 diiudicando
966 866 1200 965 insequimur,
1212 866 1379 943 immode-

156 988 232 1053 rate
245 977 401 1052 feriendo
413 976 588 1052 faciamus
600 979 693 1077 quod
706 979 777 1052 iam
792 1002 863 1054 non
876 992 930 1057 est
942 981 1116 1080 correptio
1125 981 1377 1081 delinquentis,

156 1092 218 1167 sed
236 1091 355 1187 magis
379 1090 566 1188 oppressio.
583 1093 626 1166 In
646 1093 864 1170 correctione
882 1095 1011 1195 quippe
1036 1096 1206 1171 vitiorum
1233 1095 1378 1171 subesse

157 1206 270 1281 menti
287 1204 390 1281 debet
406 1204 594 1281 iracundia
611 1230 683 1283 non
700 1231 859 1305 praeesse.

680 1372 870 1459 LXXVIII.

251 1544 449 1642 Gregorius
465 1545 503 1618 iu
521 1547 610 1622 XXI
627 1545 716 1623 libro
735 1548 932 1623 moralium.
944 1548 1129 1647 Numquid
1145 1548 1315 1646 alligabis
1333 1548 1380 1623 ri·

156 1670 345 1736 noceronta
362 1660 406 1734 ad
423 1661 596 1735 arandum
615 1659 688 1735 loro
709 1665 798 1737 tuo?
815 1661 889 1735 lora
907 1672 993 1737 sunt
1017 1663 1177 1739 ecclesian
1202 1672 1377 1761 praecepta

155 1772 362 1871 disciplinae.
379 1778 490 1849 Arare
508 1796 592 1848 vcro
607 1783 662 1849 est
679 1799 741 1871 per
759 1777 1019 1873 predicationis
1045 1777 1205 1853 studium
1227 1776 1378 1852 humani

155 1887 308 1987 pectoris
324 1897 456 1962 terram
474 1910 616 1962 vomere
633 1887 770 1984 linguae
798 1890 1033 1989 proscindere,
1052 1890 1112 1966 hio
1140 1890 1261 1989 itaque
1288 1890 1380 1966 rino·

156 2025 260 2076 cerus
276 1999 368 2075 idest
383 2010 548 2075 terrenus
565 1999 729 2098 princeps
746 2026 817 2078 non
834 2003 950 2078 solum
968 2002 1105 2100 ligatus
1118 2014 1183 2095 est,
1195 2004 1258 2079 sed
1270 2003 1379 2078 etiam

155 2115 200 2189 ad
216 2114 390 2188 arandum
411 2112 550 2210 ligatus
574 2114 658 2212 quia
683 2114 851 2192 videlicet
875 2116 1073 2214 disciplinae
1098 2116 1183 2192 loris
1207 2117 1380 2193 astrictus

156 2251 227 2301 non
241 2225 356 2301 solum
370 2251 408 2301 se
420 2251 441 2299 a
455 2227 576 2323 pravis
588 2227 752 2324 operibns
766 2231 908 2318 retinet,
923 2230 985 2305 sod
998 2230 1106 2306 ctiam
1119 2255 1204 2306 cum
1217 2240 1379 2306 sanctam

157 2344 262 2418 fidem
281 2340 425 2440 prolatis
442 2341 585 2438 legibus
602 2341 794 2440 praedicare
812 2366 881 2417 non
908 2353 1034 2434 cessat,
1059 2342 1143 2441 quid
1168 2341 1267 2416 aliud
1293 2342 1381 2418 facit

156 2457 225 2531 nisi
242 2457 334 2555 quod
351 2457 462 2531 aratri
480 2457 658 2532 laboribus
675 2459 808 2533 sudat?
826 2456 958 2532 Timeri
973 2456 1041 2530 iste
1055 2457 1238 2531 rinocerus
1250 2455 1380 2556 poterit

160 2570 231 2645 nisi
248 2570 384 2667 ligatus
401 2579 504 2645 esset.
522 2570 641 2646 Cornu
656 2570 784 2672 quippe
801 2571 919 2661 habat,
936 2571 997 2647 sed
1014 2570 1152 2667 ligatus
1168 2581 1233 2660 est,
1246 2569 1379 2646 habent

160 2708 248 2782 ergo
260 2684 297 2758 in
312 2684 396 2760 loris
409 2685 487 2759 eius
500 2685 592 2783 quod
606 2683 761 2760 humiles
774 2687 939 2782 diligant,
951 2685 1084 2761 habent
1101 2687 1139 2759 in
1157 2708 1268 2760 cornu
1286 2683 1380 2783 qnod

157 2798 241 2874 elati
252 2798 514 2895 pertimescant.
527 2798 683 2874 Strictus
696 2799 792 2875 enim
804 2800 889 2874 loris
901 2809 1022 2875 servat
1036 2799 1202 2897 pietatem
1216 2822 1380 2872 mansuu-

161 2912 309 3002 tudinis,
322 2912 383 2986 sed
396 2913 510 2986 fultus
521 2924 673 2989 terrenae
689 2913 814 3011 gloriae
826 2922 966 2989 exercet
978 2912 1174 2987 dominium
1187 2911 1380 3010 potestatis.

158 3031 205 3102 Et
223 3027 326 3101 infra.
343 3027 522 3125 Sequitur.
541 3032 615 3104 Aut
631 3029 836 3122 confringet
853 3027 977 3122 glebas
995 3025 1146 3099 vallium
1165 3035 1241 3122 post
1258 3034 1303 3101 te.
1317 3027 1377 3098 So·

158 3142 234 3216 lent
250 3141 369 3216 exulte
386 3151 491 3216 terrae
507 3141 772 3240 superiacentes
788 3142 905 3237 glabra
922 3141 1053 3215 iactata
1067 3140 1205 3214 semina
1219 3163 1379 3237 premere

157 3267 192 3332 et
209 3255 393 3331 nascentia
410 3255 592 3331 suffocare.
609 3256 747 3343 Quibus
771 3254 888 3351 glebis
912 3255 978 3329 hoc
1003 3254 1077 3329 loco
1099 3253 1155 3327 illi
1172 3254 1380 3349 signantur,

158 3369 220 3469 qui
234 3393 295 3466 por
308 3367 478 3443 duritiam
492 3393 595 3442 suam
608 3378 715 3466 atque
729 3367 937 3466 pestiferum
952 3367 1065 3441 vitam
1079 3391 1146 3441 nec
1158 3366 1226 3464 ipsi
1239 3365 1378 3441 semina

159 3483 257 3560 verbi
277 3482 466 3580 recipiunt,
483 3507 550 3558 nec
568 3493 789 3580 receptorum
806 3481 984 3556 seminum
1007 3482 1150 3557 fructus
1174 3481 1262 3555 alios
1285 3480 1380 3555 serre

158 3595 382 3694 permittunt.
400 3599 446 3670 Et
464 3594 568 3668 infra.
586 3594 694 3669 Multi
712 3620 865 3694 namque
892 3595 931 3669 in
956 3595 1070 3671 medio
1094 3594 1286 3669 humilium
1310 3594 1380 3668 fra·

159 3721 256 3785 trum
274 3708 389 3806 positi,
406 3709 508 3783 fidem
529 3709 635 3784 verbo
655 3718 762 3784 tenus
779 3719 913 3800 tenent,
937 3710 998 3785 sed
1023 3710 1107 3784 dum
1133 3707 1299 3783 elationis
1322 3718 1381 3806 ty-

159 3850 244 3924 pum
263 3846 331 3898 non
349 3821 520 3898 deserunt
536 3822 620 3897 dum
639 3848 727 3922 quos
743 3849 843 3924 posse
867 3824 979 3900 illatis
998 3822 1179 3899 violentiis
1204 3832 1381 3921 premunt,

160 3941 245 4015 dum
264 3937 566 4014 fructificantibus
582 3937 663 4013 aliis
679 3938 747 4037 ipsi
764 3929 989 4040 nequaqnam
1012 3938 1150 4014 semina
1166 3936 1267 4013 verbi
1293 3936 1382 4013 reci·

160 4056 276 4154 piunt,
293 4054 354 4129 sed
371 4051 415 4126 ab
432 4053 627 4128 exortantis
644 4078 730 4128 voce
748 4071 872 4127 aurem
890 4052 1005 4128 cordis
1021 4059 1204 4138 avertunt,
1217 4048 1278 4124 isti
1295 4048 1381 4147 quid

160 4166 257 4240 alind
277 4191 383 4264 quam
400 4165 581 4241 obduratae
597 4165 712 4262 glebae
729 4167 767 4239 in
784 4166 939 4241 exaratis
959 4165 1115 4239 vallibus
1128 4163 1273 4239 iacent?
1286 4163 1381 4249 Quid

162 4303 203 4354 eo
219 4279 405 4377 nequiores
418 4289 515 4369 sunt,
528 4303 597 4377 quo
609 4303 676 4355 nec
694 4279 761 4377 ipsi
778 4280 995 4355 humilitatis
1013 4279 1169 4353 fructum
1195 4277 1381 4376 proferunt

163 4404 199 4468 et
216 4392 308 4491 quod
324 4405 379 4468 est
397 4393 555 4469 deterius
572 4387 790 4492 proferentes
807 4392 965 4468 humiles
982 4401 1159 4491 premunt.
1176 4391 1232 4465 Ad
1253 4390 1381 4465 horum

164 4507 336 4583 duritiam
349 4507 612 4586 dissolvendam
627 4530 895 4610 nonnumquam
909 4515 1035 4584 sancta
1047 4504 1197 4585 ecclesia
1209 4504 1294 4607 quia
1306 4527 1382 4603 pro·
