3608 5498
919 408 1050 475 —254
1075 440 1116 456 -

932 626 1112 712 XXXlIlI.

625 834 674 884 Ex
694 832 834 898 epistole
851 834 954 899 Papae
972 833 1090 886 Leonis
1106 833 1203 898 primi
1220 843 1293 900 cap.
1312 831 1407 885 XLV.

503 995 571 1069 Leo
584 996 681 1092 Papa
694 992 874 1070 universis
887 995 1071 1095 Episcopis
1084 1019 1146 1094 per
1159 993 1319 1071 Siciliam
1334 994 1550 1070 constitutis.
1564 996 1631 1070 Oc·

408 1106 548 1182 cesione
565 1106 777 1206 specialium
795 1108 1031 1207 querelarum
1050 1133 1176 1185 curam
1195 1108 1294 1183 vebis
1313 1106 1545 1206 providentiae
1569 1131 1631 1205 ge·

408 1219 579 1296 moraliter
595 1219 742 1312 indicat,
759 1229 801 1296 ut
813 1221 904 1319 quod
918 1221 956 1295 in
969 1221 1107 1298 duabus
1120 1221 1318 1320 provinciis
1330 1219 1367 1295 in
1382 1221 1553 1298 aecclesiis
1566 1221 1632 1294 im·

407 1333 513 1432 probe
521 1345 676 1432 gestum,
689 1335 892 1434 iniusteque
902 1345 1159 1437 praesumptum
1169 1344 1234 1426 est,
1243 1335 1279 1411 id
1291 1335 1543 1412 constitutione
1555 1358 1632 1432 per·

409 1458 517 1547 petua
534 1450 578 1527 ab
594 1451 755 1526 omnium
773 1451 1015 1550 episcoporum
1034 1449 1264 1548 usurpatione
1282 1473 1494 1526 resecemus.
1516 1451 1562 1523 Et
1579 1448 1632 1521 in-

409 1562 474 1637 fra.
484 1564 568 1640 Sine
577 1566 784 1663 exceptione
796 1565 1034 1655 decernimus,
1042 1589 1087 1639 ne
1101 1563 1182 1661 quis
1194 1563 1391 1661 Episcopus
1403 1562 1447 1638 de
1459 1561 1632 1639 eecclesiae

408 1701 484 1751 suae
501 1679 608 1754 rebus
623 1680 754 1755 audeat
770 1679 963 1777 quicquam
982 1678 1040 1754 vel
1065 1678 1206 1766 donare,
1231 1676 1290 1751 vel
1315 1684 1547 1765 commutare,
1571 1673 1631 1750 vel

412 1790 577 1883 vendere,
593 1792 663 1867 nisi
681 1793 771 1868 forte
789 1793 839 1867 ita
856 1791 992 1890 aliquid
1008 1791 1134 1867 borum
1153 1790 1274 1881 faciat,
1286 1802 1327 1867 ut
1342 1790 1486 1866 meliora
1500 1789 1633 1889 prospi-

409 1903 493 1995 ciat,
518 1913 653 1981 etcum
671 1906 782 1981 totius
799 1906 921 1982 elerici
938 1913 1096 1980 tractatu
1113 1913 1221 2002 atque
1246 1927 1423 1981 consensu
1445 1903 1480 1980 id
1506 1903 1632 2000 eligat,

410 2018 503 2117 quod
520 2042 590 2095 non
607 2020 656 2096 sit
671 2019 821 2097 dubium
838 2018 1008 2098 aeoclesiae
1025 2017 1264 2116 profuturum.

958 2219 1095 2305 XXXV.

907 2415 1143 2470 Eiusdem.

506 2577 972 2676 LeollpiscopusMarciano
986 2583 1161 2673 Augusto.
1174 2574 1373 2671 Privilegia
1386 2575 1630 2652 aeclesiarum

411 2689 974 2781 etmouasteiiorum,sanctorum
985 2700 1124 2787 patrum
1137 2688 1349 2765 auctoritate
1363 2689 1541 2779 instituta,
1555 2688 1635 2763 nul·

410 2802 447 2876 la
463 2812 611 2902 possunt
627 2803 853 2904 improbitate
870 2802 1036 2894 convelli,
1052 2802 1154 2878 nulla
1171 2804 1329 2879 novitate
1348 2803 1490 2879 mutari.
1507 2807 1549 2878 In
1564 2826 1634 2902 quo

410 2938 525 3015 opere,
544 2917 745 2993 auxiliante
766 2920 850 3009 Deo,
871 2916 1023 2993 fideliter
1043 2917 1258 3016 exequendo,
1278 2941 1422 2994 necesse
1444 2927 1498 2993 est
1521 2916 1632 2992 huius

412 3038 546 3107 sanotae
569 3031 663 3107 sedis
693 3030 876 3130 pontifices
900 3040 1187 3129 perseverantem
1218 3056 1384 3108 exercere
1409 3030 1634 3110 famulatum.

413 3143 636 3242 Dispensatio
652 3143 749 3219 euim
766 3144 867 3231 nobis
884 3143 1018 3219 credita
1031 3154 1095 3221 est.
1109 3149 1155 3222 Et
1168 3146 1212 3220 ad
1227 3155 1388 3222 nostrum
1403 3155 1541 3221 reatum
1559 3160 1640 3223 ten-

411 3255 476 3346 dit,
492 3255 524 3328 si
542 3265 772 3353 paternarum
791 3255 928 3352 regulae
950 3259 1177 3334 sanctionum
1203 3259 1303 3334 nobis
1329 3259 1635 3335 consentientibus

412 3377 449 3444 et
465 3369 743 3468 neglegentibus
757 3370 946 3445 violentur.
963 3374 1054 3445 Item
1067 3371 1160 3447 idem
1175 3370 1377 3446 Pulcheriae
1391 3375 1577 3468 Augustae.
1591 3373 1635 3446 0-

414 3509 514 3560 mnes
531 3509 587 3560 res
603 3484 709 3560 aliter
726 3493 814 3560 tutae
830 3509 907 3561 esse
924 3509 994 3561 uon
1022 3493 1180 3584 possunt,
1205 3484 1276 3558 nisi
1301 3509 1381 3582 quae
1404 3484 1448 3559 ad
1462 3483 1633 3558 'divinam

413 3596 669 3673 confessionem
686 3598 877 3697 pertinent,
894 3600 997 3696 regia
1014 3607 1050 3674 et
1074 3595 1304 3673 sacerdotalis
1327 3595 1493 3672 defendat
1516 3605 1636 3671 aucte-

416 3710 514 3789 nites.

947 3833 1108 3920 xxxvl.

720 4013 770 4065 Ex
787 4010 912 4080 synodo
930 4011 1043 4078 Hylen
1060 4010 1163 4075 Papae
1181 4019 1254 4074 cap.
1274 4010 1330 4061 111.

511 4164 605 4240 Illud
622 4165 714 4264 quod
731 4164 882 4264 quisque
899 4164 1094 4264 Episcopus
1111 4161 1291 4238 commisit
1308 4162 1447 4253 illicite,
1459 4172 1524 4237 aut
1540 4188 1561 4236 a
1578 4162 1654 4238 de·-

415 4278 615 4354 eessoribus
632 4279 772 4358 invenit
787 4279 996 4370 admissum,
1012 4278 1043 4353 si
1061 4276 1241 4375 proprium
1260 4276 1341 4352 vult
1366 4276 1481 4352 vitare
1499 4276 1637 4375 pericu·

415 4389 491 4464 lum
515 4391 709 4468 damnabit.
733 4396 825 4469 Nam
852 4393 927 4492 ipse
952 4389 1121 4491 quicquid
1145 4389 1184 4464 in
1208 4389 1280 4465 alio
1308 4414 1379 4466 non
1410 4388 1638 4479 resecaverit

417 4503 586 4581 inveniet.
