3608 5498
798 421 839 437 -
864 388 931 453 344
954 419 995 436 -

289 509 432 586 cunctis
449 508 691 586 sacerdotibus
707 509 818 586 totius
835 509 960 584 mundi
977 508 1116 599 existat,
1130 518 1166 585 et
1179 509 1258 585 eius
1272 508 1403 584 iudicio
1416 531 1509 607 quae-

286 648 356 723 que
373 622 416 696 ad
434 622 573 698 cultum
593 623 668 710 Dei,
681 622 741 698 vel
754 623 860 697 fidem
884 624 1182 715 Christianorum,
1199 623 1257 699 vel
1275 623 1507 698 stabilitatem

289 736 511 837 procuranda
529 735 666 812 luerint
681 736 925 834 disponantur.
942 740 989 811 Et
1006 737 1111 811 infra.
1130 734 1303 813 Ecclesiis
1326 736 1510 813 beatorum

287 851 385 926 Petri
402 859 438 925 et
457 849 562 923 Pauli
580 873 641 947 pro
659 848 934 926 concinnatione
952 850 1224 926 luminariorum
1249 850 1511 949 possessionum

287 964 419 1064 praedia
437 962 668 1051 contulimus
686 970 721 1037 et
740 962 845 1037 rebus
862 963 1015 1041 diuersis
1032 991 1092 1040 aas
1109 966 1316 1056 ditavimus,
1327 975 1362 1041 et
1375 991 1436 1065 per
1449 989 1509 1041 no-

288 1089 400 1154 stram
417 1077 638 1177 imperialem
656 1077 831 1153 iusionem
850 1104 990 1155 sacram
1007 1089 1082 1154 tam
1099 1078 1138 1152 in
1163 1079 1318 1169 Oriente,
1335 1103 1443 1177 quam
1469 1079 1507 1153 in

289 1193 481 1270 Occidente
498 1192 558 1267 vel
575 1191 683 1266 etiam
701 1217 722 1265 a
740 1191 1010 1291 septentrionali
1023 1203 1060 1268 et
1073 1191 1269 1268 meridiana
1282 1191 1401 1290 plaga,
1414 1193 1512 1267 vide·

288 1308 374 1385 licet
391 1308 429 1381 iu
447 1306 567 1396 Iudea,
586 1305 727 1395 Grecia,
745 1305 842 1397 Asia,
859 1306 1023 1395 Thracia,
1041 1305 1165 1382 Africa
1189 1315 1226 1381 et
1246 1304 1362 1396 Italia,
1379 1306 1437 1381 vel
1460 1306 1511 1380 di-

288 1419 405 1497 versis
422 1416 553 1494 insulis
569 1427 691 1493 nostra
708 1418 878 1516 largitate
896 1420 948 1497 eis
965 1420 1209 1496 concessimus
1225 1443 1267 1495 ea
1289 1442 1434 1519 prorsus
1458 1446 1513 1494 ra-

288 1533 396 1624 tione,
413 1544 455 1608 ut
471 1557 533 1632 per
551 1557 680 1606 manus
701 1532 898 1608 beatissimi
915 1532 1029 1631 patris
1054 1531 1165 1607 nostri
1191 1532 1356 1608 Silvestri
1378 1532 1510 1607 summi

289 1646 474 1722 Pontificis
490 1665 809 1744 successorumque
825 1646 903 1722 eius
920 1646 1040 1720 omnia
1066 1645 1310 1744 disponantur.
1335 1649 1382 1720 Et
1406 1645 1511 1721 inlra.

287 1763 396 1836 Beato
410 1758 583 1834 Silvestre
596 1766 632 1833 et
644 1759 810 1834 omnibus
823 1758 1091 1836 successoribus
1104 1758 1183 1834 eius
1195 1758 1253 1833 die
1267 1759 1432 1858 praesenti
1442 1769 1513 1835 tra·

291 1873 411 1949 dimus
427 1871 607 1947 Palatium
625 1882 786 1947 nostrum
806 1877 1054 1950 Lateranense.
1076 1872 1212 1948 Deinde
1229 1872 1400 1963 diadema,
1417 1872 1513 1949 vide·

291 1986 376 2062 licet
388 2008 553 2061 coronam
567 1984 695 2084 capitis
709 1986 1017 2087 nost1·i,simulque
1032 1988 1181 2085 frigium
1195 2012 1333 2064 necnon
1347 1997 1383 2063 et
1392 2012 1513 2085 super·

289 2099 487 2190 humerale,
503 2099 672 2175 videlicet
688 2099 803 2174 lorum
821 2102 913 2200 quod
929 2101 1113 2203 imperiale
1136 2102 1358 2177 circumdare
1382 2101 1513 2177 assolet

292 2215 434 2291 collum.
451 2217 588 2289 Verum
607 2214 715 2289 etiam
734 2223 770 2290 et
787 2215 976 2292 clamidem
992 2241 1207 2316 purpuream
1225 2227 1334 2314 atque
1350 2217 1512 2291 tunicam

293 2328 508 2418 coccineam,
522 2338 558 2403 et
570 2328 689 2402 omnia
704 2329 903 2427 imperialia
920 2331 1141 2406 indumenta.
1159 2333 1230 2405 Seu
1249 2340 1284 2406 et
1296 2330 1511 2426 dignitatem

290 2441 530 2541 imperialium
548 2441 813 2539 presidentium
831 2445 1004 2541 equitum.
1023 2445 1253 2521 Conferentes
1270 2443 1302 2518 ei
1321 2444 1429 2519 etiam
1448 2442 1513 2516 im-

291 2555 441 2656 perialia
459 2555 591 2655 scripta
609 2554 789 2653 simulque
807 2568 939 2634 cuncta
959 2557 1066 2654 signa
1079 2566 1186 2654 atque
1198 2556 1328 2645 banna,
1341 2556 1448 2632 etiam
1463 2555 1513 2630 di·

295 2695 399 2745 versa
416 2680 626 2745 ornamenta
644 2669 854 2767 imperialia,
868 2680 904 2746 et
917 2695 1057 2746 omnem
1076 2670 1334 2770 processionem
1353 2670 1514 2771 imperia·

294 2785 339 2860 lis
352 2784 534 2873 culminis,
547 2795 583 2860 et
596 2784 750 2880 gloriam
768 2783 953 2883 potestatis
969 2794 1099 2859 nostre.
1113 2785 1214 2858 Viris
1227 2784 1334 2860 etiam
1351 2808 1515 2859 reveren·

291 2897 442 2974 tissimis
451 2896 594 2974 clericis
608 2897 741 2973 diversi
753 2898 886 2973 ordinis
899 2898 1013 2974 eidem
1027 2907 1262 2974 sacrosancta
1270 2900 1440 2971 Romanae
1449 2899 1514 2972 Ec·

291 3012 410 3089 clesiae
435 3011 687 3102 servientibus,
704 3011 795 3086 illud
817 3012 961 3088 culmen
978 3011 1177 3109 singularis
1193 3011 1358 3108 potentiae
1376 3020 1411 3085 et
1429 3037 1516 3111 prae·

292 3126 468 3202 cellentiae
484 3124 612 3201 habere
629 3126 823 3215 sancimus,
840 3127 945 3201 cuius
962 3125 1205 3226 amplissimus
1222 3135 1341 3200 noster
1359 3128 1514 3200 Senatus

293 3242 437 3317 videtur
453 3240 571 3337 gloria
587 3241 788 3330 adhornari,
805 3240 896 3317 idest
913 3239 1075 3338 patritios
1091 3248 1128 3314 et
1145 3237 1309 3314 consules
1326 3239 1430 3327 effici,
1447 3262 1515 3313 nec

293 3380 364 3430 non
383 3366 419 3429 et
436 3353 575 3430 crateris
592 3354 831 3451 dignitatibus
843 3354 1088 3454 imperialibus
1100 3377 1158 3428 eos
1171 3352 1443 3452 promulgamus
1459 3353 1515 3427 de·

293 3468 419 3546 cerari.
437 3471 484 3542 Et
502 3467 599 3542 sicut
614 3466 810 3566 imperialis
834 3477 933 3543 extat
958 3468 1122 3544 decorata
1148 3466 1289 3556 militia,
1306 3466 1357 3540 ita
1377 3465 1515 3542 clerum

293 3592 427 3659 sanctae
443 3584 610 3656 Romanae
627 3580 798 3657 Ecclesiae
819 3581 937 3656 ornari
960 3583 1195 3658 decernimus
1220 3585 1266 3660 Et
1291 3581 1514 3679 quemadmo

294 3697 380 3772 dum
398 3695 595 3794 imperialis
612 3695 768 3794 potentia
785 3696 937 3772 diversis
954 3697 1080 3774 officiis
1098 3694 1399 3772 cubiculariorum
1418 3718 1515 3769 nem·

294 3836 338 3912 pe
355 3820 390 3887 et
408 3808 635 3884 ostiariorum
653 3819 760 3907 atque
777 3810 936 3885 omnium
955 3810 1202 3887 excubitorum
1220 3818 1380 3898 ornatur,
1404 3808 1455 3884 ita
1480 3816 1516 3883 et

230 3936 234 3942 '
296 3932 459 4000 sanctam
477 3926 674 3997 Romanam
692 3923 891 3999 Ecclesium
909 3924 1067 4000 decorari
1081 3923 1258 4012 volumus,
1272 3930 1307 3997 et
1320 3931 1361 3996 ut
1373 3920 1517 4019 amplis-

296 4039 385 4114 sime
404 4037 606 4135 pontificale
623 4037 733 4115 decus
750 4035 975 4139 prefulgeat,
993 4037 1231 4126 decernimus,
1247 4045 1284 4110 et
1300 4036 1376 4124 hoc,
1393 4048 1435 4109 ut
1447 4036 1482 4111 cl
1504 4077 1517 4090 -

298 4153 362 4228 rici
380 4152 538 4228 eiusdem
557 4155 699 4228 Sanctae
716 4155 883 4227 Romanae
900 4150 1071 4226 Ecclesiae
1089 4147 1266 4247 mappulis
1278 4157 1316 4223 et
1339 4147 1516 4224 linteami-

296 4266 402 4342 nibus
418 4264 510 4340 idest
527 4265 778 4341 candidissimo
798 4265 913 4340 colore
936 4264 1117 4339 decoratos
1142 4286 1250 4361 equos
1275 4261 1444 4361 equitent.
1470 4265 1517 4335 Et

297 4382 393 4458 sicut
409 4390 529 4456 noster
545 4390 691 4455 senatus
715 4378 965 4454 calciamentis
990 4377 1106 4453 utitur
1131 4401 1214 4452 cum
1233 4374 1419 4464 udonibus,
1440 4375 1516 4449 ideo

297 4495 445 4574 candido
456 4493 665 4571 linteamine
678 4492 905 4570 illustrentur
917 4503 954 4569 ot
966 4490 1017 4567 ita
1030 4488 1187 4567 calestia
1200 4487 1296 4565 sicut
1308 4497 1450 4565 terrena
1467 4488 1513 4563 ad
