3608 5498
816 416 1012 479 -141-

310 536 445 635 quaeda
463 535 559 609 omni
578 535 729 611 ecclesia
742 536 797 609 fas
814 535 943 611 habeat
956 536 1148 612 iudicandi.
1163 539 1230 613 Sed
1243 563 1358 638 neque
1372 539 1471 614 nobis
1484 541 1526 615 de

308 650 378 726 hac
395 673 504 726 causa
517 650 732 724 sententiam
749 650 904 747 proferre
918 651 1106 726 commisit.
1120 656 1340 751 Quapropter
1353 654 1445 752 quod
1458 653 1526 729 hoc

307 763 353 839 ab
365 789 409 838 ea
426 763 630 838 faciendum
648 788 712 838 nos
729 764 901 863 cepimus,
919 764 1133 859 cognitionis
1147 765 1225 840 eius
1239 766 1380 856 iudicio,
1394 791 1472 864 quae
1486 766 1527 839 li-

305 877 452 952 brorum
467 877 735 975 multiplicitate
750 878 794 952 ad
806 877 1047 952 defensionem
1062 877 1117 951 sui
1134 878 1247 954 multa
1261 881 1416 976 proferre
1428 881 1526 956 valet

308 1014 353 1066 ex
369 990 512 1086 integro
530 1013 800 1080 reservamusa
816 1014 887 1088 qua
904 991 1020 1064 omnis
1037 1001 1157 1065 vestra
1171 994 1347 1068 sententia
1361 1003 1461 1068 tanta
1474 994 1526 1067 fa-

306 1101 445 1178 cilitate
470 1113 659 1201 respuetur
676 1113 810 1202 quanta
836 1103 983 1178 levitate
1002 1104 1188 1202 profertur.
1206 1106 1344 1183 Vicarii
1370 1108 1526 1181 Patriar-

307 1215 459 1291 charum
477 1218 655 1292 dixerunt.
678 1218 774 1292 Satis
791 1217 957 1294 indecens
975 1226 1029 1292 est
1054 1227 1095 1292 ut
1113 1219 1213 1294 vobis
1239 1219 1301 1318 qui
1327 1221 1522 1296 Grecorum

309 1330 500 1430 imperium
511 1331 750 1408 detrectantes
759 1337 979 1407 Francorum
991 1332 1169 1407 lederibus
1179 1334 1350 1409 inheretis
1360 1334 1397 1407 iu
1413 1358 1523 1430 regno

307 1444 421 1519 nostri
438 1445 617 1544 Principis
632 1445 818 1520 ordinandi
836 1447 915 1519 iura
935 1456 1136 1522 serventur.
1149 1451 1371 1547 Quapropter
1385 1448 1524 1545 Vulga-

307 1557 400 1632 rium
415 1558 530 1656 patria
543 1584 734 1655 grecorum
752 1586 796 1636 ex
809 1569 981 1658 potestate
995 1560 1128 1635 dudum
1142 1562 1265 1651 fuisse,
1282 1572 1318 1637 et
1329 1585 1457 1659 grecos
1469 1589 1523 1637 sa·

309 1672 471 1748 cerdotes
487 1672 655 1748 habuisse
673 1675 921 1772 comperimus.
935 1673 1109 1749 Ecclesiae
1123 1674 1522 1774 Constantinopolitanae

308 1810 329 1856 a
346 1808 418 1882 qua
435 1810 497 1884 pcr
513 1787 759 1884 paginismum
791 1797 995 1876 recesserat,
1011 1813 1079 1863 nec
1096 1813 1158 1886 per
1184 1788 1520 1865 christianissimum

307 1901 448 1974 restitui
466 1900 677 1976 iudicamus.
696 1903 822 1998 Legati
839 1906 1008 1976 Romanae
1026 1903 1196 1978 Ecclesiae
1213 1904 1411 1979 clamantes
1427 1904 1523 1979 dixe·

306 2024 400 2087 runt.
418 1996 605 2089 Sententia
622 2040 728 2113 quam
747 2041 844 2091 nunc
862 2014 969 2090 electi
983 2040 1099 2113 neque
1116 2016 1262 2090 admissi
1275 2017 1335 2092 vel
1349 2017 1520 2114 quicquid

303 2125 392 2201 illud
410 2128 568 2226 estquod
583 2129 684 2203 modo
697 2129 773 2203 sive
788 2129 914 2203 timore
929 2153 991 2203 seu
1006 2128 1125 2223 gratia
1139 2128 1389 2227 praecipitastis
1402 2130 1519 2227 potius

302 2265 410 2340 quam
423 2242 623 2339 protulistis
636 2245 847 2320 auctoritate
866 2243 981 2317 sancti
998 2242 1155 2340 Spiritus
1168 2267 1281 2340 usquc
1295 2242 1339 2316 ad
1352 2242 1519 2317 difinitio·

304 2378 386 2429 nem
396 2364 529 2431 sancta
542 2355 643 2430 Sedis
658 2357 871 2454 Apostolicae
883 2354 1026 2430 omnino
1041 2355 1287 2439 rescindimus
1301 2355 1352 2429 ita
1365 2364 1406 2428 ut
1419 2355 1517 2429 nullo

303 2466 404 2542 modo
420 2467 480 2543 rel
498 2492 624 2544 nomen
642 2469 829 2545 sententiae
853 2469 982 2544 habere
1000 2477 1187 2543 mereatur.
1214 2470 1332 2566 Teque
1353 2492 1518 2543 reveren-

303 2582 441 2657 tissime
466 2584 676 2659 Patriarcha
701 2584 822 2681 lgnati
840 2582 1052 2659 auctoritate
1079 2592 1284 2658 sanctorum
1308 2581 1517 2679 Principum

300 2694 548 2792 Apostolorum
566 2720 685 2773 coram
698 2700 771 2772 Deo
788 2697 933 2794 suisque
947 2696 1087 2793 angelis
1112 2696 1346 2795 omnibusque
1368 2685 1519 2795 praesen·

299 2811 395 2888 tibus
405 2821 649 2888 contestamur
657 2821 698 2886 ut
712 2811 909 2887 secundum
923 2809 1016 2886 hanc
1030 2811 1214 2908 epistolam
1230 2811 1448 2887 restitutoris
1461 2813 1516 2887 tui

301 2926 431 3001 Domni
446 2927 594 3001 Adriani
609 2926 749 3001 Summi
759 2925 943 2999 Pontificis
960 2950 1067 3022 quam
1082 2925 1147 3000 tibi
1160 2951 1242 3002 ecoe
1255 2926 1447 3012 offerimus,
1461 2927 1515 3001 in·

299 3038 438 3113 dustria
455 3050 519 3115 tua
535 3040 579 3114 ab
596 3039 691 3114 omni
712 3038 898 3134 Vulgariee
918 3038 1139 3115 ordinatione
1157 3041 1355 3115 immunem
1372 3040 1513 3115 nullum

298 3161 441 3228 tuorum
458 3155 549 3230 illuc
567 3154 777 3229 mittendum
792 3152 971 3228 custodias
985 3177 1029 3227 nc
1047 3164 1172 3228 sancta
1185 3153 1293 3229 Sedes
1312 3153 1514 3251 Apostolica

298 3288 377 3362 quae
394 3267 460 3342 tibi
473 3277 542 3341 tua
559 3267 718 3341 restituit
735 3290 797 3363 per
814 3276 849 3339 te
862 3290 927 3337 sua
945 3265 1089 3362 perdere
1106 3266 1282 3340 videatur.
1300 3265 1515 3364 Quinpotius

296 3379 328 3452 si
342 3404 450 3478 quam
464 3405 534 3455 non
547 3381 726 3457 credimus
741 3380 878 3453 iuxtarn
893 3387 928 3453 te
942 3378 1070 3454 habere
1084 3378 1353 3477 quaerimoniam
1367 3380 1514 3454 estimas

295 3504 429 3569 sanctae
446 3498 613 3569 Romanae
635 3493 805 3570 Ecclesiae
826 3491 1038 3566 restitutrici
1056 3500 1128 3565 tuae
1145 3491 1365 3567 sollemniter
1381 3515 1515 3588 sugge-

296 3631 374 3682 rere
387 3633 458 3682 non
472 3609 609 3683 omitas.
619 3611 721 3682 Tunc
734 3603 944 3681 Patriarcha
958 3604 1125 3700 Ignatius
1136 3604 1375 3703 Apostolicam
1388 3605 1514 3702 episto·

294 3717 367 3792 lam
384 3719 595 3819 suscipiens,
612 3719 700 3795 licet
715 3741 930 3816 magnopere
949 3717 1116 3807 monitus,
1132 3742 1211 3791 eam
1229 3717 1349 3814 legere
1365 3717 1513 3792 studuit.

294 3834 340 3905 Et
353 3833 542 3931 respondit.
553 3832 656 3907 Absit
668 3858 690 3906 a
704 3857 762 3907 me
774 3841 816 3906 ut
829 3853 896 3927 ego
908 3830 964 3905 his
978 3831 1311 3929 presumptionibus
1320 3841 1444 3906 contra
1456 3830 1514 3906 de·

293 3967 412 4022 coram
429 3946 530 4021 Sedis
548 3946 758 4044 Apostolicae
783 3943 947 4041 implicer
972 3944 1034 4041 qui
1052 3969 1119 4020 neo
1136 3943 1187 4018 ita
1212 3943 1421 4019 iuveniliter
1441 3967 1512 4039 ago

294 4068 335 4132 ut
348 4058 438 4133 mihi
456 4058 590 4157 surripi
607 4058 736 4146 valeat,
748 4082 816 4133 nec
833 4058 883 4131 ita
898 4056 1058 4133 seniliter
1075 4056 1201 4147 dolero,
1214 4067 1256 4132 ut
1272 4057 1365 4155 quod
1381 4056 1418 4129 in
1431 4055 1514 4130 aliis

293 4171 547 4269 reprehendere
572 4171 679 4248 debeo
696 4173 770 4269 ipse
797 4169 1030 4246 committam.
1048 4173 1123 4244 Hoc
1151 4171 1220 4244 fine
1237 4168 1424 4244 collocutio
1448 4166 1512 4240 illa

291 4283 393 4358 finita
410 4294 474 4360 est.
491 4288 539 4360 Et
562 4285 666 4359 infra.
683 4288 842 4380 Legatus
867 4279 1082 4356 Michahelis
1100 4280 1292 4377 Vulgarici
1311 4279 1409 4375 regis
1426 4305 1510 4355 cum

289 4397 390 4472 donis
407 4398 590 4495 regalibus
608 4398 728 4493 regias
744 4397 883 4473 litteras
895 4394 1024 4471 obtulit
1041 4421 1222 4470 summum
1239 4395 1446 4471 Pontificem
1465 4398 1513 4467 A·

289 4509 454 4587 drianum
476 4510 706 4609 deprecantes
731 4519 773 4586 ut
796 4509 952 4609 aliquem
977 4533 1022 4585 ex
1046 4507 1301 4586 Cardinalibus
1324 4508 1512 4584 dumtaxat
