3608 5498
680 393 876 457 -197-

660 628 785 713 LI'III.
802 627 880 725 (sic)

257 864 455 961 Gregorius
472 859 706 940 Clementiam
724 858 899 934 Patricia.
921 862 1005 934 Post
1028 860 1158 958 aliqua.
1184 862 1384 938 Diaconum

162 1002 247 1054 vero
261 978 492 1053 Anatholium
506 1001 611 1075 quem
625 974 670 1048 ad
682 996 746 1048 nos
759 971 869 1069 dirigi
883 973 1099 1071 poposcistis,
1115 974 1181 1049 hoc
1194 998 1258 1050 nos
1269 976 1387 1053 facere

162 1115 231 1166 non
249 1116 360 1190 posse,
372 1117 482 1168 causa
501 1089 619 1187 magis
633 1088 789 1176 modum,
805 1112 913 1185 quam
932 1087 1063 1184 rigoris
1079 1091 1272 1166 austeritas
1288 1091 1387 1167 facit.

162 1207 433 1282 vicedominum
455 1206 552 1281 enim
572 1229 656 1281 eum
676 1199 941 1293 constituimus,
961 1201 1066 1277 cuius
1086 1200 1233 1278 arbitrio
1253 1203 1386 1302 episco-

161 1344 246 1418 pum
263 1319 507 1395 commisimus
523 1317 789 1416 disponendum.

255 1431 487 1528 Temporibus
496 1433 601 1526 Papoe
614 1428 782 1524 Gregorii
795 1430 1130 1506 annoordinationis
1142 1431 1222 1506 cius
1230 1432 1385 1508 secundo

160 1545 342 1643 depositus
357 1553 413 1619 est
429 1544 645 1618 Laurentius
661 1543 723 1640 qui
742 1543 880 1641 primus
897 1543 935 1617 in
953 1542 1075 1618 ordine
1091 1543 1245 1619 diaconii
1263 1544 1381 1620 fuerat

162 1658 257 1734 sedis
274 1657 486 1756 Apostolicae
504 1667 645 1758 propter
662 1655 866 1754 superbiam
883 1665 919 1733 ot
936 1656 1029 1731 mala
1048 1683 1112 1732 sua
1130 1681 1210 1756 quae
1233 1659 1385 1734 tacenda

161 1772 339 1846 duximus.
357 1773 403 1845 Et
419 1770 538 1846 factus
554 1780 610 1845 est
622 1768 907 1847 Archidiaconus
920 1774 1124 1846 Honoratus
1140 1795 1259 1848 coram
1273 1773 1385 1846 omni·

160 1886 228 1959 bus
244 1885 475 1984 presbyteris,
497 1884 667 1975 diaconis,
692 1884 930 1976 subdiaconis,
951 1883 1170 1983 notariisque
1194 1895 1230 1960 et
1253 1895 1384 1962 cuncto

159 2001 254 2076 clero
269 2000 308 2073 in
325 1999 473 2074 basilica
490 2022 609 2073 aurea.

692 2224 835 2308 bllHll.

250 2444 448 2541 Gregorius
464 2443 630 2518 ianuario
648 2441 854 2518 Galaritano
882 2442 1064 2542 Episcopo.
1091 2443 1280 2521 Liberatus
1303 2446 1334 2519 si
1359 2472 1382 2520 a

155 2562 335 2636 decessore
352 2570 414 2635 tuo
426 2582 496 2634 non
513 2569 567 2634 est
583 2559 702 2634 factus
719 2555 912 2634 cardinalis
929 2557 1112 2644 diaconus,
1125 2558 1298 2634 ordinatis
1309 2584 1331 2632 a
1344 2569 1380 2636 tc

156 2673 364 2750 diaconibus
380 2696 451 2749 non
469 2672 571 2749 debet
587 2672 753 2772 praeponi,
770 2671 831 2746 sed
848 2669 1000 2746 ultimus
1016 2671 1111 2748 inter
1123 2672 1288 2748 diacones
1299 2696 1381 2748 con·

154 2787 268 2875 stitui,
282 2812 326 2863 ne
340 2811 398 2862 eos
411 2810 498 2884 quos
511 2785 750 2862 consecrando
762 2785 928 2884 probasse
940 2787 1179 2882 cognosceris,
1194 2787 1380 2885 reprobare

155 2901 383 2999 supponendo
399 2899 652 2999 quodammodo
668 2899 833 2975 videaris.
850 2899 947 2976 Idem
966 2900 1119 2997 Eulogio
1137 2901 1308 3001 Episcopo
1332 2907 1381 2977 A·

155 3016 372 3090 lcxandrino.
383 3017 474 3092 Cum
489 3015 698 3115 predicator
711 3014 884 3111 egregius
897 3015 1003 3102 dicat,
1016 3014 1187 3113 quamdiu
1199 3040 1279 3089 sum
1293 3038 1381 3111 gen·

152 3131 244 3205 tium
256 3130 445 3228 Apostolus
459 3130 700 3205 ministerium
716 3153 836 3204 meum
849 3127 1096 3215 honorificabo,
1106 3127 1307 3224 exemplum
1319 3151 1379 3202 no

153 3243 207 3318 bis
224 3243 387 3331 ostendit,
409 3251 502 3319 utet
519 3241 761 3318 humilitatem
780 3253 967 3318 teneamus
991 3242 1028 3315 in
1054 3250 1173 3316 mente
1197 3250 1234 3316 ot
1257 3250 1378 3316 tamen

151 3357 284 3433 ordinis
302 3357 413 3433 nostri
431 3358 648 3454 dignitatem
665 3381 865 3444 servemus,
882 3356 919 3428 in
936 3353 1185 3443 honorantia
1196 3353 1297 3429 nobis
1310 3379 1377 3431 nec

150 3471 336 3548 humilitas
353 3471 479 3546 timida
496 3496 562 3547 nec
578 3471 711 3547 erectio
737 3471 785 3546 sit
810 3469 972 3569 superba.
997 3472 1045 3544 Et
1069 3468 1174 3543 infra.
1199 3472 1376 3545 Honorem
1469 3483 1472 3487 ’

153 3610 258 3683 quem
273 3608 335 3684 pro
348 3584 572 3683 predicanda
584 3584 736 3660 veritate
749 3584 984 3682 suscepimus,
992 3582 1023 3656 si
1036 3581 1230 3658 necessitas
1241 3582 1375 3679 exigat,

153 3701 318 3774 securius
335 3723 397 3797 pro
415 3699 536 3775 eadem
554 3699 707 3775 veritate
726 3698 964 3798 relinquimus
981 3719 1088 3795 quam
1105 3704 1280 3771 tenemus.

726 3926 796 4010 Lx.

243 4152 441 4250 Gregorius
458 4153 638 4229 universis
654 4151 838 4253 Episcopis
850 4176 913 4251 per
926 4150 1143 4227 Dalmatiam
1156 4148 1372 4226 const'tutis.

148 4269 245 4342 Inter
262 4277 391 4343 cetera.
409 4270 534 4342 Frater
549 4267 672 4365 itaque
688 4279 807 4341 vester
819 4265 963 4342 Natalis
980 4264 1195 4339 Salonitanae
1211 4261 1372 4338 civitatis

149 4381 354 4480 Episcopus,
371 4406 455 4456 cum
469 4384 690 4456 Honoratum
709 4377 1000 4457 archidiaconum
1017 4377 1110 4453 sadis
1126 4402 1201 4452 suas
1216 4375 1261 4450 ad
1280 4373 1372 4450 ordi·

152 4519 233 4569 nem
253 4494 522 4593 presbyteratus
538 4494 649 4572 vellet
666 4494 871 4593 provehere,
887 4520 931 4571 ac
946 4493 1112 4592 deinceps
1128 4492 1189 4568 illc
1205 4490 1250 4566 ad
1262 4489 1371 4566 subli-
