3608 5498
912 393 961 405 -
988 373 1055 424 Vlll
1080 393 1129 405 -

407 537 431 591 »
463 508 654 600 buntur.
678 507 796 600 Post
817 535 1020 601 canones
1042 510 1307 629 sequuntur
1329 505 1515 599 decreta
1537 505 1631 600 Ro-

407 698 432 753 »
461 695 711 761 manorum
735 669 1037 784 Pontificum,
1058 669 1106 761 in
1130 668 1300 790 quibus
1323 667 1549 762 nonnulla
1570 695 1630 760 ex
1655 644 1658 651 ¹

408 826 914 925 »Pseudoisidorianis
954 829 1247 952 apocryphis.
1282 829 1431 923 Plura
1462 820 1650 949 suppo?

407 1020 432 1077 »
460 991 568 1082 lunt
590 1018 649 1083 ex
671 989 871 1109 registro
892 989 1107 1110 Gregorii
1127 990 1239 1105 VH,
1257 989 1336 1112 qui
1358 988 1536 1083 Victori
1559 989 1631 1122 HI

408 1184 432 1242 ›>
460 1157 794 1275 praecesserat.
819 1154 1114 1270 Subdunlur⁷
1141 1154 1221 1248 ubi
1253 1156 1409 1247 locum
1441 1155 1616 1247 habent

338 1286 342 1291 ¹
408 1344 432 1400 »
462 1314 662 1407 Patrum
686 1314 967 1430 testimonia,
985 1318 1030 1408 et
1051 1315 1278 1408 nonnulla
1299 1343 1358 1409 ex
1378 1312 1631 1408 iustiniani

408 1476 661 1595 »legibus
694 1477 924 1598 quaedam
964 1505 1023 1570 ex
1055 1476 1251 1570 historia
1281 1475 1522 1570 Anastasii
1554 1475 1635 1568 Bi·

407 1669 432 1728 »
462 1637 765 1753 bliolhecarii,
798 1666 857 1731 ex
900 1637 1217 1760 Poulc'sicolc‘
1247 1637 1506 1751 Romano,
1541 1667 1633 1760 quo

408 1799 585 1894 »vilae
618 1800 905 1894 Pontificum
938 1799 1286 1915 describuntur,
1309 1828 1368 1893 ex
1400 1798 1517 1892 libro
1540 1799 1635 1894 Ro·

411 1993 436 2050 »
464 1988 714 2055 manorum
738 1961 1041 2076 Pontificum,
1064 1961 1143 2081 qui
1177 1960 1347 2053 dicitur
1371 1960 1631 2076 Deorum,

409 2153 434 2210 »
464 2151 523 2216 ex
557 2121 753 2216 historia
785 2122 941 2217 Paulli
973 2123 1186 2238 Diaconi,
1210 2152 1268 2217 ex
1302 2121 1521 2216 chronico
1553 2121 1635 2215 Vi-

408 2315 433 2373 »
462 2285 603 2379 oloris
638 2285 944 2399 Turonensis,
977 2287 1022 2378 el
1064 2313 1122 2378 ex
1166 2285 1281 2379 actis
1326 2284 1373 2379 S.
1408 2282 1635 2379 Bonilacii

410 2478 434 2534 ›>
463 2445 685 2568 Episcopi
702 2444 984 2565 llloguntini.
1005 2445 1236 2539 Inseritur
1254 2445 1475 2566 antiquus
1494 2443 1635 2540 Ordo
1671 2437 1673 2441 ’

409 2639 433 2695 »
462 2607 757 2720 Romanoa,
772 2606 852 2728 qui
868 2606 1047 2728 incipit:
1061 2606 1132 2700 In
1151 2632 1479 2728 qaaecumque
1489 2607 1636 2701 sclao

410 2800 434 2856 »
465 2771 519 2863 lc
550 2767 756 2888 reperti
777 2763 991 2886 fuerint
1007 2767 1177 2889 pareri
1194 2768 1321 2864 beroe
1343 2769 1486 2864 doclc'
1504 2769 1637 2864 utte-

389 2947 434 3021 γ>>
463 2957 575 3045 raa,
612 2930 872 3025 tollantur
914 2933 968 3024 cl
1005 2928 1321 3024 ncclrc'crctur
1363 2928 1418 3024 c‘c
1457 2930 1638 3026 schola

413 3128 438 3183 »
474 3091 1007 3190 Centemmanus
1041 3090 1169 3184 Ordo
1204 3091 1449 3186 Romanus
1484 3120 1636 3186 nonus

410 3292 435 3347 »
465 3287 495 3352 a
515 3253 784 3350 Mabillonio
808 3252 959 3347 editus
982 3256 1093 3346 loni.
1118 3251 1147 3345 2
1170 3251 1322 3346 Musei
1345 3252 1509 3369 Italici⁷
1526 3279 1634 3376 pag.

410 3451 435 3505 ›>
464 3413 540 3531 89,
562 3414 642 3538 qui
674 3417 833 3508 larnen
866 3414 914 3508 in
947 3419 1107 3510 nostro
1137 3414 1294 3509 codice
1317 3413 1552 3509 variantes
1576 3415 1639 3508 le-

411 3611 436 3666 »
465 3578 642 3672 cliones
664 3579 828 3671 notatu
847 3577 1089 3696 dignosci
1111 3577 1413 3671 vetustiorem
1437 3578 1636 3671 aetalern

413 3736 683 3863 »praeferl

534 3932 559 3989 ›>
588 3900 740 3994 Plura
766 3899 894 3994 addit
917 3899 1179 3995 Cardinalis
1202 3929 1261 3995 ex
1283 3901 1423 3994 tonus
1445 3899 1638 3993 Latera-

412 4093 436 4150 »
466 4061 625 4156 nensis
649 4061 867 4156 basilicae
890 4062 948 4155 ad
970 4060 1512 4184 palrinroniumS.Pelri
1534 4087 1639 4183 per-

411 4222 676 4337 stinentia
699 4251 759 4318 ex
791 4222 962 4345 quibus
995 4251 1123 4319 nunc
1155 4251 1321 4337 unum,
1353 4250 1480 4316 nunc
1512 4219 1638 4314 aliud

411 4386 683 4481 »volumen
718 4385 893 4502 laudat,
926 4414 1046 4510 quae
1088 4413 1190 4483 esse
1232 4384 1297 4482 ait
1330 4384 1386 4480 c‘c
1419 4383 1636 4479 acolaco
