3608 5498
845 381 1017 442 ..73-

862 626 1007 714 llllllll.

420 851 536 926 lulius
550 851 815 926 venerabilibus
827 849 999 924 fratribus
1008 846 1253 923 Orientalibus
1261 845 1454 944 Episcopis.
1464 844 1540 919 Pri·

327 991 394 1040 mm
412 964 494 1041 Sodi
512 964 753 1039 vocandarum
775 964 1000 1061 generalium
1018 963 1222 1037 sinodorum
1247 962 1327 1035 iura
1352 970 1389 1036 et
1409 961 1541 1036 iudicia

323 1080 575 1178 Episcoporum
589 1079 768 1174 singulari
783 1078 974 1176 privilegio
986 1076 1189 1176 apostolicis
1203 1075 1425 1171 euangelicis
1434 1085 1541 1173 atque

322 1192 505 1267 canonicis
527 1215 694 1266 concessa
720 1201 806 1266 sunt
830 1190 1018 1265 institutis.
1035 1190 1209 1279 Quoniam
1236 1212 1374 1286 semper
1391 1189 1542 1263 maiores

323 1329 441 1380 causae
452 1304 497 1378 ad
509 1303 627 1379 sedem
639 1304 878 1400 Apostolicam
892 1303 1017 1380 multis
1029 1303 1303 1379 auctoritatibus
1316 1301 1442 1378 referri
1456 1325 1542 1400 prm·

323 1427 424 1516 cepto
440 1427 535 1491 sunt.
551 1421 628 1492 Nec
646 1416 836 1492 ullomodo
853 1428 969 1516 potest
987 1417 1098 1492 maior
1110 1442 1131 1490 a
1145 1417 1273 1492 minori
1287 1416 1448 1492 iudicari.
1462 1419 1542 1514 Ipsa

324 1555 479 1629 namque
496 1530 661 1605 omnibus
678 1530 791 1604 maior
807 1540 844 1606 et
861 1530 1007 1629 praelata
1024 1541 1078 1606 est
1095 1529 1269 1619 ecclesiis,
1294 1554 1373 1627 quae
1396 1552 1466 1604 non
1492 1552 1544 1603 so

325 1644 502 1720 lummodo
525 1668 703 1720 canonum
729 1656 935 1721 sanctorum
961 1654 1101 1743 patrum
1128 1643 1291 1732 decretis,
1314 1643 1376 1717 sed
1401 1641 1543 1717 Domini

325 1758 435 1833 nostri
453 1759 648 1833 Salvatoris
670 1783 756 1834 voce
781 1759 1006 1856 singularem
1032 1756 1188 1856 optinuit
1212 1754 1464 1854 principatum.
1489 1758 1543 1829 Tu

324 1898 362 1949 es
386 1870 553 1970 inquiens
580 1875 708 1946 Petrus
724 1882 761 1948 et
777 1871 925 1969 reliqua.
939 1875 985 1945 Et
1006 1880 1084 1970 post
1113 1895 1236 1968 pauca.
1255 1873 1387 1943 Sancta
1405 1878 1441 1942 et
1466 1868 1544 1942 uni·

325 1985 476 2062 versalis
493 1984 696 2084 Apostolica
712 1994 811 2060 tenet
827 1985 1001 2072 Ecclesia,
1019 2008 1090 2059 non
1115 1994 1231 2083 potest
1254 1993 1381 2081 praeter
1405 1993 1546 2058 senten·

329 2099 415 2174 tiam
428 2098 578 2173 Romani
591 2097 777 2173 Pontificis
790 2097 944 2174 concilia
956 2100 1129 2175 celebrari
1143 2124 1209 2174 nec
1223 2098 1435 2196 Episcopum
1450 2097 1546 2171 dam-

330 2211 441 2310 pnari.
464 2211 640 2298 Quoniam
658 2222 782 2287 sancta
799 2216 958 2287 Romana
979 2212 1142 2288 Ecclesia
1167 2211 1361 2309 primatum
1386 2210 1545 2285 omnium

328 2322 570 2400 Ecclesiarnm
599 2325 714 2399 sancti
740 2329 866 2401 Patres
890 2350 967 2399 esse
994 2326 1195 2401 voluerunt.
1221 2324 1317 2398 Idem
1348 2323 1386 2396 in
1415 2323 1547 2398 eadem.

327 2436 451 2513 Sancti
469 2439 593 2512 Patres
611 2438 831 2513 unanimiter
857 2439 893 2511 in
922 2439 1086 2537 praedicta
1115 2438 1253 2513 Niccna
1275 2445 1481 2512 statuerunt
1502 2435 1548 2509 si·

329 2553 417 2628 nodo
434 2562 475 2626 ut
493 2552 616 2627 nullus
634 2554 830 2651 Episcopus
847 2554 917 2627 nisi
934 2554 972 2627 in
990 2553 1153 2649 legitima
1178 2551 1299 2626 sinodo
1323 2560 1359 2626 et
1380 2573 1445 2625 suo
1461 2561 1549 2625 tem·

328 2692 409 2767 pore
427 2667 632 2765 Apostolica
652 2666 868 2745 auctoritate
893 2677 1088 2745 convocata
1114 2690 1221 2765 super
1245 2666 1456 2764 quibusdam
1482 2666 1550 2741 cri-

328 2781 583 2858 minationibus
600 2782 766 2880 pulsatus
782 2783 951 2858 audiatur
977 2781 1037 2856 vel
1062 2781 1285 2878 dampnetur.
1310 2779 1374 2851 Sin
1399 2778 1550 2853 elitara

327 2894 537 2993 quibusdam
548 2906 802 2993 presumptum
818 2896 929 2971 fuerit
945 2896 1141 2984 inyacuum
1154 2893 1352 2968 deducatur
1364 2893 1459 2990 quod
1469 2915 1551 2990 ege·
1601 2955 1606 2966 .

329 3009 412 3097 rint,
430 3033 496 3084 nec
523 3007 616 3082 inter
638 3008 882 3085 ecclesiastica
908 3009 982 3082 ullo
1008 3008 1108 3081 modo
1132 3004 1366 3103 reputabitur.
1391 3005 1485 3079 Idem
1512 3005 1551 3079 in

329 3123 463 3197 eadem.
481 3121 519 3195 si
536 3122 617 3220 quis
635 3121 680 3196 ab
697 3122 866 3197 hodierna
882 3123 940 3198 die
957 3131 994 3197 et
1011 3120 1176 3217 deinceps
1194 3119 1408 3217 Episcopum
1424 3128 1551 3216 prater

329 3235 439 3309 huius
455 3244 590 3310 sanctae
610 3235 712 3309 Sedis
734 3237 948 3312 sententiam
975 3235 1144 3309 damnare
1168 3243 1232 3306 aut
1256 3233 1397 3330 propria
1421 3233 1552 3330 pellere

286 3329 301 3356 ⁰
331 3351 412 3426 sede
429 3351 706 3448 presumpserit,
723 3351 815 3425 sciat
832 3376 870 3426 se
893 3346 1219 3447 irrecuperabiliter
1243 3370 1318 3422 esse
1343 3348 1550 3421 damnatum

328 3473 364 3538 et
389 3463 530 3561 proprio
554 3488 676 3539 carere
697 3465 866 3564 perpetim
885 3464 1025 3539 honore.
1043 3467 1183 3561 Eosque
1208 3462 1268 3559 qui
1286 3461 1420 3559 absquo
1443 3460 1552 3535 huius

329 3578 429 3651 Sedis
446 3577 624 3652 sententia
648 3587 734 3652 sunt
758 3579 864 3654 eiecti
885 3576 945 3654 vel
972 3577 1143 3665 damnati,
1167 3577 1276 3650 huius
1301 3574 1402 3649 Sedis
1418 3584 1552 3649 sanctae

329 3691 542 3768 auctoritate
559 3693 685 3768 scitote
701 3693 890 3790 pristinam
905 3692 1062 3791 recipere
1077 3689 1364 3768 communionem
1377 3689 1463 3763 etin
1478 3711 1554 3786 pro·

331 3806 416 3903 priis
442 3806 583 3881 restitui
614 3806 766 3882 sedibus.
793 3807 969 3894 Quoniam
998 3815 1034 3880 et
1060 3805 1160 3903 prius
1185 3828 1207 3876 a
1231 3813 1388 3900 tempore
1412 3802 1554 3878 scilicet

330 3919 575 4018 Apostolorum
594 3922 670 3997 haec
687 3931 820 3998 sanctae
837 3922 922 3997 huic
942 3919 1024 3996 Sodi
1043 3942 1212 3995 concessa
1230 3926 1367 3992 suntet
1384 3915 1553 4014 proeain

329 4033 468 4108 Niccna
484 4032 605 4109 sinodo
622 4043 707 4108 sunt
724 4033 946 4109 concorditer
962 4033 1007 4107 ab
1024 4031 1192 4108 omnibus
1208 4029 1382 4105 roborata.
1400 4029 1496 4104 Idem
1515 4028 1552 4102 in

329 4147 460 4222 eadem.
479 4149 581 4223 Hanc
597 4148 741 4246 culpam
763 4147 965 4222 nullomodo
991 4144 1196 4246 potuissetis
1220 4143 1389 4230 incidere,
1408 4143 1439 4215 si
1458 4141 1552 4217 unde

331 4260 632 4335 consecrationem
644 4261 787 4338 honoris
796 4261 971 4357 accipitis,
980 4260 1062 4334 inde
1070 4260 1189 4354 legem
1202 4254 1555 4331 totiusobservantiae

331 4374 530 4462 sumeretis,
548 4384 583 4450 et
599 4375 694 4449 beati
714 4374 873 4472 Apostoli
891 4374 989 4448 Petri
1003 4373 1104 4448 sedes
1116 4395 1195 4469 quae
1208 4370 1309 4445 vobis
1324 4368 1553 4445 sacerdotalis

331 4498 444 4564 mater
461 4498 516 4563 cst
531 4488 731 4584 dignitatis,
749 4498 841 4567 osset
857 4487 1110 4564 ecclesiastice
1128 4486 1303 4585 magistra
1322 4482 1480 4562 rationis
