3608 5498
822 407 1018 469 -132-

312 553 391 600 mus
404 527 447 601 ad
462 532 601 602 nostras
614 525 823 623 apostolicas
836 549 940 600 aures
954 526 1029 601 fore
1042 536 1265 624 perventum,
1280 527 1438 602 Immolae
1450 529 1535 627 Epi·

310 663 456 736 scopum
473 640 518 715 ab
534 639 603 715 hae
619 639 699 715 luce
718 639 902 735 migrasse.
918 641 961 712 In
987 641 1093 714 cuius
1118 641 1334 716 successoris
1360 640 1533 717 electione

307 751 427 852 populi
445 752 655 828 divisionem
674 752 878 852 pervenisse
895 752 1111 828 audivimus.
1128 756 1227 841 Quod
1246 755 1330 852 quia
1347 780 1429 853 sepe
1451 779 1533 831 con-

306 865 450 963 tingere
475 866 573 956 solet,
598 867 841 966 quaerentibus
865 866 1033 964 singulis
1059 892 1138 966 quae
1163 894 1228 943 sua
1246 878 1341 959 sunt,
1359 893 1429 944 non
1451 894 1532 968 quae

306 978 412 1053 lhesu
432 979 580 1069 Christi,
597 981 682 1056 adeo
702 1003 772 1054 non
791 981 974 1055 miramur,
993 985 1253 1059 Verumtamen
1270 984 1467 1082 plurimum
1493 984 1531 1058 in

304 1092 372 1168 hoc
389 1103 490 1167 tuam
509 1103 644 1191 oportet
661 1094 821 1169 adhiberi
839 1093 1131 1185 sollicitudinem,
1157 1107 1198 1171 ut
1223 1107 1415 1173 convocato
1435 1098 1531 1174 clero

305 1218 342 1282 et
358 1207 496 1306 populo,
514 1209 634 1283 taliter
647 1208 737 1283 inibi
750 1208 933 1304 eligantur
946 1234 1008 1308 per
1022 1209 1087 1284 Dei
1103 1209 1392 1299 misericordiam,
1404 1211 1464 1287 eui
1477 1237 1533 1285 sa-

303 1324 355 1399 cri
373 1348 444 1399 uon
461 1324 605 1399 obvient
622 1348 785 1399 canones,
803 1323 1034 1399 Sacer-dotum
1053 1323 1181 1423 quippe
1199 1334 1254 1398 est
1278 1324 1414 1414 electio,
1433 1336 1469 1400 et
1491 1326 1529 1398 fi-

303 1434 391 1510 delis
409 1438 528 1535 populi
545 1462 740 1513 consensus
757 1437 980 1512 adhibendus
1000 1446 1065 1524 est,
1082 1438 1166 1535 quia
1183 1438 1363 1513 doeendus
1380 1463 1450 1513 non
1475 1463 1529 1514 se·

303 1550 465 1646 quendus
482 1560 537 1624 est
554 1550 714 1650 populus.
732 1551 839 1625 Idem.
859 1548 1044 1649 Walperto
1061 1551 1289 1625 Patriarehae.
1306 1554 1405 1626 Inter
1425 1562 1529 1629 caete-

302 1687 350 1736 ra.
367 1665 443 1737 Nec
461 1688 546 1739 vero
564 1664 691 1739 iterato
708 1665 773 1739 tibi
790 1663 983 1740 scribimus
999 1663 1161 1739 nolentes
1185 1664 1342 1740 alicuius
1366 1665 1528 1741 ecclesie

304 1775 538 1872 privilegium
557 1776 767 1875 infringere,
788 1777 875 1853 lieet
891 1776 1082 1874 apostoliea
1100 1779 1338 1875 prerogativa
1352 1779 1528 1877 possimus

300 1888 343 1962 de
359 1889 518 1986 qualibet
530 1891 682 1966 eeclesia
700 1892 872 1968 clericum
890 1889 1066 1968 ordinare.
1084 1891 1215 1966 Desine
1233 1893 1304 1965 iam
1323 1893 1526 1991 cuiuspiam

298 1998 374 2073 zelo
391 2000 562 2074 Comensi
581 1999 742 2075 ecclesiae
767 2001 966 2078 antistitem
992 2005 1175 2102 protelare.
1201 2006 1294 2092 Quia
1319 2007 1350 2081 si
1376 2009 1524 2106 protela-

300 2112 406 2201 veris,
424 2124 460 2189 et
477 2139 560 2189 eum
578 2137 797 2202 consecrare,
820 2117 1014 2192 tantotiens
1036 2117 1192 2192 monitus
1217 2143 1425 2221 consecrare
1450 2143 1522 2194 non

299 2226 557 2315 maturaveris,
582 2252 665 2303 cum
695 2228 739 2303 ad
769 2252 833 2303 nos
862 2231 1002 2306 venerit
1031 2231 1260 2329 proculdubio
1290 2244 1521 2309 consecratus

297 2339 416 2415 abibit.

825 2500 990 2585 oxovll.

390 2720 439 2771 Ex
456 2732 525 2784 reg.
545 2722 605 2772 VII
624 2720 770 2787 Gregorii
788 2736 860 2789 eap.
881 2723 998 2775 LXVII
1018 2723 1053 2775 et
1070 2723 1198 2774 LXVIII
1217 2721 1250 2772 in
1267 2723 1323 2774 lib.
1351 2722 1422 2774 VII.

390 2915 559 2988 Pervenit
575 2914 619 2988 ad
637 2939 699 2990 nos
716 2924 751 2990 te
764 2916 910 2990 fratrem
925 2922 961 2988 et
973 2914 1218 3011 coepiscopum
1232 2922 1393 2987 nostrum
1410 2911 1519 2987 Hein-

294 3025 408 3100 ricum
423 3028 671 3103 Leodioensem
685 3028 899 3126 Episcopum
913 3027 957 3100 ad
972 3025 1217 3122 Apostolorum
1233 3025 1358 3098 limina
1372 3026 1521 3100 venien·

290 3148 363 3214 tem
379 3139 424 3215 ab
442 3140 628 3240 Arnulpho
652 3142 779 3217 comite
805 3143 910 3218 rebus
927 3139 1000 3216 tuis
1012 3149 1047 3214 te
1061 3139 1276 3237 expoliatum
1289 3149 1325 3214 et
1337 3138 1382 3214 ad
1395 3139 1518 3236 nequi·

290 3257 351 3331 tiae
367 3258 619 3352 augmentium
638 3257 769 3352 gladiis
786 3257 905 3329 iurare
923 3252 1149 3350 compulsum
1168 3253 1261 3351 quod
1282 3253 1400 3328 ablata
1425 3278 1517 3326 nun-

290 3395 397 3468 quam
416 3383 603 3470 repeteres,
620 3383 656 3447 et
673 3372 781 3445 huius
798 3369 890 3445 tanti
905 3367 1051 3443 sceleris
1064 3392 1085 3440 a
1099 3367 1199 3441 nobis
1212 3367 1280 3442 sibi
1294 3367 1437 3442 veniam
1450 3366 1517 3440 im·

289 3496 456 3581 petrares
476 3487 631 3582 Cognita
647 3486 768 3584 itaque
785 3482 1001 3559 contumelia
1018 3481 1082 3556 tibi
1100 3482 1210 3556 immo
1226 3481 1327 3556 beato
1351 3484 1456 3556 Petro
1472 3480 1515 3553 il·

289 3598 372 3687 lata,
391 3601 493 3676 valde
510 3600 690 3675 doluimus
708 3609 909 3675 asserentes
926 3594 1189 3670 fraternitatem
1207 3603 1308 3669 tuam
1325 3594 1437 3667 nullis
1462 3593 1515 3667 iu·

290 3714 443 3787 ramenti
460 3714 619 3790 vinculis
643 3737 742 3812 posse
767 3711 893 3800 teneri,
909 3735 989 3809 quae
1012 3719 1085 3783 tam
1111 3707 1365 3783 nefandissime
1390 3719 1513 3782 coacta

289 3824 475 3901 iuraverit.
493 3827 596 3902 Unde
609 3838 644 3902 et
658 3826 860 3926 Apostolica
874 3834 909 3899 te
922 3823 1137 3898 auctoritate
1150 3821 1380 3909 absolvimus,
1392 3829 1434 3893 ut
1446 3843 1514 3894 nec

288 3947 360 4012 tuae
377 3939 435 4014 vel
453 3939 608 4015 alicuius
626 3939 852 4016 conscientie
869 3936 912 4010 ob
928 3934 995 4010 hoc
1013 3935 1168 4010 videaris
1185 3935 1348 4009 innexus.
1361 3935 1512 4029 Insuper

288 4053 397 4126 etiam
415 4055 535 4129 eadem
555 4054 639 4128 freti
657 4062 839 4150 potestate,
856 4075 900 4125 ne
918 4049 984 4126 hoe
1001 4051 1039 4123 in
1057 4050 1259 4149 exemplum
1283 4047 1421 4123 caeteris
1446 4047 1512 4120 im-

287 4164 393 4259 probe
402 4166 556 4242 audendi
570 4167 688 4265 peiora
701 4166 748 4241 sit
761 4165 937 4254 futurum,
950 4164 1054 4239 fratri
1068 4175 1186 4239 nostro
1198 4163 1418 4238 Vindunensi
1429 4161 1511 4258 Epi·

286 4301 401 4374 seopo,
418 4288 453 4353 et
471 4279 553 4353 aliis
578 4280 678 4353 illius
703 4279 827 4377 patriae
851 4278 945 4353 beati
972 4278 1070 4353 Petri
1096 4276 1261 4351 fidelibus
1284 4296 1509 4372 summopere

286 4391 523 4488 praecipimus,
537 4402 577 4466 ut
589 4417 671 4467 eum
686 4403 726 4466 ut
739 4402 936 4490 tyrannum
951 4402 986 4466 et
999 4390 1214 4467 Christianae
1228 4389 1413 4486 religionis
1425 4411 1508 4464 con·

285 4501 501 4579 euleatorem
520 4505 734 4603 inpugnant,
759 4514 795 4580 et
818 4503 929 4577 armis
953 4513 1027 4578 tarn
1052 4502 1258 4578 carnalibus
1274 4526 1382 4600 quam
1405 4500 1508 4599 spiri-
