3608 5498
823 424 861 439 ..
889 391 908 451 o
935 423 975 437 -

290 514 338 587 Ut
354 510 399 585 ab
415 510 580 585 omuibus
597 509 820 608 coepiscopis
837 508 959 584 eadam
977 507 1153 583 discussio
1170 510 1233 582 fiat
1249 508 1343 583 inter
1368 508 1509 606 provin·

360 622 463 699 ciam.
482 623 567 721 Cap.
590 626 663 698 LX.
680 632 718 698 ot
730 623 932 696 LXXVIII.

287 740 340 814 De
352 737 531 813 indicibus
547 737 673 812 dandis
689 736 733 811 ab
751 734 954 834 Apostolica
972 735 1070 810 Sede.
1085 736 1168 833 Cap.
1185 738 1319 810 XVIII.
1332 745 1367 811 et
1381 739 1461 811 XX.
1474 745 1510 812 ot

358 855 476 927 XXII.
491 854 655 926 XLVIII.
672 853 776 926 CLV.
793 852 989 926 CCXXVI.
1204 881 1207 887 ·

292 968 342 1040 Ile
357 964 626 1040 accusatoribus
652 962 803 1038 testibus
820 973 855 1037 et
872 963 914 1039 de
938 964 1117 1039 accusatis
1143 972 1179 1038 et
1202 963 1448 1039 defensoribus
1472 973 1508 1039 et

361 1079 445 1154 item
465 1078 507 1154 de
521 1078 700 1153 iudicibus
714 1090 750 1152 et
764 1078 860 1152 omni
875 1077 1046 1152 iudicaria
1058 1076 1190 1151 ordine.
1204 1075 1372 1174 Capitnla
1385 1077 1507 1152 CLVI.

365 1192 454 1269 libro
471 1204 607 1291 quarto.

288 1310 338 1382 De
356 1317 483 1383 exeant
468 1307 604 1382 toribus
621 1306 746 1380 dandis
763 1305 808 1379 ab
828 1305 960 1380 eadem.
978 1306 1062 1402 Cap.
1081 1305 1202 1380 CLVI.
1223 1306 1382 1379 CLXIII.
1408 1316 1445 1382 et
1470 1305 1506 1379 in

362 1422 430 1495 ΙΙΙο
448 1420 537 1494 libro
554 1422 682 1493 LXXI.
699 1421 810 1495 CXII
766 1419 961 1494 l.CXlIl

294 1537 345 1611 De
362 1535 480 1611 dubiis
498 1535 613 1611 rebus.
631 1536 715 1632 Cap.
733 1537 810 1610 XC.
827 1537 884 1610 CI.
902 1535 1104 1609 CXXXIII.

291 1651 389 1736 Quod
407 1649 657 1747 Episcoporum
676 1649 810 1725 iudicia
828 1647 1038 1746 Apostolicaa
1052 1647 1152 1722 Sedis
1170 1648 1382 1724 auctoritate
1397 1647 1510 1734 finita

360 1763 405 1836 ad
422 1763 581 1838 eamdem
601 1763 725 1838 referri
743 1762 902 1849 debeant,
878 1772 956 1835 tut
942 1761 1029 1835 tibi
1055 1762 1169 1835 deint
1154 1760 1403 1836 terminentur
1423 1763 1508 1860 Cap.

363 1881 423 1952 LV
427 1880 524 1951 Ile
542 1880 602 1951 LV
607 1880 685 1952 Illl.

292 1992 343 2065 De
377 1989 560 2088 Episcopis
584 1991 742 2088 expulsis
771 1992 902 2089 absque
928 1991 1005 2066 eius
1029 1989 1215 2065 sententia.
1242 1990 1325 2086 Cap.
1352 1992 1508 2064 XVIIII.

365 2107 547 2180 LXXlIlI.
564 2107 746 2179 LXXVII.

293 2221 344 2294 Do
361 2218 417 2293 his
434 2218 494 2315 qui
512 2241 571 2293 eos
588 2217 781 2315 expellunt.
799 2220 883 2317 Cap.
902 2221 1054 2294 XVIIII.
1072 2230 1107 2293 ct
1125 2220 1289 2291 LXXVI.

292 2335 343 2411 De
356 2332 654 2431 appellationibus
671 2331 924 2429 Episcoporum
942 2331 986 2405 ad
1013 2329 1248 2427 Apostolicaru
1269 2329 1406 2403 Sedem.
1426 2329 1511 2426 Cap.

366 2450 481 2522 VIIII.
497 2458 534 2522 et
551 2449 595 2520 X.
613 2456 649 2521 et
665 2450 729 2521 XI.
745 2449 897 2521 XVIIII.
913 2448 1022 2519 LIIII.
1039 2455 1074 2519 et
1092 2446 1218 2517 LVIII.

293 2562 394 2650 Quod
417 2560 666 2660 appellationis
690 2585 818 2637 causas
843 2560 919 2658 ipsa
948 2559 1050 2632 finire
1076 2557 1203 2655 possit,
1228 2556 1334 2631 etiam
1366 2555 1511 2631 absente

364 2677 545 2752 Pontifice.
564 2677 647 2773 Cap.
665 2678 773 2749 LlIIl.

298 2793 351 2867 De
368 2791 489 2867 eadem
508 2813 555 2865 re.
572 2790 657 2886 Cap.
675 2791 766 2863 LXI.
783 2791 964 2863 LXVllll.
981 2791 1092 2862 LXX.
1106 2789 1252 2861 LXXII.

294 2906 345 2981 De
362 2905 532 3003 Episcopo
549 2912 717 2979 accusato
729 2927 798 2977 nou
813 2902 1014 3000 appellante
1028 2901 1267 2998 Apostolicam
1278 2901 1512 2998 Sedem.Cap.

366 3020 532 3094 CXXVI.

294 3135 345 3207 De
386 3145 532 3206 evocato
572 3132 743 3229 Episcopo
775 3130 820 3204 ab
855 3129 1055 3226 Apostolica
1089 3129 1188 3203 Sede.
1223 3131 1308 3227 Cap.
1344 3131 1449 3203 LIIII.
1476 3139 1511 3203 et

369 3246 604 3320 CCXXXVI.

294 3361 346 3433 De
362 3358 561 3456 appellante
578 3357 623 3431 ab
640 3357 772 3432 eadem.
791 3358 875 3454 Cap.
894 3360 1060 3435 CXXVI.
1078 3361 1262 3435 CXXVII.

294 3474 340 3546 Et
357 3482 397 3546 ΙΙΙ
413 3472 504 3547 alter
522 3472 716 3569 Episcopus
734 3494 803 3546 non
821 3472 1005 3550 ordinetur
1028 3477 1065 3548 in
1083 3475 1164 3550 sede
1189 3474 1288 3549 illius
1305 3475 1410 3549 cuius
1433 3498 1513 3548 oau-

369 3612 444 3660 sam
463 3587 576 3685 ipsam
594 3587 750 3660 nondum
768 3586 897 3660 finivit.
915 3590 999 3685 Cap.
1017 3592 1178 3663 XXXI.
1197 3591 1306 3662 LVII.
1324 3590 1449 3662 LVIII.

296 3702 345 3775 Ut
361 3709 512 3775 vocatus
529 3699 723 3797 Episcopus
740 3699 785 3773 ad
802 3725 903 3772 snam
922 3702 1040 3776 sedern
1067 3725 1136 3775 non
1164 3702 1284 3776 redeat
1310 3700 1378 3774 nisi
1405 3725 1513 3775 causa

368 3840 434 3888 sua
453 3824 606 3912 peracta.
624 3815 708 3912 Cap.
725 3816 833 3888 LIIII.

164 3942 169 3949 “
293 3930 341 4003 ΙΙΙ
358 3938 502 4025 peracta
519 3952 627 4003 cansa
644 3951 714 4002 non
733 3927 854 4003 redeat
870 3928 1003 4028 absque
1022 3929 1233 4028 Apostolicis
1259 3928 1399 4004 litteris.
1425 3932 1513 4002 Item

366 4040 403 4114 iu
421 4040 542 4116 eodem
561 4043 646 4138 Cap.

295 4156 395 4244 Quod
412 4154 457 4228 ab
482 4155 646 4229 omnibus
671 4156 847 4254 oppressis
873 4159 1077 4256 Apostolioa
1104 4160 1192 4234 Sede
1217 4171 1253 4232 et
1279 4157 1510 4232 Sacerdoturn

369 4268 501 4345 iudicio
518 4269 688 4368 appellari
708 4270 827 4368 possit.
845 4272 929 4369 Cap.
948 4275 1110 4347 XLVIII.
1129 4275 1273 4347 LVIlII.

295 4385 347 4457 De
369 4383 709 4576 chiscquicapinrrt
743 4383 929 4461 uenientes
957 4387 1002 4460 ad
1035 4386 1205 4462 eamdem.
1248 4386 1333 4487 Cap.
1368 4385 1512 4469 LXXII.

399 4501 434 4574 X
468 4503 547 4576 VII.
