3608 5498
798 390 930 457 -477
957 426 999 443 -

289 518 374 584 tera
391 531 529 607 quoque
547 507 713 607 quamvis
724 508 768 583 ad
781 509 922 585 easdem
939 513 1120 589 ecclesias
1132 512 1193 588 vel
1205 513 1420 588 monasteria
1432 535 1511 610 per·

292 622 442 712 tineent,
455 631 556 697 extra
569 621 823 698 inmunitatem
842 648 930 699 esse.
944 628 1134 722 Propterea
1146 625 1312 699 volumus
1328 635 1435 722 atque
1451 623 1509 700 de-

289 735 482 823 ceruimus,
495 745 537 809 ut
549 758 671 811 omues
683 735 902 832 intelligant,
911 760 982 812 non
995 739 1110 813 solum
1123 739 1281 814 claustra
1294 738 1510 828 monasterii,

288 848 346 923 vel
356 847 536 937 aecclesias,
546 859 654 946 atque
663 849 811 925 aedificia
824 851 1057 928 ecclesiarum
1071 854 1138 928 sub
1151 852 1378 927 inmunitatis
1392 853 1511 927 defen·

290 963 389 1038 sione
403 963 608 1051 consistere,
618 988 744 1038 verum
756 965 865 1039 etium
876 965 1006 1056 domos,
1018 967 1137 1057 villas,
1146 964 1511 1065 septaquevillarum,

290 1086 327 1151 et
340 1075 530 1175 piscatoria
544 1101 653 1150 manu
667 1077 773 1167 facta,
786 1086 822 1152 et
835 1078 1003 1176 quicquid
1016 1079 1121 1154 fossis
1133 1090 1197 1154 aut
1209 1077 1363 1179 sepibus,
1375 1076 1434 1152 vel
1447 1076 1511 1151 ali·

290 1210 359 1286 quo
374 1187 551 1264 clausurae
567 1213 699 1285 genere
717 1189 963 1287 praecingitur,
979 1192 1100 1267 eodem
1117 1190 1346 1266 inmunitatis
1362 1189 1508 1265 nomine

290 1301 476 1390 contineri,
492 1311 528 1375 et
544 1302 715 1400 quicquid
731 1302 841 1375 huius
859 1303 1082 1378 munimenta
1103 1305 1276 1378 adversus
1300 1301 1508 1376 earumdem

291 1412 536 1503 ecclesiarum,
548 1414 608 1502 uel
622 1414 915 1490 monasteriorum
929 1416 1144 1513 pertinentia
1160 1441 1182 1489 a
1195 1413 1351 1512 quolibet
1368 1412 1510 1486 homine

291 1525 441 1600 nocendi
458 1525 516 1601 vel
533 1527 703 1600 damnum
723 1526 860 1601 ferendi
875 1551 996 1617 causa,
1010 1538 1205 1629 spontanea
1222 1527 1407 1600 voluntate
1419 1546 1513 1599 com·

292 1638 459 1727 mittitur,
471 1638 509 1710 in
521 1639 587 1715 hoc
599 1639 693 1714 lacto
709 1638 938 1718 inmunitatis
950 1641 1031 1717 iura
1047 1642 1162 1716 fracta
1175 1639 1389 1713 iudicentur.
1408 1635 1509 1723 Quod

292 1751 437 1825 veroin
454 1750 565 1846 agris,
582 1751 642 1826 uel
658 1751 805 1848 campis,
830 1775 872 1826 ac
898 1753 1000 1828 silvis
1025 1777 1104 1851 quae
1129 1754 1206 1828 sine
1230 1748 1510 1825 laborationibus

292 1870 430 1936 suntet
446 1862 647 1938 nullomodo
663 1863 862 1939 munitione
879 1866 1090 1961 cinguntur,
1107 1889 1195 1940 casu
1208 1864 1304 1938 sicut
1320 1862 1410 1936 solet
1422 1860 1511 1949 fieri,

292 1971 545 2069 aquibuslibet
553 1972 755 2049 homiuibus
763 1975 905 2075 aliquod
918 1975 1090 2050 damnum
1103 1976 1238 2050 fuctum
1254 1974 1375 2062 luerit,
1387 1995 1512 2069 quam·

294 2085 351 2158 vis
368 2084 461 2161 idem
479 2109 579 2182 ager,
591 2085 651 2162 vel
663 2111 821 2185 campus,
834 2086 892 2163 vel
905 2087 998 2161 silva
1011 2088 1055 2162 ab
1068 2086 1254 2163 ecclesiam
1268 2086 1326 2161 vel
1340 2092 1514 2159 munaste-

293 2196 389 2271 rium
406 2209 622 2297 praeceptum
639 2199 869 2275 inmunitatis
883 2199 1051 2275 habentia
1068 2199 1280 2298 pertineant,
1297 2221 1366 2273 uun
1389 2206 1513 2270 tamen

294 2308 333 2381 in
348 2308 416 2385 hoc
428 2309 627 2384 inmunitas
643 2311 756 2385 fracta
773 2310 988 2386 vindicanda
1007 2322 1071 2387 cst.
1088 2312 1238 2409 Ideoque
1255 2333 1325 2385 non
1343 2309 1406 2384 DC
1430 2307 1512 2382 soli·

294 2420 419 2494 dorum
436 2421 698 2519 compositione,
722 2423 782 2498 sed
800 2424 996 2498 secuudum
1014 2423 1131 2519 legem
1150 2446 1229 2521 quae
1246 2424 1284 2497 in
1304 2421 1425 2497 eodem
1437 2421 1513 2498 locu

297 2543 451 2624 tenetur,
463 2534 495 2610 is
507 2534 716 2610 multandus
732 2545 797 2625 est,
810 2535 871 2633 qui
889 2535 1097 2610 scandalum
1114 2534 1174 2610 vel
1186 2535 1380 2632 dampnum
1393 2532 1433 2606 in
1446 2531 1510 2606 tali

294 2645 370 2720 loco
386 2646 513 2721 fecisse
532 2646 719 2722 convictus
736 2647 856 2723 fuerit.

798 2812 915 2897 utlll.
942 2811 1020 2911 (sio)
1135 2829 1140 2834 *

619 2972 669 3022 Ex
687 2971 817 3036 legibus
836 2973 1029 3024 Francorum
1047 2972 1186 3034 Regum.

391 3102 429 3176 si
447 3103 528 3201 quis
545 3104 716 3202 Episcopo
732 3105 889 3202 aliquam
907 3103 1076 3178 iniuriam
1094 3113 1159 3177 aut
1176 3101 1348 3175 iniustam
1366 3101 1514 3176 debono

298 3216 468 3290 rationem
486 3215 623 3305 fecerit,
635 3216 678 3290 de
697 3216 773 3289 vita
790 3225 1033 3312 componatur,
1046 3225 1083 3290 et
1094 3214 1214 3288 omnia
1227 3238 1306 3311 quae
1319 3212 1449 3288 habere
1462 3213 1514 3286 vi·

297 3353 359 3401 sus
383 3327 503 3416 luerit,
528 3325 688 3402 ecclesia
713 3328 772 3401 oui
799 3337 924 3422 proeest
948 3327 1139 3416 socientur,
1163 3337 1199 3402 et
1224 3326 1325 3401 nobis
1350 3326 1389 3398 in
1405 3325 1514 3423 triplo

297 3439 438 3514 bannus
455 3449 585 3526 noster,
601 3438 692 3514 idest
709 3441 774 3513 LX
789 3438 917 3513 solidos
933 3439 1167 3536 persolvatur,
1180 3449 1244 3513 aut
1259 3439 1334 3537 ipse
1352 3438 1389 3512 iu
1403 3439 1517 3514 servi·

299 3553 349 3627 tio
365 3551 424 3626 vel
441 3551 526 3627 fisco
543 3561 662 3627 nostro
678 3551 881 3626 serviturus
898 3575 1037 3648 semper
1053 3551 1219 3640 societur,
1236 3575 1350 3648 usque
1371 3576 1409 3626 se
1428 3549 1517 3625 redi·

302 3688 398 3739 mere
410 3663 450 3736 in
463 3662 569 3760 triplo
581 3663 680 3737 iuxta
694 3662 945 3757 uuerigeldum
963 3688 1071 3738 suum
1088 3664 1252 3764 potuerit.
1268 3665 1401 3737 Sancta
1419 3661 1517 3736 enim

300 3773 460 3850 oeoclesia
475 3773 513 3846 in
525 3772 763 3848 sacerdotibus
776 3783 926 3863 constat,
944 3775 1076 3851 iccirco
1093 3799 1226 3870 magna
1244 3798 1344 3873 paena
1361 3772 1518 3871 pletendi

300 3896 396 3972 sunt,
413 3885 475 3983 qui
493 3885 687 3982 Episcopis,
702 3883 939 3983 Presbyteris,
952 3887 1120 3961 Diacouis
1139 3886 1307 3960 iniuriam
1321 3884 1380 3959 vel
1393 3895 1518 3960 contu·

301 3998 444 4073 melium
462 3997 622 4072 fecerint.
638 4000 733 4071 Nam
746 3996 918 4073 detractio
934 4022 1056 4073 eorum
1073 3997 1118 4072 ad
1140 3997 1326 4073 Christum
1352 3996 1519 4094 pertinet.

301 4111 420 4205 Igitur
437 4110 587 4205 sanguis
604 4109 727 4184 effusio
743 4109 781 4183 in
798 4109 959 4185 aecclesia
978 4110 1085 4197 facta,
1102 4134 1185 4184 curn
1205 4109 1309 4196 fuste,
1325 4109 1356 4182 si
1373 4107 1520 4207 presby·

303 4233 357 4296 ter
369 4221 489 4310 fuerit,
502 4221 540 4294 in
553 4220 659 4318 triplo
671 4230 911 4317 componatur.
924 4225 1002 4298 Due
1019 4245 1104 4298 vero
1116 4232 1236 4322 partes
1249 4220 1362 4295 eidem
1375 4221 1521 4318 presby-

301 4344 387 4421 tero,
403 4335 468 4407 ΙΙΙΙ
488 4333 657 4409 aecclesiae
674 4333 845 4430 prolrcdo,
861 4345 897 4408 et
914 4335 1059 4432 insuper
1076 4334 1218 4409 bannus
1235 4342 1365 4408 noster.
1388 4333 1521 4408 Simili·

302 4455 357 4520 ter
381 4445 424 4521 de
448 4444 595 4521 diacono
619 4443 720 4519 iuxta
744 4443 1033 4541 compositionem
1059 4443 1148 4533 eius,
1172 4441 1267 4518 etde
1291 4442 1520 4532 subdiacono,
