3608 5498
691 381 887 446 -201-

185 524 265 572 rum
283 499 438 594 negotiis
455 500 565 574 stulto
584 501 701 577 labore
717 501 905 576 deserviat.
923 501 992 577 Cui
1010 502 1200 577 consilium
1218 527 1299 579 mox
1311 523 1397 599 prae·

179 611 284 686 betur
302 621 343 684 ut
359 634 422 709 pro
438 636 476 687 se
493 612 581 687 alios
599 614 642 688 ad
660 614 781 711 iurgia
806 613 1003 690 dirimenda
1029 616 1235 706 constituat,
1260 626 1296 691 et
1321 617 1396 715 ipse

180 722 326 799 liberius
339 724 383 797 ad
400 725 608 800 erudiendos
620 727 765 825 populos
782 729 936 829 spatium
958 727 1114 804 archana
1136 739 1339 825 cognoscat.
1364 735 1397 805 A

177 837 347 913 subiectis
364 860 450 934 ergo
467 838 635 913 inferiora
652 841 809 936 gerenda
826 851 923 931 sunt,
936 868 956 915 a
971 842 1166 918 rectoribus
1185 869 1325 917 summa
1342 866 1397 919 co·

176 951 336 1048 gitanda,
353 959 394 1025 ut
411 951 551 1028 scilicet
567 953 711 1028 oculum
730 955 792 1052 qui
811 955 1038 1052 providendis
1054 955 1238 1054 gressibus
1254 959 1392 1054 proemi-

178 1075 249 1155 net,
262 1089 353 1140 cura
370 1064 529 1166 pulveris
547 1090 616 1142 non
633 1068 809 1144 obscuret.

722 1271 861 1357 LXXII.

295 1473 345 1522 Ex
363 1475 425 1525 1111
444 1474 527 1526 libro
546 1475 621 1528 vites
640 1476 672 1528 Β.
692 1473 840 1541 Gregorii
857 1476 960 1541 Papae
979 1489 1051 1543 cap.
1072 1476 1131 1530 VII
1152 1476 1187 1527 et
1204 1476 1289 1529 v111.

274 1637 471 1732 Gregorius
500 1637 751 1736 undecumque
781 1637 905 1736 potuit,
935 1639 1098 1715 meliores
1127 1638 1305 1736 episcopos
1333 1663 1395 1737 per

178 1773 318 1824 omnem
336 1773 437 1820 suam
459 1747 625 1822 diocesim
652 1749 911 1827 studiosissime
930 1753 1121 1841 ordinavit,
1138 1751 1189 1825 ita
1213 1761 1255 1826 ut
1278 1777 1395 1852 neque

178 1861 386 1938 Cardiuales
398 1861 558 1937 ecclesie
572 1888 657 1952 suae,
666 1888 780 1962 neque
795 1865 984 1941 monachos
996 1866 1204 1941 monasterii
1218 1866 1273 1938 sui
1284 1891 1393 1942 ’excu-

177 1984 281 2050 saret.
299 1975 390 2049 Solis
407 1975 614 2050 diaconibus
632 1976 669 2049 in
687 1976 756 2052 bac
773 2002 809 2052 re
827 1979 1006 2077 parcebat,
1024 2004 1177 2077 quorum
1195 1983 1232 2053 X
1253 1988 1289 2054 et
1306 1981 1394 2053 VIII

176 2089 396 2189 plenitudine
417 2088 645 2163 redundabat.
662 2091 825 2188 Cumque
843 2092 1044 2168 cardinales
1060 2093 1090 2167 si
1107 2103 1229 2168 tamen
1251 2115 1396 2167 cousen-

176 2205 244 2279 tire
261 2202 472 2277 voluntarie
485 2202 705 2300 proveheret,
715 2205 895 2280 neminem
905 2228 1049 2303 prorsus
1062 2214 1394 2305 quantumcumque

175 2317 386 2393 necessitate
398 2327 542 2392 coactus
551 2315 726 2392 violenter
738 2341 944 2416 promovere
957 2319 1128 2409 certabat,
1137 2343 1182 2394 ne
1191 2317 1259 2393 sub
1271 2316 1395 2392 huius-

177 2432 268 2506 modi
285 2431 466 2507 ocoasioue
484 2456 698 2529 quemquem
717 2432 941 2509 sublimando
958 2433 1129 2531 deponere
1146 2431 1338 2507 videretur.

708 2634 865 2718 LXXHI.

378 2840 427 2891 Ex
446 2840 508 2891 1111
526 2839 610 2893 libro
630 2839 708 2892 ritae
727 2840 758 2892 s.
778 2839 926 2905 Gregorii
942 2841 1046 2906 Papae
1065 2850 1137 2905 cap.
1157 2840 1191 2890 L.

271 3003 374 3078 Sicut
386 3027 407 3075 a
422 3000 613 3076 maioribus
626 3000 781 3075 traditur
794 3010 830 3077 et
843 3025 906 3077 nos
920 3025 1032 3099 usque
1046 3000 1090 3075 ad
1102 3010 1221 3076 nostra
1235 3008 1393 3097 tempora

175 3117 259 3191 dum
276 3114 395 3189 adbuc
410 3115 685 3213 pubesceremus
701 3114 815 3190 oculis
832 3118 963 3190 nostris
980 3114 1228 3215 conspeximus
1248 3135 1395 3188 consue·

176 3231 261 3305 tudo
281 3239 386 3304 vetus
402 3228 567 3318 obtinuit,
580 3238 622 3303 ut
637 3252 759 3305 omnes
777 3228 919 3304 Iudaico
945 3228 1206 3327 superstitionis
1222 3226 1394 3316 homines,

176 3352 505 3442 quantumcumque
535 3341 753 3440 pulcerrima
778 3342 1009 3417 mercimonia
1038 3342 1272 3431 detulissent,
1303 3365 1395 3413 nun·

176 3482 282 3556 quam
304 3455 568 3557 pontificalibus
592 3456 759 3554 alloquiis
776 3456 995 3546 fruerentur,
1011 3480 1195 3553 nunquam
1212 3452 1394 3554 optutibus

177 3570 388 3669 Apostolicis
405 3571 612 3670 potirentur.
630 3571 699 3646 Sed
719 3580 819 3645 extra
837 3568 959 3644 velum
981 3568 1201 3666 longissime
1226 3569 1394 3667 porticus,

176 3710 219 3760 ue
238 3685 380 3783 quidem
399 3686 436 3758 in
454 3686 625 3775 scamnis,
643 3685 704 3759 sed
722 3685 759 3758 in
783 3707 980 3759 marmoreo
1004 3685 1209 3782 pavimento
1234 3682 1396 3757 sedentes

177 3807 342 3896 suscepta
360 3798 473 3896 pretia
491 3797 738 3873 numerabant.
755 3802 848 3873 Nam
863 3797 1065 3872 reverende
1081 3795 1260 3872 memoriae
1277 3798 1395 3893 Nyco

176 3910 255 3985 laus
272 3910 436 3985 Pontifex
462 3911 653 3985 Arsenium
680 3906 857 4008 quondam
885 3914 1054 3986 Hortanae
1074 3910 1234 3985 civitatis
1254 3908 1395 4006 Episco

176 4051 272 4124 pum,
290 4024 452 4100 Iudaicas
469 4033 557 4100 tuuc
581 4025 736 4122 primum
754 4024 915 4122 pellicias
940 4024 1165 4099 introducere
1191 4021 1393 4097 molientem

176 4140 260 4215 adeo
276 4139 486 4214 aduersatus
503 4149 568 4228 est,
586 4148 627 4211 ut
643 4139 676 4213 ei
695 4137 889 4236 palatinam
914 4137 1172 4236 processionem
1189 4134 1299 4210 vellet
1323 4134 1395 4208 adi·

176 4278 284 4342 mere,
300 4253 369 4326 nisi
388 4252 631 4351 superstitiose
649 4252 771 4348 gentis
789 4252 951 4327 vestibus
967 4249 1162 4326 abiurendo
1179 4275 1263 4326 cum
1277 4272 1394 4324 sacer·

176 4365 353 4442 dotalibus
369 4366 494 4442 infulis
511 4365 851 4443 consuetudinaliter
868 4364 1054 4464 procedere
1070 4363 1274 4440 studuisset.
