<?xml version="1.0" encoding="UTF-8"?>
<!DOCTYPE html PUBLIC "-//W3C//DTD XHTML 1.0 Transitional//EN"
    "http://www.w3.org/TR/xhtml1/DTD/xhtml1-transitional.dtd">
<html xmlns="http://www.w3.org/1999/xhtml" xml:lang="en" lang="en">
 <head>
  <title>
</title>
<meta http-equiv="Content-Type" content="text/html;charset=utf-8" />
  <meta name='ocr-system' content='tesseract 3.04.00' />
  <meta name='ocr-capabilities' content='ocr_page ocr_carea ocr_par ocr_line ocrx_word'/>
</head>
<body>
  <div class='ocr_page' id='page_1' title='image "./collectiocanonu00deusgoog_0183.png"; bbox 0 0 3608 5498; ppageno 0'>
   <div class='ocr_carea' id='block_1_1' title="bbox 802 373 997 438">
    <p class='ocr_par' dir='ltr' id='par_1_1' title="bbox 802 373 997 438">
     <span class='ocr_line' id='line_1_1' title="bbox 802 373 997 438; baseline 0.015 -3"><span class='ocrx_word' id='word_1_1' title='bbox 802 373 997 438; x_wconf 82' lang='lat'>-152-</span> 
     </span>
    </p>
   </div>
   <div class='ocr_carea' id='block_1_2' title="bbox 287 494 1514 1054">
    <p class='ocr_par' dir='ltr' id='par_1_2' title="bbox 287 494 1514 1054">
     <span class='ocr_line' id='line_1_2' title="bbox 287 494 1511 593; baseline 0.002 -22"><span class='ocrx_word' id='word_1_2' title='bbox 287 505 323 571; x_wconf 90' lang='lat' dir='ltr'>et</span> <span class='ocrx_word' id='word_1_3' title='bbox 331 495 433 593; x_wconf 90' lang='lat' dir='ltr'>quasi</span> <span class='ocrx_word' id='word_1_4' title='bbox 444 495 482 567; x_wconf 91' lang='lat' dir='ltr'>in</span> <span class='ocrx_word' id='word_1_5' title='bbox 491 495 642 592; x_wconf 89' lang='lat' dir='ltr'>quodam</span> <span class='ocrx_word' id='word_1_6' title='bbox 653 494 797 593; x_wconf 87' lang='lat' dir='ltr'>speculo</span> <span class='ocrx_word' id='word_1_7' title='bbox 805 495 932 570; x_wconf 90' lang='lat' dir='ltr'>elucet.</span> <span class='ocrx_word' id='word_1_8' title='bbox 943 496 1100 572; x_wconf 82' lang='lat' dir='ltr'><strong>Accedat</strong></span> <span class='ocrx_word' id='word_1_9' title='bbox 1112 506 1232 572; x_wconf 85' lang='lat' dir='ltr'>tamen</span> <span class='ocrx_word' id='word_1_10' title='bbox 1246 497 1371 572; x_wconf 90' lang='lat' dir='ltr'>suavis</span> <span class='ocrx_word' id='word_1_11' title='bbox 1383 521 1511 587; x_wconf 90' lang='lat' dir='ltr'>serm0,</span> 
     </span>
     <span class='ocr_line' id='line_1_3' title="bbox 287 607 1511 708; baseline 0.002 -26"><span class='ocrx_word' id='word_1_12' title='bbox 287 619 330 684; x_wconf 92' lang='lat' dir='ltr'>ut</span> <span class='ocrx_word' id='word_1_13' title='bbox 346 608 514 685; x_wconf 82' lang='lat' dir='ltr'>conciliet</span> <span class='ocrx_word' id='word_1_14' title='bbox 526 607 593 682; x_wconf 85' lang='lat' dir='ltr'>sibi</span> <span class='ocrx_word' id='word_1_15' title='bbox 610 607 780 683; x_wconf 87' lang='lat' dir='ltr'>affectum</span> <span class='ocrx_word' id='word_1_16' title='bbox 798 608 1034 699; x_wconf 91' lang='lat' dir='ltr'>audientium,</span> <span class='ocrx_word' id='word_1_17' title='bbox 1050 620 1269 708; x_wconf 85' lang='lat' dir='ltr'>gratumque</span> <span class='ocrx_word' id='word_1_18' title='bbox 1283 636 1322 687; x_wconf 90' lang='lat' dir='ltr'>se</span> <span class='ocrx_word' id='word_1_19' title='bbox 1335 610 1393 687; x_wconf 85' lang='lat' dir='ltr'>vel</span> <span class='ocrx_word' id='word_1_20' title='bbox 1407 611 1511 686; x_wconf 89' lang='lat' dir='ltr'>fami·</span> 
     </span>
     <span class='ocr_line' id='line_1_4' title="bbox 290 722 1512 825; baseline 0.005 -29"><span class='ocrx_word' id='word_1_21' title='bbox 290 722 452 812; x_wconf 91' lang='lat' dir='ltr'>liaribus,</span> <span class='ocrx_word' id='word_1_22' title='bbox 469 722 529 797; x_wconf 90' lang='lat' dir='ltr'>vel</span> <span class='ocrx_word' id='word_1_23' title='bbox 546 722 699 812; x_wconf 90' lang='lat' dir='ltr'>civibus,</span> <span class='ocrx_word' id='word_1_24' title='bbox 717 722 776 797; x_wconf 90' lang='lat' dir='ltr'>vel</span> <span class='ocrx_word' id='word_1_25' title='bbox 794 723 825 797; x_wconf 89' lang='lat' dir='ltr'>si</span> <span class='ocrx_word' id='word_1_26' title='bbox 843 723 920 798; x_wconf 88' lang='lat' dir='ltr'>fieri</span> <span class='ocrx_word' id='word_1_27' title='bbox 937 734 1052 823; x_wconf 88' lang='lat' dir='ltr'>potest</span> <span class='ocrx_word' id='word_1_28' title='bbox 1072 724 1237 800; x_wconf 87' lang='lat' dir='ltr'>omnibus</span> <span class='ocrx_word' id='word_1_29' title='bbox 1253 725 1416 825; x_wconf 79' lang='lat' dir='ltr'>praebeat.</span> <span class='ocrx_word' id='word_1_30' title='bbox 1433 729 1512 802; x_wconf 92' lang='lat' dir='ltr'>Nec</span> 
     </span>
     <span class='ocr_line' id='line_1_5' title="bbox 289 835 1514 936; baseline 0.004 -25"><span class='ocrx_word' id='word_1_31' title='bbox 289 836 496 911; x_wconf 79' lang='lat' dir='ltr'><strong>adulantem</strong></span> <span class='ocrx_word' id='word_1_32' title='bbox 513 861 562 925; x_wconf 86' lang='lat' dir='ltr'>se,</span> <span class='ocrx_word' id='word_1_33' title='bbox 579 861 646 912; x_wconf 88' lang='lat' dir='ltr'>nec</span> <span class='ocrx_word' id='word_1_34' title='bbox 662 835 882 924; x_wconf 91' lang='lat' dir='ltr'>adulandum</span> <span class='ocrx_word' id='word_1_35' title='bbox 899 837 1030 936; x_wconf 90' lang='lat' dir='ltr'>cuique</span> <span class='ocrx_word' id='word_1_36' title='bbox 1048 838 1221 914; x_wconf 84' lang='lat' dir='ltr'>exhibeat</span> <span class='ocrx_word' id='word_1_37' title='bbox 1238 838 1405 915; x_wconf 88' lang='lat' dir='ltr'>Alterum</span> <span class='ocrx_word' id='word_1_38' title='bbox 1427 863 1514 916; x_wconf 87' lang='lat' dir='ltr'>vero</span> 
     </span>
     <span class='ocr_line' id='line_1_6' title="bbox 290 948 1512 1054; baseline 0.003 -28"><span class='ocrx_word' id='word_1_39' title='bbox 290 949 499 1026; x_wconf 82' lang='lat' dir='ltr'>calliditatis</span> <span class='ocrx_word' id='word_1_40' title='bbox 522 959 578 1024; x_wconf 90' lang='lat' dir='ltr'>est</span> <span class='ocrx_word' id='word_1_41' title='bbox 602 948 774 1024; x_wconf 79' lang='lat' dir='ltr'>vanitatis</span> <span class='ocrx_word' id='word_1_42' title='bbox 798 950 964 1025; x_wconf 90' lang='lat' dir='ltr'>alterum.</span> <span class='ocrx_word' id='word_1_43' title='bbox 987 956 1068 1027; x_wconf 93' lang='lat' dir='ltr'>Non</span> <span class='ocrx_word' id='word_1_44' title='bbox 1093 952 1266 1054; x_wconf 89' lang='lat' dir='ltr'>despiciat</span> <span class='ocrx_word' id='word_1_45' title='bbox 1290 954 1383 1051; x_wconf 91' lang='lat' dir='ltr'>quod</span> <span class='ocrx_word' id='word_1_46' title='bbox 1406 953 1450 1030; x_wconf 89' lang='lat' dir='ltr'>de</span> <span class='ocrx_word' id='word_1_47' title='bbox 1474 979 1512 1030; x_wconf 85' lang='lat' dir='ltr'>sa</span> 
     </span>
    </p>
   </div>
   <div class='ocr_carea' id='block_1_3' title="bbox 288 1062 1516 4579">
    <p class='ocr_par' dir='ltr' id='par_1_3' title="bbox 288 1062 1516 4579">
     <span class='ocr_line' id='line_1_7' title="bbox 290 1062 1514 1164; baseline 0.004 -27"><span class='ocrx_word' id='word_1_48' title='bbox 290 1063 548 1162; x_wconf 82' lang='lat' dir='ltr'>unusquisque,</span> <span class='ocrx_word' id='word_1_49' title='bbox 565 1072 601 1138; x_wconf 90' lang='lat' dir='ltr'>et</span> <span class='ocrx_word' id='word_1_50' title='bbox 618 1062 773 1138; x_wconf 89' lang='lat' dir='ltr'>maxime</span> <span class='ocrx_word' id='word_1_51' title='bbox 790 1063 849 1136; x_wconf 87' lang='lat' dir='ltr'>vir</span> <span class='ocrx_word' id='word_1_52' title='bbox 866 1065 1022 1164; x_wconf 91' lang='lat' dir='ltr'>optimus</span> <span class='ocrx_word' id='word_1_53' title='bbox 1040 1066 1182 1155; x_wconf 89' lang='lat' dir='ltr'>sentiat,</span> <span class='ocrx_word' id='word_1_54' title='bbox 1198 1065 1265 1142; x_wconf 93' lang='lat' dir='ltr'>hoc</span> <span class='ocrx_word' id='word_1_55' title='bbox 1289 1067 1386 1142; x_wconf 90' lang='lat' dir='ltr'>enim</span> <span class='ocrx_word' id='word_1_56' title='bbox 1412 1067 1514 1142; x_wconf 93' lang='lat' dir='ltr'>modo</span> 
     </span>
     <span class='ocr_line' id='line_1_8' title="bbox 288 1175 1512 1276; baseline 0.002 -24"><span class='ocrx_word' id='word_1_57' title='bbox 288 1176 395 1253; x_wconf 80' lang='lat' dir='ltr'>discit</span> <span class='ocrx_word' id='word_1_58' title='bbox 410 1176 512 1252; x_wconf 94' lang='lat' dir='ltr'>bonis</span> <span class='ocrx_word' id='word_1_59' title='bbox 529 1175 664 1251; x_wconf 89' lang='lat' dir='ltr'>deferre</span> <span class='ocrx_word' id='word_1_60' title='bbox 683 1177 932 1253; x_wconf 85' lang='lat' dir='ltr'>reverentiam.</span> <span class='ocrx_word' id='word_1_61' title='bbox 948 1183 1042 1254; x_wconf 90' lang='lat' dir='ltr'>Nam</span> <span class='ocrx_word' id='word_1_62' title='bbox 1060 1179 1254 1276; x_wconf 82' lang='lat' dir='ltr'>neglegere</span> <span class='ocrx_word' id='word_1_63' title='bbox 1267 1181 1439 1255; x_wconf 91' lang='lat' dir='ltr'>bonorum</span> <span class='ocrx_word' id='word_1_64' title='bbox 1456 1180 1512 1256; x_wconf 91' lang='lat' dir='ltr'>iu·</span> 
     </span>
     <span class='ocr_line' id='line_1_9' title="bbox 290 1290 1515 1392; baseline 0.001 -24"><span class='ocrx_word' id='word_1_65' title='bbox 290 1293 396 1384; x_wconf 84' lang='lat' dir='ltr'>dicia,</span> <span class='ocrx_word' id='word_1_66' title='bbox 408 1292 467 1368; x_wconf 88' lang='lat' dir='ltr'>vel</span> <span class='ocrx_word' id='word_1_67' title='bbox 480 1291 776 1388; x_wconf 81' lang='lat' dir='ltr'>arrogantiae,vel</span> <span class='ocrx_word' id='word_1_68' title='bbox 788 1290 1031 1368; x_wconf 90' lang='lat' dir='ltr'>dissolutionis</span> <span class='ocrx_word' id='word_1_69' title='bbox 1043 1303 1110 1382; x_wconf 92' lang='lat' dir='ltr'>est,</span> <span class='ocrx_word' id='word_1_70' title='bbox 1123 1317 1274 1392; x_wconf 92' lang='lat' dir='ltr'>quorum</span> <span class='ocrx_word' id='word_1_71' title='bbox 1287 1293 1442 1370; x_wconf 88' lang='lat' dir='ltr'>alterum</span> <span class='ocrx_word' id='word_1_72' title='bbox 1456 1321 1515 1369; x_wconf 91' lang='lat' dir='ltr'>su·</span> 
     </span>
     <span class='ocr_line' id='line_1_10' title="bbox 289 1404 1513 1507; baseline -0.001 -23"><span class='ocrx_word' id='word_1_73' title='bbox 289 1407 420 1507; x_wconf 83' lang='lat' dir='ltr'>perbiae</span> <span class='ocrx_word' id='word_1_74' title='bbox 437 1405 641 1494; x_wconf 79' lang='lat' dir='ltr'>ascribitur,</span> <span class='ocrx_word' id='word_1_75' title='bbox 658 1404 810 1480; x_wconf 90' lang='lat' dir='ltr'>alterum</span> <span class='ocrx_word' id='word_1_76' title='bbox 829 1406 1081 1503; x_wconf 80' lang='lat' dir='ltr'>neglegentiae.</span> <span class='ocrx_word' id='word_1_77' title='bbox 1098 1408 1234 1484; x_wconf 85' lang='lat' dir='ltr'>Caveat</span> <span class='ocrx_word' id='word_1_78' title='bbox 1258 1407 1368 1483; x_wconf 89' lang='lat' dir='ltr'>etiarn</span> <span class='ocrx_word' id='word_1_79' title='bbox 1394 1419 1513 1483; x_wconf 89' lang='lat' dir='ltr'>motus</span> 
     </span>
     <span class='ocr_line' id='line_1_11' title="bbox 289 1518 1513 1620; baseline 0.002 -25"><span class='ocrx_word' id='word_1_80' title='bbox 289 1520 402 1595; x_wconf 90' lang='lat' dir='ltr'>animi</span> <span class='ocrx_word' id='word_1_81' title='bbox 420 1520 486 1594; x_wconf 91' lang='lat' dir='ltr'>sui.</span> <span class='ocrx_word' id='word_1_82' title='bbox 503 1523 582 1618; x_wconf 89' lang='lat' dir='ltr'>Ipse</span> <span class='ocrx_word' id='word_1_83' title='bbox 599 1518 695 1594; x_wconf 90' lang='lat' dir='ltr'>enim</span> <span class='ocrx_word' id='word_1_84' title='bbox 714 1518 783 1592; x_wconf 90' lang='lat' dir='ltr'>sibi</span> <span class='ocrx_word' id='word_1_85' title='bbox 801 1529 837 1593; x_wconf 90' lang='lat' dir='ltr'>et</span> <span class='ocrx_word' id='word_1_86' title='bbox 854 1519 1097 1596; x_wconf 88' lang='lat' dir='ltr'>observandus</span> <span class='ocrx_word' id='word_1_87' title='bbox 1114 1532 1150 1597; x_wconf 87' lang='lat' dir='ltr'>et</span> <span class='ocrx_word' id='word_1_88' title='bbox 1166 1521 1513 1620; x_wconf 87' lang='lat' dir='ltr'>circumspiciendus</span> 
     </span>
     <span class='ocr_line' id='line_1_12' title="bbox 291 1633 1515 1725; baseline -0.001 -15"><span class='ocrx_word' id='word_1_89' title='bbox 291 1645 356 1725; x_wconf 89' lang='lat' dir='ltr'>est,</span> <span class='ocrx_word' id='word_1_90' title='bbox 373 1645 408 1710; x_wconf 90' lang='lat' dir='ltr'>et</span> <span class='ocrx_word' id='word_1_91' title='bbox 421 1645 462 1709; x_wconf 89' lang='lat' dir='ltr'>ut</span> <span class='ocrx_word' id='word_1_92' title='bbox 475 1633 667 1708; x_wconf 87' lang='lat' dir='ltr'>adversum</span> <span class='ocrx_word' id='word_1_93' title='bbox 681 1656 718 1707; x_wconf 90' lang='lat' dir='ltr'>se</span> <span class='ocrx_word' id='word_1_94' title='bbox 732 1633 915 1708; x_wconf 90' lang='lat' dir='ltr'>cavendus</span> <span class='ocrx_word' id='word_1_95' title='bbox 927 1634 979 1708; x_wconf 88' lang='lat' dir='ltr'>ita</span> <span class='ocrx_word' id='word_1_96' title='bbox 995 1633 1103 1709; x_wconf 89' lang='lat' dir='ltr'>etiam</span> <span class='ocrx_word' id='word_1_97' title='bbox 1121 1634 1164 1709; x_wconf 90' lang='lat' dir='ltr'>de</span> <span class='ocrx_word' id='word_1_98' title='bbox 1181 1659 1219 1710; x_wconf 91' lang='lat' dir='ltr'>se</span> <span class='ocrx_word' id='word_1_99' title='bbox 1235 1635 1401 1725; x_wconf 91' lang='lat' dir='ltr'>tuendus,</span> <span class='ocrx_word' id='word_1_100' title='bbox 1418 1637 1515 1711; x_wconf 90' lang='lat' dir='ltr'>sicut</span> 
     </span>
     <span class='ocr_line' id='line_1_13' title="bbox 291 1746 1514 1848; baseline 0.001 -25"><span class='ocrx_word' id='word_1_101' title='bbox 291 1759 408 1823; x_wconf 93' lang='lat' dir='ltr'>motus</span> <span class='ocrx_word' id='word_1_102' title='bbox 422 1749 459 1821; x_wconf 92' lang='lat' dir='ltr'>in</span> <span class='ocrx_word' id='word_1_103' title='bbox 473 1746 603 1846; x_wconf 91' lang='lat' dir='ltr'>quibus</span> <span class='ocrx_word' id='word_1_104' title='bbox 620 1756 674 1821; x_wconf 91' lang='lat' dir='ltr'>est</span> <span class='ocrx_word' id='word_1_105' title='bbox 690 1746 871 1843; x_wconf 90' lang='lat' dir='ltr'>appetitus</span> <span class='ocrx_word' id='word_1_106' title='bbox 883 1746 955 1836; x_wconf 92' lang='lat' dir='ltr'>ille,</span> <span class='ocrx_word' id='word_1_107' title='bbox 965 1747 1026 1846; x_wconf 90' lang='lat' dir='ltr'>qui</span> <span class='ocrx_word' id='word_1_108' title='bbox 1035 1747 1137 1845; x_wconf 92' lang='lat' dir='ltr'>quasi</span> <span class='ocrx_word' id='word_1_109' title='bbox 1151 1747 1300 1845; x_wconf 90' lang='lat' dir='ltr'>quodam</span> <span class='ocrx_word' id='word_1_110' title='bbox 1314 1750 1514 1848; x_wconf 89' lang='lat' dir='ltr'>prorumpit</span> 
     </span>
     <span class='ocr_line' id='line_1_14' title="bbox 294 1859 1514 1963; baseline 0.002 -27"><span class='ocrx_word' id='word_1_111' title='bbox 294 1864 441 1963; x_wconf 91' lang='lat' dir='ltr'>impetu.</span> <span class='ocrx_word' id='word_1_112' title='bbox 459 1863 561 1938; x_wconf 90' lang='lat' dir='ltr'>Unde</span> <span class='ocrx_word' id='word_1_113' title='bbox 578 1886 696 1959; x_wconf 74' lang='lat' dir='ltr'>graece</span> <span class='ocrx_word' id='word_1_114' title='bbox 714 1886 827 1935; x_wconf 82' lang='lat' dir='ltr'>norun</span> <span class='ocrx_word' id='word_1_115' title='bbox 844 1859 977 1937; x_wconf 91' lang='lat' dir='ltr'>dicitur</span> <span class='ocrx_word' id='word_1_116' title='bbox 994 1860 1084 1958; x_wconf 93' lang='lat' dir='ltr'>quod</span> <span class='ocrx_word' id='word_1_117' title='bbox 1108 1870 1149 1934; x_wconf 91' lang='lat' dir='ltr'>ut</span> <span class='ocrx_word' id='word_1_118' title='bbox 1173 1860 1323 1958; x_wconf 91' lang='lat' dir='ltr'>quodam</span> <span class='ocrx_word' id='word_1_119' title='bbox 1349 1872 1514 1960; x_wconf 84' lang='lat' dir='ltr'>serpente</span> 
     </span>
     <span class='ocr_line' id='line_1_15' title="bbox 293 1973 1515 2076; baseline 0.001 -26"><span class='ocrx_word' id='word_1_120' title='bbox 293 1977 472 2076; x_wconf 87' lang='lat' dir='ltr'>proripiat.</span> <span class='ocrx_word' id='word_1_121' title='bbox 488 1981 569 2051; x_wconf 94' lang='lat' dir='ltr'>Non</span> <span class='ocrx_word' id='word_1_122' title='bbox 588 1976 775 2051; x_wconf 90' lang='lat' dir='ltr'>mediocris</span> <span class='ocrx_word' id='word_1_123' title='bbox 793 1976 831 2048; x_wconf 92' lang='lat' dir='ltr'>in</span> <span class='ocrx_word' id='word_1_124' title='bbox 847 1975 904 2049; x_wconf 89' lang='lat' dir='ltr'>his</span> <span class='ocrx_word' id='word_1_125' title='bbox 921 1973 979 2048; x_wconf 86' lang='lat' dir='ltr'>vis</span> <span class='ocrx_word' id='word_1_126' title='bbox 997 1974 1160 2072; x_wconf 82' lang='lat' dir='ltr'>quaedam</span> <span class='ocrx_word' id='word_1_127' title='bbox 1184 1973 1296 2047; x_wconf 93' lang='lat' dir='ltr'>animi</span> <span class='ocrx_word' id='word_1_128' title='bbox 1320 1985 1431 2074; x_wconf 89' lang='lat' dir='ltr'>atque</span> <span class='ocrx_word' id='word_1_129' title='bbox 1452 2001 1515 2051; x_wconf 88' lang='lat' dir='ltr'>ua·</span> 
     </span>
     <span class='ocr_line' id='line_1_16' title="bbox 290 2088 1511 2185; baseline 0 -20"><span class='ocrx_word' id='word_1_130' title='bbox 290 2101 372 2165; x_wconf 89' lang='lat' dir='ltr'>tura</span> <span class='ocrx_word' id='word_1_131' title='bbox 389 2100 453 2165; x_wconf 90' lang='lat' dir='ltr'>est.</span> <span class='ocrx_word' id='word_1_132' title='bbox 471 2093 559 2176; x_wconf 83' lang='lat' dir='ltr'>Quoe</span> <span class='ocrx_word' id='word_1_133' title='bbox 575 2100 695 2165; x_wconf 89' lang='lat' dir='ltr'>tamen</span> <span class='ocrx_word' id='word_1_134' title='bbox 714 2089 770 2162; x_wconf 88' lang='lat' dir='ltr'>vis</span> <span class='ocrx_word' id='word_1_135' title='bbox 783 2089 930 2185; x_wconf 84' lang='lat' dir='ltr'>gemina</span> <span class='ocrx_word' id='word_1_136' title='bbox 943 2097 1009 2177; x_wconf 90' lang='lat' dir='ltr'>est,</span> <span class='ocrx_word' id='word_1_137' title='bbox 1021 2114 1094 2162; x_wconf 92' lang='lat' dir='ltr'>uua</span> <span class='ocrx_word' id='word_1_138' title='bbox 1107 2088 1144 2162; x_wconf 93' lang='lat' dir='ltr'>in</span> <span class='ocrx_word' id='word_1_139' title='bbox 1158 2089 1331 2185; x_wconf 89' lang='lat' dir='ltr'>appetitu,</span> <span class='ocrx_word' id='word_1_140' title='bbox 1343 2089 1457 2164; x_wconf 89' lang='lat' dir='ltr'>altera</span> <span class='ocrx_word' id='word_1_141' title='bbox 1471 2090 1511 2165; x_wconf 90' lang='lat' dir='ltr'>in</span> 
     </span>
     <span class='ocr_line' id='line_1_17' title="bbox 289 2200 1516 2303; baseline 0.002 -25"><span class='ocrx_word' id='word_1_142' title='bbox 289 2205 426 2279; x_wconf 89' lang='lat' dir='ltr'>ratione</span> <span class='ocrx_word' id='word_1_143' title='bbox 442 2203 566 2302; x_wconf 86' lang='lat' dir='ltr'>posita,</span> <span class='ocrx_word' id='word_1_144' title='bbox 584 2227 663 2301; x_wconf 84' lang='lat' dir='ltr'>quoe</span> <span class='ocrx_word' id='word_1_145' title='bbox 680 2203 878 2302; x_wconf 91' lang='lat' dir='ltr'>appetitum</span> <span class='ocrx_word' id='word_1_146' title='bbox 897 2202 1064 2291; x_wconf 87' lang='lat' dir='ltr'>refrenet,</span> <span class='ocrx_word' id='word_1_147' title='bbox 1081 2213 1118 2278; x_wconf 92' lang='lat' dir='ltr'>et</span> <span class='ocrx_word' id='word_1_148' title='bbox 1140 2200 1209 2277; x_wconf 89' lang='lat' dir='ltr'>sibi</span> <span class='ocrx_word' id='word_1_149' title='bbox 1226 2203 1410 2280; x_wconf 85' lang='lat' dir='ltr'>obediente</span> <span class='ocrx_word' id='word_1_150' title='bbox 1427 2229 1516 2303; x_wconf 63' lang='lat' dir='ltr'>pra</span> 
     </span>
     <span class='ocr_line' id='line_1_18' title="bbox 290 2315 1516 2415; baseline -0.001 -21"><span class='ocrx_word' id='word_1_151' title='bbox 290 2330 345 2394; x_wconf 89' lang='lat' dir='ltr'>est</span> <span class='ocrx_word' id='word_1_152' title='bbox 369 2328 406 2394; x_wconf 93' lang='lat' dir='ltr'>et</span> <span class='ocrx_word' id='word_1_153' title='bbox 429 2318 537 2393; x_wconf 91' lang='lat' dir='ltr'>ducat</span> <span class='ocrx_word' id='word_1_154' title='bbox 561 2341 631 2415; x_wconf 94' lang='lat' dir='ltr'>quo</span> <span class='ocrx_word' id='word_1_155' title='bbox 663 2317 763 2404; x_wconf 82' lang='lat' dir='ltr'>velit,</span> <span class='ocrx_word' id='word_1_156' title='bbox 788 2327 824 2392; x_wconf 91' lang='lat' dir='ltr'>et</span> <span class='ocrx_word' id='word_1_157' title='bbox 848 2326 1032 2413; x_wconf 89' lang='lat' dir='ltr'>tamquam</span> <span class='ocrx_word' id='word_1_158' title='bbox 1058 2315 1181 2392; x_wconf 90' lang='lat' dir='ltr'>sedulo</span> <span class='ocrx_word' id='word_1_159' title='bbox 1205 2316 1415 2413; x_wconf 84' lang='lat' dir='ltr'>magisterio</span> <span class='ocrx_word' id='word_1_160' title='bbox 1438 2318 1516 2394; x_wconf 92' lang='lat' dir='ltr'>edo-</span> 
     </span>
     <span class='ocr_line' id='line_1_19' title="bbox 290 2428 1516 2529; baseline 0 -22"><span class='ocrx_word' id='word_1_161' title='bbox 290 2441 380 2520; x_wconf 88' lang='lat' dir='ltr'>ceat,</span> <span class='ocrx_word' id='word_1_162' title='bbox 389 2429 475 2529; x_wconf 92' lang='lat' dir='ltr'>quid</span> <span class='ocrx_word' id='word_1_163' title='bbox 488 2429 577 2518; x_wconf 90' lang='lat' dir='ltr'>fieri,</span> <span class='ocrx_word' id='word_1_164' title='bbox 591 2429 723 2528; x_wconf 88' lang='lat' dir='ltr'>quidve</span> <span class='ocrx_word' id='word_1_165' title='bbox 735 2428 844 2503; x_wconf 87' lang='lat' dir='ltr'>vitari</span> <span class='ocrx_word' id='word_1_166' title='bbox 857 2439 1026 2527; x_wconf 89' lang='lat' dir='ltr'>oporteat,</span> <span class='ocrx_word' id='word_1_167' title='bbox 1039 2440 1080 2505; x_wconf 93' lang='lat' dir='ltr'>ut</span> <span class='ocrx_word' id='word_1_168' title='bbox 1092 2430 1181 2506; x_wconf 91' lang='lat' dir='ltr'>bone</span> <span class='ocrx_word' id='word_1_169' title='bbox 1194 2430 1371 2507; x_wconf 89' lang='lat' dir='ltr'>domitrici</span> <span class='ocrx_word' id='word_1_170' title='bbox 1383 2432 1516 2507; x_wconf 89' lang='lat' dir='ltr'>obtem·</span> 
     </span>
     <span class='ocr_line' id='line_1_20' title="bbox 291 2543 1516 2644; baseline 0.001 -26"><span class='ocrx_word' id='word_1_171' title='bbox 291 2555 399 2644; x_wconf 89' lang='lat' dir='ltr'>peret.</span> <span class='ocrx_word' id='word_1_172' title='bbox 418 2543 569 2620; x_wconf 84' lang='lat' dir='ltr'>Solliciti</span> <span class='ocrx_word' id='word_1_173' title='bbox 587 2544 683 2620; x_wconf 89' lang='lat' dir='ltr'>enim</span> <span class='ocrx_word' id='word_1_174' title='bbox 701 2568 778 2620; x_wconf 91' lang='lat' dir='ltr'>esse</span> <span class='ocrx_word' id='word_1_175' title='bbox 796 2543 976 2632; x_wconf 86' lang='lat' dir='ltr'>debemus,</span> <span class='ocrx_word' id='word_1_176' title='bbox 992 2567 1038 2618; x_wconf 89' lang='lat' dir='ltr'>ne</span> <span class='ocrx_word' id='word_1_177' title='bbox 1055 2543 1141 2641; x_wconf 95' lang='lat' dir='ltr'>quid</span> <span class='ocrx_word' id='word_1_178' title='bbox 1165 2554 1313 2634; x_wconf 82' lang='lat' dir='ltr'>temere,</span> <span class='ocrx_word' id='word_1_179' title='bbox 1334 2555 1399 2620; x_wconf 90' lang='lat' dir='ltr'>aut</span> <span class='ocrx_word' id='word_1_180' title='bbox 1415 2544 1516 2621; x_wconf 91' lang='lat' dir='ltr'>incu-</span> 
     </span>
     <span class='ocr_line' id='line_1_21' title="bbox 294 2656 1512 2757; baseline 0 -24"><span class='ocrx_word' id='word_1_181' title='bbox 294 2661 385 2736; x_wconf 88' lang='lat' dir='ltr'>riose</span> <span class='ocrx_word' id='word_1_182' title='bbox 401 2684 584 2756; x_wconf 83' lang='lat' dir='ltr'>geramus,</span> <span class='ocrx_word' id='word_1_183' title='bbox 600 2668 665 2732; x_wconf 89' lang='lat' dir='ltr'>aut</span> <span class='ocrx_word' id='word_1_184' title='bbox 681 2659 874 2757; x_wconf 90' lang='lat' dir='ltr'>quicquam</span> <span class='ocrx_word' id='word_1_185' title='bbox 900 2657 1046 2732; x_wconf 92' lang='lat' dir='ltr'>omnino</span> <span class='ocrx_word' id='word_1_186' title='bbox 1070 2656 1175 2733; x_wconf 91' lang='lat' dir='ltr'>cuius</span> <span class='ocrx_word' id='word_1_187' title='bbox 1200 2657 1416 2755; x_wconf 89' lang='lat' dir='ltr'>probabilem</span> <span class='ocrx_word' id='word_1_188' title='bbox 1441 2682 1512 2733; x_wconf 93' lang='lat' dir='ltr'>non</span> 
     </span>
     <span class='ocr_line' id='line_1_22' title="bbox 291 2771 1514 2872; baseline 0 -24"><span class='ocrx_word' id='word_1_189' title='bbox 291 2773 470 2872; x_wconf 89' lang='lat' dir='ltr'>possimus</span> <span class='ocrx_word' id='word_1_190' title='bbox 488 2772 662 2847; x_wconf 89' lang='lat' dir='ltr'>rationem</span> <span class='ocrx_word' id='word_1_191' title='bbox 679 2772 835 2848; x_wconf 89' lang='lat' dir='ltr'>reddere.</span> <span class='ocrx_word' id='word_1_192' title='bbox 853 2776 1014 2846; x_wconf 81' lang='lat' dir='ltr'>Actenus</span> <span class='ocrx_word' id='word_1_193' title='bbox 1038 2771 1135 2847; x_wconf 91' lang='lat' dir='ltr'>enim</span> <span class='ocrx_word' id='word_1_194' title='bbox 1160 2772 1272 2847; x_wconf 90' lang='lat' dir='ltr'>nostri</span> <span class='ocrx_word' id='word_1_195' title='bbox 1297 2797 1406 2848; x_wconf 87' lang='lat' dir='ltr'>causa</span> <span class='ocrx_word' id='word_1_196' title='bbox 1430 2783 1467 2849; x_wconf 92' lang='lat' dir='ltr'>et</span> <span class='ocrx_word' id='word_1_197' title='bbox 1482 2774 1514 2848; x_wconf 90' lang='lat' dir='ltr'>si</span> 
     </span>
     <span class='ocr_line' id='line_1_23' title="bbox 291 2885 1514 2975; baseline 0.002 -15"><span class='ocrx_word' id='word_1_198' title='bbox 291 2911 361 2962; x_wconf 91' lang='lat' dir='ltr'>non</span> <span class='ocrx_word' id='word_1_199' title='bbox 386 2886 551 2961; x_wconf 93' lang='lat' dir='ltr'>omnibus</span> <span class='ocrx_word' id='word_1_200' title='bbox 577 2886 746 2975; x_wconf 87' lang='lat' dir='ltr'>redditur,</span> <span class='ocrx_word' id='word_1_201' title='bbox 770 2896 891 2962; x_wconf 88' lang='lat' dir='ltr'>tamen</span> <span class='ocrx_word' id='word_1_202' title='bbox 916 2885 961 2960; x_wconf 87' lang='lat' dir='ltr'>ab</span> <span class='ocrx_word' id='word_1_203' title='bbox 984 2885 1149 2960; x_wconf 93' lang='lat' dir='ltr'>omnibus</span> <span class='ocrx_word' id='word_1_204' title='bbox 1173 2887 1411 2962; x_wconf 85' lang='lat' dir='ltr'>examinatur.</span> <span class='ocrx_word' id='word_1_205' title='bbox 1435 2890 1514 2963; x_wconf 88' lang='lat' dir='ltr'>Nec</span> 
     </span>
     <span class='ocr_line' id='line_1_24' title="bbox 290 2999 1514 3100; baseline 0.001 -25"><span class='ocrx_word' id='word_1_206' title='bbox 290 3025 375 3078; x_wconf 85' lang='lat' dir='ltr'>vero</span> <span class='ocrx_word' id='word_1_207' title='bbox 390 3000 561 3076; x_wconf 90' lang='lat' dir='ltr'>habemus</span> <span class='ocrx_word' id='word_1_208' title='bbox 579 3000 616 3072; x_wconf 92' lang='lat' dir='ltr'>in</span> <span class='ocrx_word' id='word_1_209' title='bbox 634 3022 702 3098; x_wconf 93' lang='lat' dir='ltr'>quo</span> <span class='ocrx_word' id='word_1_210' title='bbox 717 2999 891 3097; x_wconf 88' lang='lat' dir='ltr'>possimus</span> <span class='ocrx_word' id='word_1_211' title='bbox 904 3022 968 3073; x_wconf 90' lang='lat' dir='ltr'>nos</span> <span class='ocrx_word' id='word_1_212' title='bbox 981 3023 1161 3074; x_wconf 87' lang='lat' dir='ltr'>excusare.</span> <span class='ocrx_word' id='word_1_213' title='bbox 1174 3002 1268 3074; x_wconf 88' lang='lat' dir='ltr'>Nam</span> <span class='ocrx_word' id='word_1_214' title='bbox 1281 3011 1337 3075; x_wconf 92' lang='lat' dir='ltr'>est</span> <span class='ocrx_word' id='word_1_215' title='bbox 1350 3000 1406 3075; x_wconf 87' lang='lat' dir='ltr'>vis</span> <span class='ocrx_word' id='word_1_216' title='bbox 1419 3024 1514 3100; x_wconf 87' lang='lat' dir='ltr'>quaa·</span> 
     </span>
     <span class='ocr_line' id='line_1_25' title="bbox 290 3112 1514 3212; baseline 0.002 -24"><span class='ocrx_word' id='word_1_217' title='bbox 290 3115 372 3189; x_wconf 91' lang='lat' dir='ltr'>dam</span> <span class='ocrx_word' id='word_1_218' title='bbox 391 3124 530 3188; x_wconf 70' lang='lat' dir='ltr'>naturae</span> <span class='ocrx_word' id='word_1_219' title='bbox 546 3113 583 3186; x_wconf 92' lang='lat' dir='ltr'>in</span> <span class='ocrx_word' id='word_1_220' title='bbox 602 3112 698 3187; x_wconf 91' lang='lat' dir='ltr'>omni</span> <span class='ocrx_word' id='word_1_221' title='bbox 716 3113 887 3210; x_wconf 86' lang='lat' dir='ltr'>appetitu,</span> <span class='ocrx_word' id='word_1_222' title='bbox 904 3123 941 3188; x_wconf 88' lang='lat' dir='ltr'>et</span> <span class='ocrx_word' id='word_1_223' title='bbox 957 3123 1080 3188; x_wconf 89' lang='lat' dir='ltr'>tamen</span> <span class='ocrx_word' id='word_1_224' title='bbox 1098 3113 1191 3188; x_wconf 92' lang='lat' dir='ltr'>idem</span> <span class='ocrx_word' id='word_1_225' title='bbox 1212 3114 1392 3212; x_wconf 88' lang='lat' dir='ltr'>appetitus</span> <span class='ocrx_word' id='word_1_226' title='bbox 1409 3115 1514 3190; x_wconf 90' lang='lat' dir='ltr'>ratio-</span> 
     </span>
     <span class='ocr_line' id='line_1_26' title="bbox 291 3225 1514 3323; baseline 0.003 -22"><span class='ocrx_word' id='word_1_227' title='bbox 291 3227 348 3302; x_wconf 92' lang='lat' dir='ltr'>nis</span> <span class='ocrx_word' id='word_1_228' title='bbox 361 3227 544 3302; x_wconf 90' lang='lat' dir='ltr'>subiectus</span> <span class='ocrx_word' id='word_1_229' title='bbox 557 3236 625 3316; x_wconf 91' lang='lat' dir='ltr'>est,</span> <span class='ocrx_word' id='word_1_230' title='bbox 637 3226 717 3322; x_wconf 83' lang='lat' dir='ltr'>lege</span> <span class='ocrx_word' id='word_1_231' title='bbox 730 3236 859 3301; x_wconf 89' lang='lat' dir='ltr'>nature</span> <span class='ocrx_word' id='word_1_232' title='bbox 872 3226 997 3323; x_wconf 89' lang='lat' dir='ltr'>ipsius,</span> <span class='ocrx_word' id='word_1_233' title='bbox 1009 3235 1045 3302; x_wconf 92' lang='lat' dir='ltr'>et</span> <span class='ocrx_word' id='word_1_234' title='bbox 1057 3225 1194 3302; x_wconf 91' lang='lat' dir='ltr'>oboedit</span> <span class='ocrx_word' id='word_1_235' title='bbox 1206 3228 1249 3303; x_wconf 93' lang='lat' dir='ltr'>ei.</span> <span class='ocrx_word' id='word_1_236' title='bbox 1263 3229 1366 3304; x_wconf 90' lang='lat' dir='ltr'>Unde</span> <span class='ocrx_word' id='word_1_237' title='bbox 1383 3239 1418 3304; x_wconf 91' lang='lat' dir='ltr'>et</span> <span class='ocrx_word' id='word_1_238' title='bbox 1431 3229 1514 3304; x_wconf 91' lang='lat' dir='ltr'>boni</span> 
     </span>
     <span class='ocr_line' id='line_1_27' title="bbox 291 3339 1515 3442; baseline 0.002 -24"><span class='ocrx_word' id='word_1_239' title='bbox 291 3340 524 3440; x_wconf 87' lang='lat' dir='ltr'>speculatoris</span> <span class='ocrx_word' id='word_1_240' title='bbox 540 3351 605 3431; x_wconf 85' lang='lat' dir='ltr'>est,</span> <span class='ocrx_word' id='word_1_241' title='bbox 625 3340 677 3415; x_wconf 89' lang='lat' dir='ltr'>ita</span> <span class='ocrx_word' id='word_1_242' title='bbox 701 3340 919 3437; x_wconf 80' lang='lat' dir='ltr'>praetendere</span> <span class='ocrx_word' id='word_1_243' title='bbox 943 3339 1118 3430; x_wconf 91' lang='lat' dir='ltr'>animum,</span> <span class='ocrx_word' id='word_1_244' title='bbox 1134 3352 1177 3416; x_wconf 94' lang='lat' dir='ltr'>ut</span> <span class='ocrx_word' id='word_1_245' title='bbox 1193 3342 1374 3440; x_wconf 88' lang='lat' dir='ltr'>appetitus</span> <span class='ocrx_word' id='word_1_246' title='bbox 1398 3368 1515 3442; x_wconf 88' lang='lat' dir='ltr'>nequa</span> 
     </span>
     <span class='ocr_line' id='line_1_28' title="bbox 290 3456 1514 3556; baseline -0.002 -23"><span class='ocrx_word' id='word_1_247' title='bbox 290 3467 489 3556; x_wconf 74' lang='lat' dir='ltr'>praecurrat</span> <span class='ocrx_word' id='word_1_248' title='bbox 501 3457 815 3555; x_wconf 86' lang='lat' dir='ltr'>rationem,neque</span> <span class='ocrx_word' id='word_1_249' title='bbox 825 3456 974 3543; x_wconf 88' lang='lat' dir='ltr'>deserat,</span> <span class='ocrx_word' id='word_1_250' title='bbox 987 3478 1103 3553; x_wconf 91' lang='lat' dir='ltr'>neque</span> <span class='ocrx_word' id='word_1_251' title='bbox 1116 3457 1363 3554; x_wconf 81' lang='lat' dir='ltr'>praecurrendo</span> <span class='ocrx_word' id='word_1_252' title='bbox 1375 3468 1514 3556; x_wconf 87' lang='lat' dir='ltr'>pertur-</span> 
     </span>
     <span class='ocr_line' id='line_1_29' title="bbox 289 3568 1514 3668; baseline 0.001 -21"><span class='ocrx_word' id='word_1_253' title='bbox 289 3571 359 3659; x_wconf 89' lang='lat' dir='ltr'>bet,</span> <span class='ocrx_word' id='word_1_254' title='bbox 375 3579 484 3668; x_wconf 88' lang='lat' dir='ltr'>atque</span> <span class='ocrx_word' id='word_1_255' title='bbox 500 3569 677 3658; x_wconf 89' lang='lat' dir='ltr'>excludat,</span> <span class='ocrx_word' id='word_1_256' title='bbox 694 3579 730 3644; x_wconf 92' lang='lat' dir='ltr'>et</span> <span class='ocrx_word' id='word_1_257' title='bbox 755 3593 834 3644; x_wconf 89' lang='lat' dir='ltr'>cam</span> <span class='ocrx_word' id='word_1_258' title='bbox 860 3568 1053 3644; x_wconf 90' lang='lat' dir='ltr'>deserendo</span> <span class='ocrx_word' id='word_1_259' title='bbox 1079 3568 1262 3644; x_wconf 90' lang='lat' dir='ltr'>destituat.</span> <span class='ocrx_word' id='word_1_260' title='bbox 1287 3570 1514 3648; x_wconf 88' lang='lat' dir='ltr'>Perturbatio</span> 
     </span>
     <span class='ocr_line' id='line_1_30' title="bbox 290 3680 1512 3781; baseline -0.002 -21"><span class='ocrx_word' id='word_1_261' title='bbox 290 3684 385 3760; x_wconf 90' lang='lat' dir='ltr'>tollit</span> <span class='ocrx_word' id='word_1_262' title='bbox 402 3683 651 3771; x_wconf 87' lang='lat' dir='ltr'>constantiam,</span> <span class='ocrx_word' id='word_1_263' title='bbox 668 3682 852 3757; x_wconf 89' lang='lat' dir='ltr'>destitutio</span> <span class='ocrx_word' id='word_1_264' title='bbox 869 3681 984 3780; x_wconf 92' lang='lat' dir='ltr'>prodit</span> <span class='ocrx_word' id='word_1_265' title='bbox 1006 3680 1204 3777; x_wconf 84' lang='lat' dir='ltr'>ignaviam,</span> <span class='ocrx_word' id='word_1_266' title='bbox 1228 3692 1377 3758; x_wconf 91' lang='lat' dir='ltr'>accusat</span> <span class='ocrx_word' id='word_1_267' title='bbox 1401 3683 1512 3781; x_wconf 85' lang='lat' dir='ltr'>pigri·</span> 
     </span>
     <span class='ocr_line' id='line_1_31' title="bbox 288 3795 1514 3896; baseline -0.002 -24"><span class='ocrx_word' id='word_1_268' title='bbox 288 3799 389 3873; x_wconf 91' lang='lat' dir='ltr'>tiam.</span> <span class='ocrx_word' id='word_1_269' title='bbox 406 3796 616 3873; x_wconf 87' lang='lat' dir='ltr'>Perturbata</span> <span class='ocrx_word' id='word_1_270' title='bbox 633 3797 730 3872; x_wconf 91' lang='lat' dir='ltr'>euim</span> <span class='ocrx_word' id='word_1_271' title='bbox 748 3806 878 3886; x_wconf 91' lang='lat' dir='ltr'>mente,</span> <span class='ocrx_word' id='word_1_272' title='bbox 895 3795 1006 3870; x_wconf 88' lang='lat' dir='ltr'>latius</span> <span class='ocrx_word' id='word_1_273' title='bbox 1022 3819 1060 3879; x_wconf 85' lang='lat' dir='ltr'>se</span> <span class='ocrx_word' id='word_1_274' title='bbox 1076 3821 1097 3868; x_wconf 92' lang='lat' dir='ltr'>a</span> <span class='ocrx_word' id='word_1_275' title='bbox 1115 3795 1260 3892; x_wconf 83' lang='lat' dir='ltr'>longius</span> <span class='ocrx_word' id='word_1_276' title='bbox 1274 3796 1393 3871; x_wconf 91' lang='lat' dir='ltr'>fundit</span> <span class='ocrx_word' id='word_1_277' title='bbox 1409 3822 1514 3896; x_wconf 89' lang='lat' dir='ltr'>appe·</span> 
     </span>
     <span class='ocr_line' id='line_1_32' title="bbox 290 3910 1513 4010; baseline 0 -23"><span class='ocrx_word' id='word_1_278' title='bbox 290 3912 391 3999; x_wconf 89' lang='lat' dir='ltr'>titus,</span> <span class='ocrx_word' id='word_1_279' title='bbox 407 3921 444 3986; x_wconf 93' lang='lat' dir='ltr'>et</span> <span class='ocrx_word' id='word_1_280' title='bbox 460 3920 646 4009; x_wconf 88' lang='lat' dir='ltr'>tamquam</span> <span class='ocrx_word' id='word_1_281' title='bbox 663 3911 807 3986; x_wconf 88' lang='lat' dir='ltr'>efferato</span> <span class='ocrx_word' id='word_1_282' title='bbox 824 3912 961 4008; x_wconf 91' lang='lat' dir='ltr'>impetu</span> <span class='ocrx_word' id='word_1_283' title='bbox 974 3912 1094 3985; x_wconf 87' lang='lat' dir='ltr'>frenos</span> <span class='ocrx_word' id='word_1_284' title='bbox 1106 3910 1255 3986; x_wconf 90' lang='lat' dir='ltr'>rationis</span> <span class='ocrx_word' id='word_1_285' title='bbox 1268 3934 1337 3984; x_wconf 93' lang='lat' dir='ltr'>non</span> <span class='ocrx_word' id='word_1_286' title='bbox 1351 3912 1513 4010; x_wconf 90' lang='lat' dir='ltr'>suscipit,</span> 
     </span>
     <span class='ocr_line' id='line_1_33' title="bbox 291 4022 1514 4123; baseline -0.002 -23"><span class='ocrx_word' id='word_1_287' title='bbox 291 4050 358 4101; x_wconf 90' lang='lat' dir='ltr'>nec</span> <span class='ocrx_word' id='word_1_288' title='bbox 383 4022 461 4111; x_wconf 85' lang='lat' dir='ltr'>ulla</span> <span class='ocrx_word' id='word_1_289' title='bbox 485 4024 596 4099; x_wconf 88' lang='lat' dir='ltr'>sentit</span> <span class='ocrx_word' id='word_1_290' title='bbox 619 4025 760 4120; x_wconf 72' lang='lat' dir='ltr'>aurigae</span> <span class='ocrx_word' id='word_1_291' title='bbox 784 4024 1038 4113; x_wconf 88' lang='lat' dir='ltr'>moderamina,</span> <span class='ocrx_word' id='word_1_292' title='bbox 1064 4024 1194 4123; x_wconf 91' lang='lat' dir='ltr'>quibus</span> <span class='ocrx_word' id='word_1_293' title='bbox 1223 4034 1340 4122; x_wconf 87' lang='lat' dir='ltr'>posset</span> <span class='ocrx_word' id='word_1_294' title='bbox 1368 4025 1514 4101; x_wconf 82' lang='lat' dir='ltr'>reflecti.</span> 
     </span>
     <span class='ocr_line' id='line_1_34' title="bbox 292 4137 1514 4237; baseline 0 -22"><span class='ocrx_word' id='word_1_295' title='bbox 292 4139 393 4215; x_wconf 90' lang='lat' dir='ltr'>Unde</span> <span class='ocrx_word' id='word_1_296' title='bbox 412 4138 622 4237; x_wconf 87' lang='lat' dir='ltr'>plerumque</span> <span class='ocrx_word' id='word_1_297' title='bbox 641 4162 710 4213; x_wconf 93' lang='lat' dir='ltr'>non</span> <span class='ocrx_word' id='word_1_298' title='bbox 729 4137 843 4212; x_wconf 91' lang='lat' dir='ltr'>solum</span> <span class='ocrx_word' id='word_1_299' title='bbox 862 4138 1006 4212; x_wconf 88' lang='lat' dir='ltr'>animus</span> <span class='ocrx_word' id='word_1_300' title='bbox 1023 4137 1229 4237; x_wconf 83' lang='lat' dir='ltr'>exagitatus</span> <span class='ocrx_word' id='word_1_301' title='bbox 1246 4137 1438 4228; x_wconf 89' lang='lat' dir='ltr'>amittitur,</span> <span class='ocrx_word' id='word_1_302' title='bbox 1450 4139 1514 4214; x_wconf 89' lang='lat' dir='ltr'>sed</span> 
     </span>
     <span class='ocr_line' id='line_1_35' title="bbox 291 4251 1514 4349; baseline -0.002 -20"><span class='ocrx_word' id='word_1_303' title='bbox 291 4252 400 4329; x_wconf 90' lang='lat' dir='ltr'>etiam</span> <span class='ocrx_word' id='word_1_304' title='bbox 418 4252 662 4327; x_wconf 89' lang='lat' dir='ltr'>infiammatus</span> <span class='ocrx_word' id='word_1_305' title='bbox 679 4252 805 4327; x_wconf 85' lang='lat' dir='ltr'>vultus</span> <span class='ocrx_word' id='word_1_306' title='bbox 820 4252 881 4328; x_wconf 83' lang='lat' dir='ltr'>vel</span> <span class='ocrx_word' id='word_1_307' title='bbox 898 4251 1094 4341; x_wconf 91' lang='lat' dir='ltr'>iracundia,</span> <span class='ocrx_word' id='word_1_308' title='bbox 1107 4251 1165 4327; x_wconf 90' lang='lat' dir='ltr'>vel</span> <span class='ocrx_word' id='word_1_309' title='bbox 1179 4251 1337 4340; x_wconf 91' lang='lat' dir='ltr'>libidine,</span> <span class='ocrx_word' id='word_1_310' title='bbox 1350 4251 1514 4349; x_wconf 90' lang='lat' dir='ltr'>pallescit</span> 
     </span>
     <span class='ocr_line' id='line_1_36' title="bbox 291 4364 1514 4465; baseline 0.003 -26"><span class='ocrx_word' id='word_1_311' title='bbox 291 4366 429 4454; x_wconf 88' lang='lat' dir='ltr'>timore,</span> <span class='ocrx_word' id='word_1_312' title='bbox 455 4365 638 4464; x_wconf 85' lang='lat' dir='ltr'>voluptate</span> <span class='ocrx_word' id='word_1_313' title='bbox 664 4391 701 4441; x_wconf 84' lang='lat' dir='ltr'>se</span> <span class='ocrx_word' id='word_1_314' title='bbox 727 4390 797 4440; x_wconf 92' lang='lat' dir='ltr'>non</span> <span class='ocrx_word' id='word_1_315' title='bbox 823 4366 930 4465; x_wconf 89' lang='lat' dir='ltr'>capit,</span> <span class='ocrx_word' id='word_1_316' title='bbox 954 4375 990 4441; x_wconf 92' lang='lat' dir='ltr'>et</span> <span class='ocrx_word' id='word_1_317' title='bbox 1014 4365 1126 4439; x_wconf 89' lang='lat' dir='ltr'>nimia</span> <span class='ocrx_word' id='word_1_318' title='bbox 1150 4365 1262 4463; x_wconf 86' lang='lat' dir='ltr'>gestit</span> <span class='ocrx_word' id='word_1_319' title='bbox 1286 4364 1412 4454; x_wconf 91' lang='lat' dir='ltr'>letitia,</span> <span class='ocrx_word' id='word_1_320' title='bbox 1437 4366 1514 4443; x_wconf 77' lang='lat' dir='ltr'>hac</span> 
     </span>
     <span class='ocr_line' id='line_1_37' title="bbox 291 4479 1514 4579; baseline -0.003 -21"><span class='ocrx_word' id='word_1_321' title='bbox 291 4506 375 4558; x_wconf 88' lang='lat' dir='ltr'>cum</span> <span class='ocrx_word' id='word_1_322' title='bbox 393 4481 486 4554; x_wconf 87' lang='lat' dir='ltr'>fiunt</span> <span class='ocrx_word' id='word_1_323' title='bbox 502 4480 670 4558; x_wconf 88' lang='lat' dir='ltr'>abiicitur</span> <span class='ocrx_word' id='word_1_324' title='bbox 683 4480 745 4556; x_wconf 89' lang='lat' dir='ltr'>illa</span> <span class='ocrx_word' id='word_1_325' title='bbox 759 4479 937 4557; x_wconf 90' lang='lat' dir='ltr'>naturalis</span> <span class='ocrx_word' id='word_1_326' title='bbox 949 4505 1102 4557; x_wconf 91' lang='lat' dir='ltr'>censura</span> <span class='ocrx_word' id='word_1_327' title='bbox 1115 4479 1349 4579; x_wconf 83' lang='lat' dir='ltr'>gravitasque</span> <span class='ocrx_word' id='word_1_328' title='bbox 1363 4503 1514 4570; x_wconf 91' lang='lat' dir='ltr'>morum,</span> 
     </span>
    </p>
   </div>
   <div class='ocr_carea' id='block_1_4' title="bbox 0 0 1812 5498">
    <p class='ocr_par' dir='ltr' id='par_1_4' title="bbox 0 0 1812 5498">
     <span class='ocr_line' id='line_1_38' title="bbox 0 0 1812 5498; baseline 0 0"><span class='ocrx_word' id='word_1_329' title='bbox 0 0 1812 5498; x_wconf 95' lang='lat' dir='ltr'> </span> 
     </span>
    </p>
   </div>
  </div>
 </body>
</html>
