3608 5498
799 431 843 448 -
868 401 931 464 421
956 433 999 450 ‹-

293 521 378 617 quis
392 518 537 612 ignorat
552 521 676 593 vocem
695 516 838 592 Domini
855 521 898 592 a'e
912 517 1237 595 Salvatori's'nostri
1255 521 1509 598 lhes'n‘Christi

291 629 444 708 dicentis
461 629 498 702 in
517 629 785 725 evangelio.'Tn
802 655 840 705 es
854 633 1037 706 Petrns'et
1053 634 1266 731 superhane'
1279 643 1413 734 petram
1429 635 1509 709 aedi·

289 746 403 821 ficabo
411 743 610 819 eeclesiam
621 768 748 832 meam,
756 754 793 819 et
805 754 934 832 cetera,
945 751 1056 843 usqne
1065 747 1301 821 eritsolutum¹
1309 758 1347 823 et
1354 747 1391 820 in
1401 747 1508 823 caelis.

290 858 474 957 Numquid
487 867 574 932 sunt
584 857 734 933 heretici
752 882 857 954 reges
873 857 1040 954 excepti?
1056 869 1120 932 aut
1137 882 1206 934 non
1224 869 1310 934 sunt
1326 860 1369 935 de
1382 860 1510 935 ovibus

291 969 577 1071 quas'filius'Dei
602 969 704 1045 beato
720 973 826 1046 Petro
850 970 1057 1046 commisit?
1075 971 1163 1058 Quis
1188 973 1329 1068 rogoin
1347 973 1415 1048 hac
1431 974 1511 1048 n'ni·

290 1083 422 1160 versali
440 1083 666 1158 concessione
683 1081 821 1178 ligandi
838 1091 945 1180 atque
962 1083 1120 1160 solvendi
1137 1111 1158 1159 a
1176 1087 1349 1186 potestate
1360 1088 1458 1162 Petri
1471 1114 1509 1165 se
1616 1162 1619 1169 ,

290 1197 479 1275 ,οΧοῙιιευιη
499 1205 576 1270 esse
593 1194 785 1283 existimat,
802 1196 873 1270 nisi
890 1196 979 1272 forte
997 1197 1124 1285 infelix
1140 1200 1201 1275 ille
1217 1200 1280 1298 qui
1296 1199 1426 1296 iugum
1440 1203 1510 1276 vDo⁴

289 1310 380 1384 mini
391 1318 530 1407 portare
540 1307 855 1397 nolens‚diabolise
864 1310 1221 1402 subicithoneri‚etin
1231 1337 1379 1389 numero
1388 1315 1510 1389 ovium

295 1422 431 1500 Christi
444 1446 522 1498 esse
535 1427 702 1498 recusat?
715 1425 762 1497 Et
778 1432 855 1521 pos't
868 1425 1038 1522 quasdam
1051 1426 1201 1523 optimas
1214 1426 1509 1525 interpositiones.

291 1538 391 1627 Quod
409 1537 439 1611 si
456 1536 581 1612 beatus
596 1536 794 1631 Gregorius
810 1538 931 1612 doctor
941 1539 1072 1637 'utique
1089 1539 1312 1629 mitissimus,
1326 1547 1434 1637 reges
1447 1539 1509 1638 qui

291 1659 737 1748 statutasuasuperunum
746 1650 1007 1727 xenodochium
1017 1651 1203 1739 violarent,
1215 1678 1285 1729 non
1298 1653 1508 1750 mododepo

293 1766 343 1868 ni,
353 1765 415 1840 sed
427 1764 538 1840 etiam
549 1764 855 1839 excommunicari
865 1775 971 1862 atque
985 1764 1022 1838 in
1035 1773 1166 1840 eterno
1174 1767 1337 1842 examine
1344 1766 1507 1840 damnari

292 1879 462 1967 decrevit,
470 1877 532 1976 qui
546 1877 828 1969 nosHeinricurn
841 1903 911 1953 non
920 1877 1035 1954 solum
1046 1879 1283 1977 apostolorum
1293 1880 1507 1955 iudiciorum

291 2001 567 2089 contemptorem
586 2013 713 2065 verum
738 1991 848 2066 etiam
865 1992 980 2090 ipsius
996 1993 1133 2068 matris
1147 1994 1308 2070 ecelesia
1332 1998 1508 2093 quantum

288 2111 325 2184 in
345 2109 419 2208 ipso
435 2110 491 2182 est
507 2103 802 2195 conculcatorem,
812 2106 991 2204 totiusque
1006 2107 1110 2203 regni
1127 2108 1363 2183 eeclesiarum
1380 2109 1508 2206 impro'

289 2221 475 2297 bissimum
491 2217 746 2317 praedonem,et
758 2218 1021 2294 atrocissimum
1034 2220 1292 2297 destructorem
1306 2246 1508 2297 excommu-

289 2329 701 2429 nicasse'reprehendat
718 2329 788 2403 nisi
814 2331 961 2407 fortaSse
983 2332 1135 2409 similem
1155 2335 1261 2410 eins?
1279 2335 1382 2411 Sicut
1406 2335 1507 2410 beato

175 2481 178 2486 ’
288 2455 394 2526 Petro
403 2448 549 2523 docente
558 2444 839 2540 cognovimusin
852 2447 999 2543 epistole
1013 2449 1055 2524 de
1068 2448 1288 2525 ordinatione
1298 2449 1506 2540 Clementis,

290 2565 328 2638 in
347 2588 417 2661 qua
434 2561 487 2636 sic
498 2559 560 2633 ait.
570 2558 608 2633 Si
621 2557 702 2656 quis
715 2559 854 2635 amicus
871 2559 980 2636 fuerit
996 2561 1068 2636 hiis
1085 2562 1216 2661 quibus
1232 2563 1307 2661 ipse
1324 2563 1366 2638 de
1383 2564 1504 2639 eodem

288 2678 471 2755 Clemente
488 2673 611 2749 dicens
627 2695 697 2746 non
717 2672 989 2772 loquitur,unus
1002 2685 1057 2751 est
1072 2688 1109 2752 et
1125 2676 1200 2777 ipse
1218 2703 1261 2752 ox
1278 2677 1351 2752 illis
1368 2678 1431 2775 qui
1448 2703 1506 2754 ex«

289 2789 483 2866 terminare
496 2784 683 2862 eeclesiam
698 2786 763 2860 Dei
781 2786 919 2876 volunt,
927 2798 964 2863 et
975 2813 1058 2875 cum
1073 2813 1216 2887 corpore
1229 2814 1306 2865 esse
1319 2789 1505 2866 nobiscnm

288 2906 464 2989 videatur,
477 2913 596 2977 mente
614 2909 650 2976 et
666 2900 784 2976 animo
801 2912 924 2976 contra
938 2925 1002 2977 nos
1018 2915 1081 2978 est.
1095 2905 1142 2977 Et
1157 2913 1211 2978 est
1228 2904 1340 2978 multo
1356 2904 1506 3002 nequior

172 3110 175 3115 ‚
292 3019 405 3096 hostis
429 3016 500 3105 hic,
517 3041 624 3114 quam
647 3014 703 3088 illi
725 3016 787 3113 qui
799 3017 890 3103 ¹foris
907 3027 993 3091 sunt
1009 3027 1045 3093 et
1061 3017 1244 3093 evidenter
1269 3018 1418 3093 inimici.
1436 3020 1506 3096 Hic

288 3135 384 3211 enim
403 3157 465 3231 per
481 3130 722 3206 amicitiarum
741 3129 996 3228 speciemque
1009 3131 1115 3206 unica
1133 3140 1219 3205 sunt
1232 3130 1338 3227 gerit,
1346 3147 1382 3206 et
1394 3131 1506 3208 eccle-

292 3250 382 3323 siam
397 3245 573 3344 dispergit
584 3269 627 3319 ac
640 3253 769 3318 vastat.
779 3244 847 3319 Sed
863 3255 900 3320 et
915 3245 1110 3321 Anaoletus
1126 3245 1170 3320 ab
1187 3246 1306 3322 eodem
1321 3246 1505 3322 Clemente

292 3361 473 3438 secundus
489 3359 566 3434 haec
583 3359 705 3433 eadem
731 3358 769 3431 in
786 3361 870 3433 1111·
891 3383 956 3432 sua
981 3358 1130 3457 epistola
1153 3358 1220 3432 sub
1237 3359 1368 3434 eisdem
1387 3359 1507 3437 verbis

289 3478 398 3552 iterat
410 3473 577 3550 adiciens.
587 3472 686 3560 Quod
699 3471 728 3546 si
740 3473 821 3570 quis
829 3471 907 3547 haec
916 3482 1091 3573 precepta
1100 3495 1171 3547 non
1183 3473 1506 3563 observaveritho-

288 3590 354 3663 stis
370 3589 499 3662 animae
516 3612 600 3674 suae,
617 3599 653 3661 et
669 3609 739 3659 non
757 3595 898 3660 tantum
916 3585 1073 3676 infamis,
1089 3586 1151 3662 sed
1176 3586 1505 3662 excommunicatus

287 3714 395 3802 atque
412 3702 552 3778 alienus
568 3701 614 3776 ab
630 3699 792 3776 aecclesia
809 3701 975 3789 efficitur,
983 3700 1150 3799 quoniam
1164 3726 1307 3787 necesse
1324 3711 1379 3777 est
1394 3726 1436 3777 ea
1452 3703 1505 3777 vi·

288 3818 339 3893 tia
348 3818 441 3893 ferro
449 3815 667 3904 abscindere,
676 3838 755 3913 quoe
767 3812 849 3888 aliis
857 3813 1125 3890 medicamentis
1133 3838 1204 3889 non
1217 3825 1402 3890 curantur.
1412 3819 1507 3891 Nota

288 3956 374 4029 ergo
391 3931 576 4008 carissime
594 3929 624 4004 si
642 3954 724 4004 eum
743 3929 805 4027 qui
830 3928 991 4004 amicitia
1011 3927 1070 4005 rel
1096 3928 1269 4026 colloquio
1292 3927 1350 4002 his
1374 3927 1505 4027 quibus

288 4047 440 4145 propriis
457 4069 519 4145 pro
543 4044 684 4121 actibus
707 4044 783 4119 suis
808 4068 956 4119 aversus
978 4052 1034 4118 est
1057 4041 1225 4129 sociatur,
1241 4051 1314 4117 tem
1341 4040 1504 4136 graviter

286 4160 413 4235 beatus
427 4162 556 4234 Petrus
572 4158 719 4248 iudicat,
732 4166 867 4256 quanta
879 4154 983 4230 illum
996 4155 1114 4253 ipsum
1128 4156 1187 4231 oui
1201 4178 1263 4256 pro
1274 4155 1414 4231 actibus
1427 4155 1504 4231 suis

288 4298 398 4348 ausus
407 4281 461 4347 est
473 4271 779 4358 animadversione
792 4270 970 4367 dampnat.
979 4273 1069 4345 item
1083 4279 1161 4367 post
1173 4270 1344 4368 quasdam
1353 4269 1505 4370 optimas

288 4385 582 4483 interpositiones.
600 4384 748 4459 Talibus
765 4407 852 4480 ergo
869 4384 1048 4459 institutis
1065 4383 1269 4482 talibusque
1287 4383 1369 4459 sulti
1386 4393 1506 4459 auore

289 4499 455 4575 ritatibus
472 4499 632 4598 plerique
651 4498 877 4588 Pontificum,
892 4496 955 4572 alii
981 4521 1096 4596 reges,
1112 4496 1177 4575 alii
1201 4497 1430 4599 imperatores
1447 4523 1506 4575 ex·
