3608 5498
927 386 1122 448 -190-

412 508 606 606 quendum,
623 508 791 585 continuo
808 531 845 582 se
863 506 1077 606 presbyterii
1094 505 1271 603 dignitate
1290 517 1325 581 et
1351 531 1453 582 sacre
1477 527 1634 580 corninu-

411 620 516 696 nione
529 620 674 719 privari.
684 621 784 708 Quod
798 620 876 696 fieri
888 645 1032 696 necesse
1046 628 1100 694 est
1112 644 1333 711 censeamus,
1346 619 1376 693 si
1390 618 1469 694 eius
1483 617 1634 717 praesule

411 734 593 810 deferente
609 733 812 811 huiusmodi
831 734 848 809 I
848 734 940 810 uerit
956 733 1203 835 praevaricatio
1220 732 1454 832 comprobata.

977 928 1084 1012 XLII.

715 1132 806 1185 Idem
826 1145 898 1198 cap.
918 1134 962 1185 VI
981 1134 1014 1185 in
1033 1133 1158 1188 eisdem
1176 1132 1327 1187 decretis.

507 1293 607 1380 Quod
623 1318 692 1368 non
710 1304 845 1393 oportet
863 1295 900 1368 in
917 1295 1125 1393 presbiterio
1138 1296 1303 1371 diacones
1317 1294 1471 1369 residere
1485 1317 1567 1367 curn
1582 1293 1632 1365 di·
1772 1316 1775 1321 ’

410 1407 497 1481 vina
513 1407 751 1497 celebrantur,
769 1407 826 1484 vel
844 1409 1120 1485 ecclesiasticus
1141 1410 1294 1496 habetur
1318 1409 1534 1507 quicumque
1561 1416 1631 1481 tra·

410 1521 685 1611 ctatus,etsacri
698 1522 853 1620 corporis
866 1522 1159 1620 praerogationem
1172 1522 1240 1596 sub
1248 1529 1440 1620 conspectu
1455 1520 1632 1618 pontificis

410 1657 474 1707 scu
491 1633 689 1733 presbytcri
708 1634 778 1709 nisi
795 1635 852 1710 his
869 1634 1075 1711 absentibus
1092 1635 1150 1711 ius
1167 1659 1237 1710 non
1262 1635 1416 1711 habeant
1433 1631 1632 1720 exercendi,

371 1823 373 1826 ,
410 1768 539 1845 eosque
554 1748 731 1846 propriam
745 1748 998 1824 constituimus
1011 1752 1159 1825 servare
1173 1773 1378 1824 mensuram
1393 1772 1460 1822 nec
1473 1745 1568 1819 ultra
1582 1754 1632 1819 tc·

413 1884 532 1935 norem
552 1861 711 1957 paternis
727 1861 922 1937 canonibus
939 1863 1145 1962 deputatum
1165 1862 1348 1962 quippiam
1366 1870 1539 1959 temptare
1557 1882 1632 1955 per·

411 1973 597 2048 mittimus,
614 1975 737 2048 Nichil
754 1999 876 2051 eorum
891 2000 954 2051 suo
968 1977 1165 2053 ministerIo
1182 1979 1325 2077 penitus
1342 1975 1531 2075 applicare,
1552 1998 1632 2073 quae

410 2086 535 2184 primis
551 2087 734 2163 ordinibus
750 2089 899 2188 propriae
912 2090 1072 2166 decrevit
1083 2091 1290 2189 antiquitas.
1303 2089 1447 2187 Absque
1461 2086 1632 2184 Episcopo

410 2201 470 2277 vel
486 2201 701 2301 Presbytero
717 2203 897 2302 baptizare
916 2228 987 2279 non
1007 2205 1175 2295 audeant,
1191 2204 1261 2282 nisi
1279 2201 1458 2302 praedictis
1482 2201 1631 2275 sortasse

409 2315 535 2390 officiis
552 2316 697 2412 longius
714 2318 920 2393 constitutis
936 2319 1131 2394 necessitas
1148 2328 1307 2394 extrema
1320 2316 1517 2415 compellat.
1531 2313 1631 2402 Quod

410 2427 512 2503 laicis
528 2428 737 2504 christianis
755 2430 871 2507 facere
887 2431 1099 2531 plerumque
1115 2433 1332 2509 conceditur.

953 2635 1078 2718 XLIII.
1140 2628 1142 2632 ’

576 2837 624 2887 Ex
643 2837 775 2890 concilio
793 2838 895 2901 Papae
913 2839 1054 2891 simachi
1071 2851 1144 2892 cum
1163 2841 1335 2905 Episcopis
1353 2839 1465 2893 Lv111.

295 3066 297 3070 ,
412 2996 536 3072 Celius
550 2999 765 3075 Laurentius
775 2999 1075 3100 Archipresbyter
1088 3001 1184 3077 tituli
1196 3001 1378 3092 Praxedis,
1387 2999 1581 3097 subscripsi
1595 3008 1631 3074 et

481 3113 644 3187 consensi
661 3114 894 3215 synodalibus
911 3114 1126 3205 constitutis,
1139 3125 1245 3214 atque
1263 3115 1299 3187 in
1314 3114 1382 3190 hac
1397 3140 1452 3190 me
1464 3114 1629 3214 profiteor

482 3249 625 3300 manere
642 3227 831 3314 sententia,
855 3250 934 3325 quas
951 3227 993 3303 de
1010 3227 1159 3303 Romani
1185 3228 1418 3304 Pontificatus
1442 3225 1631 3301 ordinatio-

480 3362 526 3414 ne
542 3363 563 3410 a
581 3349 705 3416 saneta
723 3340 859 3439 synodo
877 3341 1094 3417 unanimiter
1110 3351 1246 3417 statute
1262 3352 1326 3421 est.

410 3452 602 3528 lanuarius
620 3453 814 3553 Presbyter
831 3455 885 3531 tit.
903 3455 1073 3545 Vestinae,
1090 3454 1294 3553 subscripsi.

409 3565 617 3641 Marcianus
635 3566 826 3666 Presbyter
845 3569 899 3643 tit.
917 3567 1070 3645 Ceciliae.
1089 3570 1123 3642 S.

410 3679 612 3756 Gordianus
630 3681 822 3780 Presbyter
839 3683 893 3758 tit.
911 3680 1160 3757 Pammachiae.
1178 3685 1212 3756 S.

410 3795 539 3869 Petrus
555 3793 749 3892 Presbyter
767 3795 822 3870 tit
838 3795 954 3870 sancti
975 3794 1181 3871 Clementis.
1199 3797 1234 3867 S.

410 3905 586 3980 Paulinus
603 3906 723 3981 Presb.
741 3907 795 3982 tit.
814 3907 908 3982 Iulii.
926 3911 961 3982 S.

410 4017 546 4094 Valens
564 4020 684 4095 Presb.
701 4021 757 4095 tit.
774 4030 907 4097 sanctes
925 4021 1065 4097 Sabine.
1082 4024 1117 4096 S.

410 4133 539 4207 Petrus
557 4132 677 4208 Presb.
693 4133 749 4208 tit.
767 4133 968 4231 Grisogoni.
982 4137 1017 4209 S.

409 4243 575 4319 Asterius
592 4246 712 4321 Presb.
729 4245 783 4321 tit.
801 4247 984 4322 Pudentis.
1002 4250 1038 4321 S.

409 4354 513 4432 Felix
528 4356 648 4433 Presb.
665 4358 720 4433 tit.
738 4359 901 4458 AEquitii.
915 4361 950 4433 S.

411 4470 596 4546 Proiectus
615 4471 733 4546 Presb.
752 4473 849 4548 tituli
868 4473 1023 4547 Damasi.
1043 4477 1078 4548 S.
