3608 5498
831 622 972 708 ooxnl.

633 838 683 889 Ex
701 835 818 890 eodem
837 835 949 891 codice
968 836 1165 890 cone'itutto.

386 1001 633 1074 Iuenrnrorns
662 1003 809 1074 Vnnrns
838 1009 874 1075 et
899 1002 1117 1074 Mencrnnvs
1148 1002 1223 1074 AA.
1254 998 1414 1074 Palladio
1442 1003 1511 1075 ΡΡ.

292 1114 423 1189 omnes
436 1137 521 1188 sane
538 1112 780 1216 pragmaticas
796 1111 997 1188 sanctiones
1015 1136 1094 1210 quae
1107 1123 1230 1189 contra
1244 1135 1421 1187 canonum
1434 1138 1514 1187 san·

291 1227 428 1304 ctiones
451 1227 659 1302 interventu
683 1227 812 1324 gratiae
837 1236 874 1302 et
892 1226 1098 1302 ambitionis
1120 1226 1250 1303 elicitae
1274 1236 1370 1318 sunt,
1392 1227 1513 1304 robore

291 1363 357 1416 suo
372 1349 409 1416 et
424 1339 595 1415 firmitate
620 1348 803 1431 vacuatas,
827 1364 968 1416 cessare
992 1340 1228 1441 praecipimus.
1254 1343 1333 1416 Dat.
1356 1344 1401 1416 II.
1426 1341 1510 1416 Idus

291 1452 514 1530 Novembris.
658 1518 664 1528 .

822 1646 982 1733 coxon.

302 1866 352 1917 Ex
370 1862 656 1917 constitutionibus
675 1861 835 1913 Elotharti
853 1860 1066 1926 Imperatoris
1085 1861 1148 1915 suh
1168 1855 1228 1913 11.⁰
1246 1861 1391 1925 Eugenlc
1409 1862 1503 1926 Papa

515 1961 618 2026 genus
635 1963 668 2012 in
687 1959 768 2012 atrio
786 1959 877 2013 beati
893 1958 984 2013 Petri
1000 1957 1149 2026 Apostoll
1167 1971 1239 2025 cap.
1259 1959 1283 2009 1.

387 2130 650 2209 Censtituimus
667 2140 709 2206 ut
732 2153 855 2207 omnes
879 2129 941 2229 qui
967 2130 1032 2205 sub
1050 2129 1196 2230 speciali
1214 2129 1430 2228 protectione
1448 2131 1513 2205 Do-

289 2245 365 2320 mni
378 2244 582 2344 Apostolici‚
600 2269 662 2320 sen
680 2253 800 2319 nostre
817 2244 953 2319 fuerint
970 2245 1139 2342 suscepti,
1157 2244 1345 2344 impetrata
1362 2243 1511 2317 inviola-

288 2359 407 2434 biliter
423 2367 573 2433 utantur
590 2356 801 2460 defensione.
820 2356 920 2446 Quod
937 2356 968 2430 si
986 2357 1067 2456 quis
1084 2357 1121 2430 in
1139 2379 1364 2455 quocumque
1381 2355 1511 2430 violari

289 2471 555 2571 praesumpserit
577 2469 668 2546 sciat
688 2495 726 2546 ae
747 2469 947 2568 periculum
966 2471 1051 2546 vitae
1068 2497 1143 2546 suae
1160 2471 1402 2547 incursurum.
1415 2473 1509 2545 Nam

290 2596 326 2663 et
343 2584 409 2662 hoc
426 2583 662 2673 decernimus,
677 2592 718 2658 ut
731 2585 866 2659 Domno
879 2584 1079 2685 Apostolico
1096 2584 1133 2658 in
1151 2584 1315 2659 omnibns
1328 2582 1427 2658 iusta
1440 2609 1511 2660 ser-

288 2710 395 2776 vetur
410 2698 608 2774 obedientia
626 2719 689 2774 seu
707 2697 859 2774 ducibus
876 2707 941 2773 aut
965 2697 1146 2773 iudicibus
1165 2697 1251 2788 suis,
1271 2697 1316 2772 ad
1333 2695 1507 2772 iustitiam

292 2813 503 2889 faciendam.

809 3005 986 3090 ooxtffl.

761 3207 872 3262 Eiusd.
897 3220 970 3274 cap.
997 3210 1038 3261 11.

385 3382 435 3456 Ut
451 3380 716 3478 deprecationes
733 3404 813 3479 quoe
830 3379 1005 3455 hactenus
1023 3378 1100 3456 fieri
1115 3378 1286 3468 solebant,
1299 3376 1511 3452 nullomodo

290 3494 389 3584 fiant,
406 3518 520 3592 neque
537 3493 683 3570 vivente
698 3493 880 3583 Pontifice‚
892 3518 1008 3592 noque
1022 3494 1200 3568 deluncto.
1213 3492 1251 3566 Si
1266 3491 1347 3590 quis
1360 3514 1444 3567 vero
1458 3491 1513 3564 ul-

291 3607 402 3683 terius
419 3605 486 3682 hoc
503 3608 640 3697 fecerit,
657 3607 748 3682 sciat
765 3631 803 3682 se
827 3606 939 3703 legali
965 3605 1143 3682 sententia
1169 3604 1512 3703 condempnandum.

292 3722 380 3808 Quae
396 3743 481 3796 vero
499 3730 592 3797 retro
608 3722 714 3797 factae
730 3729 815 3795 sunt
834 3718 1001 3816 legaliter
1017 3719 1262 3794 emendentur.

803 3911 999 3998 ooxtssss.

764 4115 874 4170 Eiued.
895 4127 968 4181 cap.
989 4117 1044 4168 111.

388 4289 430 4361 In
448 4287 621 4362 electione
636 4296 759 4363 autem
776 4287 925 4362 Romani
951 4286 1146 4376 Pontificio,
1171 4282 1296 4360 nullus
1321 4284 1398 4360 sive
1423 4284 1514 4362 liber

293 4400 371 4476 sive
388 4424 516 4475 servus
533 4410 726 4498 presumat
742 4400 887 4500 aliquod
903 4400 1198 4499 impedimentum
1223 4401 1353 4490 facere,
1378 4399 1439 4475 sed
1460 4399 1515 4473 illi

293 4513 509 4591 solummodo
525 4514 675 4590 Romani
688 4514 819 4614 quibus
830 4515 1032 4616 antiquitus
1044 4537 1261 4625 concensum
1274 4522 1331 4590 est
1342 4511 1516 4589 constitu-
