3608 5498
797 394 1000 457 ...443-

289 523 363 590 tam
385 512 546 612 ingentis
563 513 734 591 facinoris
757 515 998 591 incorrectum
1023 514 1225 604 convenire,
1241 520 1283 590 ut
1306 536 1431 591 omnes
1445 539 1517 593 uuo

293 630 443 705 consilio
460 629 643 704 abicerent
659 654 755 728 eum,
772 629 802 703 si
820 638 970 725 negaret
986 628 1175 705 emendare
1188 654 1235 705 se.
1245 629 1283 702 Si
1297 640 1417 705 autem
1435 631 1517 728 quis

294 752 504 842 potestatem
519 741 709 819 nonhabet
725 767 830 841 quem
848 743 917 819 soit
934 767 1034 817 reum
1047 743 1271 833 abicere,aot
1283 743 1429 842 probare
1446 767 1516 820 non

293 857 403 945 volet,
420 855 593 931 immunis
610 866 675 945 est,
691 867 728 932 et
747 856 878 932 iudicis
894 879 965 931 nou
982 857 1130 933 estsine
1146 867 1354 933 accusatore
1371 857 1517 933 domna·

294 995 344 1059 re,
361 970 445 1068 quia
465 981 501 1046 et
518 970 693 1045 Dominus
710 970 833 1044 Iudam
852 994 935 1046 cum
953 970 1013 1044 sor
1028 981 1134 1060 esset.
1150 971 1234 1070 quia
1254 993 1323 1046 non
1342 982 1397 1046 est
1412 996 1518 1048 accu-
1547 989 1551 993 ’

290 1092 392 1159 satus
410 1082 557 1160 minime
570 1083 710 1159 abiecit.
719 1083 900 1182 Sequitur.
908 1085 958 1159 Ut
970 1083 1155 1160 tolleretur
1167 1084 1210 1160 da
1223 1082 1337 1160 medio
1353 1095 1515 1161 vestrum

292 1196 354 1296 qui
372 1197 440 1274 hoc
456 1221 545 1297 opus
561 1199 657 1274 fecit.
674 1198 829 1295 Cognito
845 1221 948 1296 opere
965 1196 1044 1287 isto,
1061 1197 1262 1296 pellendum
1281 1197 1384 1272 illum
1402 1198 1513 1274 fuisso

291 1313 335 1387 de
348 1321 440 1387 caetu
453 1312 701 1388 fraternitatis.
711 1314 844 1388 Omnes
857 1312 953 1387 enim
971 1311 1106 1388 crimen
1122 1312 1201 1388 eius
1217 1311 1433 1399 sciebantet
1445 1335 1516 1386 non

292 1424 507 1521 arguebant.
524 1425 689 1502 Plublice
714 1426 809 1503 enim
835 1449 1024 1501 novercam
1050 1450 1163 1498 suam.
1177 1424 1253 1500 loco
1271 1424 1394 1498 uxoris
1410 1423 1514 1499 habe·

295 1539 392 1613 bant.
409 1543 451 1613 In
468 1565 540 1639 qua
558 1565 595 1616 re
612 1565 727 1639 neque
746 1540 896 1616 testibus
912 1562 1000 1638 opus
1017 1547 1105 1629 erat,
1117 1562 1232 1637 neque
1249 1537 1515 1635 tergiversatio

294 1677 339 1728 ne
355 1651 477 1750 aliqua
495 1663 631 1753 poterat
647 1653 723 1751 tegi
741 1654 888 1730 crimen.

838 1846 958 1932 CXXI.

689 2053 738 2103 Ex
756 2050 840 2104 libro
858 2049 924 2102 vite
944 2046 1103 2101 eiusdem.

386 2222 597 2298 Ambrosius
627 2221 899 2323 mediolanensis
925 2218 1122 2317 Episcopus
1146 2218 1346 2293 Maximum
1374 2244 1396 2292 a
1422 2241 1516 2294 com-

294 2337 475 2412 munionis
492 2337 668 2413 consortio
693 2335 914 2434 segregavit,
930 2333 1123 2410 admonens
1148 2342 1189 2407 ut
1206 2332 1309 2409 effusi
1326 2332 1517 2430 sanguinis

294 2450 427 2525 domini
447 2450 503 2524 sui
518 2451 758 2548 Imperatoris,
772 2459 808 2524 et
820 2448 912 2547 quod
925 2457 979 2522 est
995 2447 1149 2544 gravius
1166 2445 1377 2535 innocentis,
1389 2455 1517 2543 ageret

294 2562 542 2659 penitentiam,
558 2565 588 2637 si
606 2563 675 2638 sibi
692 2562 785 2661 apud
803 2565 918 2639 Deum
935 2563 1046 2639 vellet
1063 2589 1140 2641 esse
1157 2562 1371 2640 consultum.
1389 2562 1459 2638 Sed
1479 2573 1516 2638 et

293 2676 355 2751 ille
372 2701 455 2752 eum
475 2677 709 2774 penitentiam
727 2675 884 2752 declinat
900 2677 1052 2777 superbo
1076 2677 1217 2777 spiritu,
1234 2701 1304 2752 non
1329 2675 1443 2752 solum
1462 2676 1517 2751 fu·
1599 2752 1601 2758 .

291 2800 425 2881 turam,
442 2791 502 2866 sed
528 2791 634 2866 etiam
663 2792 878 2889 presentiam
903 2793 1016 2866 vitam
1041 2792 1173 2882 amisit,
1190 2801 1226 2868 et
1251 2815 1402 2887 regnum
1422 2789 1515 2887 quod

294 2903 387 2979 male
404 2903 616 3004 arripuerat,
633 2903 786 2980 femineo
802 2904 928 2981 timore
945 2905 1114 3003 deposuit.

826 3106 966 3191 oxxll.

494 3310 693 3378 Augustinus
712 3309 878 3362 Honorato
898 3310 1061 3378 Episcopo
1081 3310 1165 3365 tnter
1184 3309 1305 3363 cetera
1330 3387 1332 3392 Α

387 3482 481 3558 Cum
499 3491 765 3581 persequuntur
781 3481 900 3584 vos-in
917 3479 1065 3558 civitate
1089 3481 1158 3558 ista
1188 3480 1306 3577 sugite
1330 3480 1368 3554 in
1393 3478 1513 3554 oliam.

293 3595 382 3683 Quis
399 3605 520 3672 autem
539 3596 659 3672 credat
677 3597 726 3672 ita
744 3595 811 3673 boc
828 3595 1021 3670 Dominum
1042 3595 1120 3671 fieri
1143 3593 1311 3686 voluisse,
1329 3605 1371 3670 ut
1395 3618 1515 3670 neces·

292 3710 386 3785 sario
411 3709 610 3785 ministerio
634 3709 712 3785 sine
737 3731 806 3808 quo
822 3709 946 3785 vivere
963 3717 1149 3808 nequeunt
1165 3707 1414 3785 desererentur
1430 3731 1512 3805 gre·

289 3847 355 3919 ges
380 3846 468 3922 quos
485 3847 549 3898 suo
569 3822 750 3919 sanguine
775 3824 1007 3922 comparavit.
1023 3823 1210 3923 Numquid
1235 3823 1303 3899 hoc
1322 3823 1409 3899 iacit
1426 3822 1512 3922 ipso,

289 3937 431 4034 quando
444 3934 669 4034 portantibus
682 3936 720 4009 in
730 3935 862 4036 Egipto
874 3938 1082 4034 parentibus
1095 3934 1270 4036 parvulus
1283 3936 1392 4032 fugit,
1403 3960 1515 4035 quan·

289 4052 333 4126 do
345 4050 516 4127 ecclesias
529 4050 977 4148 congregaverat‚quasab
986 4051 1192 4126 eodesertas
1201 4049 1313 4126 fuisse
1324 4049 1513 4126 dieamus?

290 4165 474 4262 Numquid
493 4165 633 4262 quando
647 4163 837 4263 Apostolus
852 4164 988 4240 Paulus
1004 4189 1050 4240 ne
1067 4164 1184 4239 ullum
1201 4163 1516 4264 comprehenderet

290 4279 464 4354 inimicus
488 4302 551 4377 per
567 4279 759 4355 fenestram
779 4278 817 4351 in
834 4288 990 4375 sportam
1007 4277 1177 4353 dimissus
1194 4286 1249 4355 est
1265 4288 1301 4354 et
1317 4278 1417 4375 fugit
1443 4304 1518 4353 ma·

289 4418 359 4466 nus
371 4393 608 4481 eius‚deserta
621 4402 676 4468 est
692 4417 772 4491 quea
788 4391 838 4466 ibi
855 4401 932 4466 erat
949 4391 1111 4468 aeclesia
1128 4392 1328 4467 necessario
1347 4391 1509 4467 minista

289 4506 398 4598 rio‚et
414 4531 483 4583 non
501 4506 546 4584 ab
561 4506 645 4583 aliis
662 4505 833 4586 fratribus
849 4505 979 4586 ibidem
996 4505 1203 4584 constitutis
1219 4505 1313 4605 quod
1329 4504 1515 4604 oportebat
