3608 5498
815 401 989 463 ..4¹¹1-

293 517 490 594 nihiI‘Viri
504 521 600 596 enim
615 544 761 596 numero
783 523 901 596 XXX.
917 543 1068 618 quorum
1087 521 1230 619 quidem
1243 522 1305 596 alii
1321 534 1408 599 sunt
1420 525 1518 604 here·

292 633 342 707 sis
364 634 506 709 macula
523 635 648 723 notati,
664 635 727 708 alii
743 648 864 710 autem
886 660 905 710 e
923 634 999 708 suis
1016 634 1225 710 civitatibus
1242 637 1358 728 eiecti,
1375 640 1516 738 qualem

289 746 422 822 habent
438 748 565 847 synodi
583 755 798 848 personam?
813 759 879 824 ant
894 750 1037 847 qualem
1061 750 1233 826 virtutem
1260 764 1384 828 contra
1409 777 1517 853 syno-

289 862 374 935 dum
387 874 647 959 congregatam
661 864 813 938 exomni
827 863 937 939 orbe?
953 864 1199 940 Consederunt
1211 866 1308 941 enirn
1327 868 1512 944 nobiscum

291 984 327 1049 et
351 976 413 1073 qui
438 984 540 1050 atua
558 976 749 1052 sanctitate
773 977 942 1053 destinati
965 988 1051 1053 sunt
1075 981 1354 1055 reverentissimi
1376 983 1515 1080 Episco

290 1088 326 1187 pi
346 1089 546 1164 Archadius
564 1100 599 1164 et
617 1091 803 1167 Proiectus
819 1101 950 1168 etcum
964 1093 1016 1168 eis
1030 1095 1344 1169 reverentissimus
1362 1097 1515 1195 Presby-

290 1213 345 1276 ter
362 1202 547 1300 Philippus
565 1213 665 1278 tuam
683 1203 784 1277 nobis
801 1207 1024 1298 praesentiam
1044 1207 1214 1283 donantes
1237 1209 1274 1282 in
1300 1234 1338 1284 se
1362 1219 1400 1285 et
1424 1217 1516 1308 Apo

290 1314 424 1391 stolicae
441 1317 535 1392 sedis
552 1316 669 1392 locum
687 1317 875 1415 replentes.
892 1318 1106 1416 Indignetur
1119 1345 1206 1418 ergo
1218 1331 1283 1397 tua
1297 1322 1516 1419 religiositas

290 1440 532 1527 competenter
550 1454 612 1528 pro
629 1430 685 1504 his
701 1455 780 1528 qnae
797 1431 892 1508 lacta
911 1443 1007 1521 sunt,
1024 1433 1163 1509 sienim
1178 1435 1259 1509 data
1273 1436 1516 1512 lueritvolen·

290 1543 386 1618 tibus
403 1544 550 1620 lioentia
566 1554 601 1620 et
620 1546 770 1621 maiores
786 1544 932 1619 iniuriis
953 1545 1054 1620 sedes
1079 1547 1221 1623 afficere
1246 1559 1282 1622 et
1306 1558 1431 1623 contra
1455 1573 1516 1624 eas

290 1658 326 1731 in
344 1659 475 1758 quibus
491 1658 711 1740 nonhabent
728 1668 936 1756 potestatem
955 1658 986 1731 si
1005 1670 1128 1733 contra
1145 1658 1245 1757 leges
1264 1670 1300 1736 et
1317 1671 1440 1736 contra
1457 1686 1516 1737 oa·

290 1795 400 1848 nones
413 1773 569 1871 prolerre
583 1773 791 1861 sententias,
809 1771 927 1868 magis
940 1782 1060 1846 autern
1077 1771 1229 1847 iniurias
1241 1773 1298 1848 his
1311 1773 1373 1873 qui
1386 1773 1517 1871 pietate

291 1885 489 1960 certamina
506 1884 697 1973 sustinent,
714 1884 819 1958 ibunt
835 1884 879 1957 ad
897 1884 1064 1960 ultimam
1081 1887 1324 1961 confusionem
1342 1886 1514 1963 Ecclesiae

291 2023 357 2073 res.
375 1998 573 2095 Castigatis
591 2007 711 2073 autem
729 1998 928 2073 secundum
946 2020 1151 2094 congruum
1175 2000 1316 2075 modum
1342 1999 1429 2074 talia
1453 2026 1516 2074 au·

290 2110 456 2187 dentibus
485 2112 629 2188 vacabit
652 2111 767 2185 omnis
792 2109 1011 2209 perturbatio
1037 2121 1072 2185 et
1097 2111 1293 2186 condecens
1317 2113 1514 2204 canonibus

293 2226 495 2301 reverentia
507 2225 552 2299 ab
569 2225 735 2301 omnibus
752 2223 966 2301 servabitur.
1200 2325 1203 2328 .

365 2342 414 2414 Ut
429 2349 550 2414 autem
567 2339 686 2412 omnia
705 2339 846 2433 integre
863 2336 1089 2432 cognoscatis
1106 2361 1185 2436 quae
1202 2349 1283 2413 acta
1300 2350 1397 2430 sunt,
1409 2340 1515 2416 desti·

292 2452 460 2526 navimus
476 2462 590 2549 gesta,
606 2464 643 2527 et
660 2451 873 2549 subscriptio
890 2450 1028 2547 synodi.

363 2564 512 2638 Salvum
530 2575 566 2640 te
583 2590 660 2641 esse
677 2576 713 2639 et
730 2574 772 2639 ut
789 2586 923 2638 memor
936 2563 985 2637 sis
999 2564 1111 2638 nostri
1125 2564 1164 2638 in
1177 2566 1326 2641 Domino
1338 2567 1516 2666 deprecor,

291 2677 522 2754 dilectissime
539 2689 575 2754 et
591 2677 901 2754 desideratissime.
918 2677 1217 2776 Subscripsernnt
1239 2703 1324 2756 vero
1347 2681 1516 2780 deinceps

292 2813 413 2867 omnes
430 2790 595 2889 Episcopi
614 2791 835 2866 nominatim.

823 3021 987 3106 XXVIII.

388 3246 628 3322 Paschasinus
646 3247 702 3320 vir
727 3249 1041 3322 reverentissimus
1066 3249 1262 3347 Episcopus
1287 3259 1324 3324 et
1346 3250 1515 3327 Vicarius

293 3359 393 3434 Sedis
411 3358 623 3457 Apostolicre
639 3386 723 3437 curu
741 3361 779 3434 in
799 3361 915 3437 medio
933 3388 1004 3436 nna
1021 3389 1105 3438 curn
1129 3362 1213 3440 aliis
1236 3364 1327 3440 viris
1353 3390 1516 3441 reveren·

292 3474 440 3549 tissimis
456 3475 605 3572 collegis
622 3476 699 3550 suis
715 3477 885 3566 stetisset,
902 3474 1001 3550 dixit.
1019 3476 1223 3551 Beatissimi
1243 3486 1350 3577 atque
1372 3483 1517 3575 Aposto

293 3586 352 3662 lici
370 3586 441 3660 viri
459 3590 564 3686 Papae
582 3588 688 3663 Urbis
705 3591 825 3663 Romae
849 3613 929 3686 qnae
953 3597 1008 3663 est
1032 3601 1141 3687 caput
1165 3590 1324 3665 omnium
1350 3590 1517 3666 ecclesia·

293 3725 371 3773 rum
390 3711 567 3798 praecepta
583 3701 756 3777 habemus
775 3726 846 3799 prae
863 3699 1039 3790 manibus,
1057 3701 1095 3774 in
1112 3701 1243 3799 quibus
1260 3701 1450 3800 praecipere
1468 3702 1518 3777 di-

291 3822 427 3908 gnatus
443 3823 498 3887 est
514 3813 592 3888 cius
608 3814 836 3912 apostolatus,
855 3823 895 3889 ut
913 3813 1103 3888 Dioscorus
1119 3838 1190 3887 non
1207 3814 1329 3889 sedeat
1344 3813 1383 3886 in
1400 3815 1516 3889 conci·

292 3925 350 4013 lio,
362 3924 424 4000 sed
436 3924 635 4000 audiendus
652 3926 910 4014 introducatur,
926 3926 992 4002 hoc
1008 3949 1073 4001 nos
1089 3925 1277 4003 observare
1291 3950 1435 4002 necesse
1452 3937 1516 4001 est.

292 4039 330 4113 Si
348 4060 436 4134 ergo
452 4039 614 4138 praecipit
631 4050 751 4116 vestra
769 4038 1050 4137 magnificentia,
1067 4049 1131 4112 aut
1144 4038 1205 4115 ille
1217 4039 1435 4136 egrediatur,
1452 4049 1516 4112 aut

292 4173 356 4225 nos
373 4150 558 4227 exibimus.
577 4152 715 4240 Quibus
732 4154 770 4227 in
787 4175 906 4250 graeco
922 4151 1054 4226 iterum
1076 4153 1315 4250 pronuntiatis
1333 4177 1394 4251 per
1412 4155 1517 4228 Bero-

290 4263 475 4339 nicianum
489 4265 609 4340 virum
623 4266 791 4342 devotum
803 4274 840 4340 et
852 4264 1086 4340 secretarium
1099 4264 1194 4340 sacri
1204 4264 1426 4352 consistorii,
1438 4263 1514 4360 glo-

291 4489 495 4586 specialiter
512 4491 694 4587 ingeritur
720 4491 885 4567 Dioscoro
909 4491 1200 4568 reverentissimo
1225 4494 1426 4592 Episcopo?
1451 4495 1517 4566 Pa·
