3608 5498
663 396 860 460 -407-

154 522 201 593 Et
214 542 368 593 rursum.
378 520 541 593 Petimus
553 517 678 616 rnqu1d
687 527 767 593 ves
769 543 844 592 ram
858 519 951 596 beati
953 518 1113 597 tudinem
1127 544 1228 598 erare
1241 545 1375 622 prone

153 629 260 706 biset
276 630 464 729 acquirere
482 630 548 706 Dei
565 629 764 730 provident
755 655 837 706 ram

629 821 678 871 Ex
696 821 741 871 VI
759 819 901 886 synodo.

248 975 328 1046 Non
337 971 405 1047 hee
417 971 506 1049 dicit
517 973 775 1049 Constantinus
787 973 849 1072 qui
859 977 957 1050 Dono
969 977 1075 1076 Papae
1085 973 1255 1066 scribens,
1263 976 1373 1053 etiam

152 1085 302 1160 iurando
319 1086 579 1183 benignitatem
596 1098 632 1163 et
648 1087 815 1163 honorem
832 1087 929 1164 circa
946 1088 1064 1164 sedem
1081 1088 1200 1165 exibet
1211 1090 1374 1190 apostoli·

153 1225 234 1274 cam
253 1199 290 1273 in
307 1198 365 1274 lis
381 1199 510 1275 verbis.
527 1201 596 1276 Per
613 1204 728 1276 Deum
746 1200 912 1298 inquiens
928 1201 1215 1300 omnipotentem,
1231 1226 1301 1277 non
1318 1200 1373 1279 est

151 1315 245 1413 apud
262 1338 326 1390 nos
343 1315 454 1412 partis
467 1315 660 1392 cuiuslibet
673 1317 785 1404 favor,
797 1315 858 1389 sed
875 1315 1105 1414 equalitatem
1120 1315 1283 1416 utrisque
1295 1342 1374 1417 par·

153 1428 249 1504 tibus
265 1428 544 1519 observabimus,
560 1429 769 1506 nullatenus
786 1430 1033 1505 necessitatem
1048 1430 1220 1507 facientes
1237 1433 1275 1506 in
1288 1456 1374 1531 qua·

155 1565 309 1639 eumque
325 1540 483 1639 capitulo
499 1542 595 1639 capit
611 1543 664 1617 eis
680 1542 742 1641 qui
759 1566 781 1614 a
798 1543 898 1617 vobis
920 1543 1130 1640 diriguntur
1146 1567 1285 1643 quoquo
1302 1568 1374 1620 mo·

152 1656 206 1744 dc,
222 1656 282 1730 sed
300 1681 343 1730 ex
359 1655 456 1729 omni
473 1655 603 1731 honore
627 1656 842 1755 competenti
864 1657 1109 1734 munificentia
1125 1669 1161 1735 et
1181 1661 1372 1761 susceptio·

151 1793 196 1843 ne
213 1769 342 1864 dignos
359 1790 417 1859 eos
435 1767 653 1844 habebimus.
672 1775 716 1845 Et
733 1771 863 1869 siquid
880 1771 1003 1870 utique
1022 1774 1266 1862 convenerint,
1288 1799 1372 1850 ecce

155 1883 253 1957 bene.
267 1883 331 1956 Sin
343 1892 465 1958 autem
479 1884 626 1959 minime
639 1885 883 1975 convenerint,
897 1886 1027 1961 iterum
1041 1912 1124 1963 eum
1137 1889 1233 1963 omni
1246 1887 1372 1963 huma·

151 1997 264 2072 nitate
282 2020 340 2072 eos
356 1999 402 2072 ad
418 2022 481 2072 vos
498 1998 709 2095 dirigemus.
726 2002 773 2073 Et
790 2009 867 2096 post
883 2025 1007 2100 pauca.
1031 2001 1191 2077 Invitare
1215 2001 1310 2077 enirn
1335 2011 1372 2078 et

152 2111 1370 2207 rogarepossumusadomnememendationemetunitatemomnium

152 2222 661 2312 christianorum,neeessitate
670 2248 753 2301 vero
762 2226 894 2302 inferre
904 2227 1112 2303 nullatenus
1125 2228 1302 2304 volumus

611 2412 661 2464 Ex
678 2413 739 2464 vn
757 2412 900 2480 synodo.

244 2567 324 2641 Non
340 2564 407 2642 hoe
423 2565 518 2640 alius
543 2565 802 2643 Constantinus
825 2577 862 2644 et
886 2570 1034 2668 Hyrene
1059 2569 1219 2667 Augusti
1243 2568 1370 2646 dicunt

150 2679 212 2778 qui
230 2680 275 2755 ad
293 2679 492 2755 Adrianum
509 2684 644 2779 Papam
662 2683 859 2758 scribentes
874 2683 986 2758 aiunt.
1004 2686 1187 2782 Rogamus
1212 2690 1369 2760 vestram

149 2804 335 2890 paternam
351 2795 623 2885 beatitudinem,
638 2796 757 2893 magis
774 2798 835 2896 qui
853 2798 941 2873 dicit
959 2800 1132 2874 Dominus
1145 2802 1242 2876 Deus
1255 2809 1369 2897 rogat,

148 2908 209 3008 qui
228 2909 309 2984 vult
325 2934 447 2986 omnes
463 2909 625 2986 homines
642 2912 758 2987 salvos
775 2912 852 2987 fieri
869 2912 954 2989 etin
967 2913 1189 3010 agnitionem
1204 2915 1367 2991 veritatis

148 3024 272 3099 venire
290 3033 332 3099 ut
344 3026 403 3100 det
415 3025 578 3125 seipsam,
590 3033 627 3099 et
640 3025 779 3100 nullam
791 3027 995 3102 tarditatem
1014 3026 1134 3113 saciat,
1146 3037 1182 3103 et
1199 3030 1368 3106 ascendat

146 3141 226 3217 lruc.
246 3144 291 3216 Et
306 3141 411 3239 paule
423 3150 510 3238 post.
523 3141 562 3215 Si
575 3162 645 3214 non
660 3140 813 3239 potuerit
825 3139 995 3239 inquiunt
1007 3141 1197 3216 ascendere
1209 3141 1292 3231 hue,
1305 3142 1368 3216 eli·

147 3265 212 3352 gat
236 3255 332 3330 viros
355 3253 626 3351 pretiosissimos
642 3262 679 3329 et
693 3254 830 3350 dirigat
847 3277 1015 3329 unacum
1037 3254 1195 3352 syllabis.
1213 3257 1369 3352 Olmpe·

148 3379 243 3444 rator
260 3369 386 3445 saltem
401 3395 498 3447 nunc
516 3394 586 3445 non
603 3367 800 3466 agnoscitis
817 3368 902 3466 quia
918 3392 940 3440 a
957 3367 1095 3465 piorum
1112 3367 1366 3468 imperatorum

150 3483 282 3581 pietate
298 3482 337 3556 in
350 3508 394 3558 ao
411 3507 448 3558 re
462 3481 645 3572 differatis,
658 3492 694 3558 et
706 3481 790 3580 quia
802 3505 872 3557 vox
891 3493 1011 3558 vestra
1031 3484 1076 3559 ab
1096 3507 1217 3560 eorum
1238 3484 1368 3562 disere·

147 3608 207 3695 pet
225 3597 402 3671 divinitus
419 3597 593 3695 inspirata
611 3595 808 3672 modestia?
824 3595 883 3670 Illi
905 3597 1034 3695 quippe
1053 3597 1216 3695 petimus,
1237 3597 1368 3674 invita·

148 3736 239 3799 mue,
256 3735 299 3786 ac
318 3734 497 3806 rogamus,
510 3735 593 3787 ecce
614 3708 765 3809 sparsim
786 3710 831 3785 ad
851 3710 944 3785 sedis
964 3710 1164 3809 apostolicae
1185 3712 1366 3811 presules,

146 3825 207 3900 sed
217 3824 293 3923 pari
304 3825 434 3923 pietate
444 3824 610 3901 clamant.
620 3828 694 3899 Vos
706 3832 826 3899 autern
841 3823 942 3922 quasi
952 3846 1022 3898 non
1034 3825 1317 3901 mansuetudinis
1329 3833 1366 3901 et

148 3938 370 4028 reverentiae,
383 3937 443 4012 sed
456 3937 566 4012 solius
575 3936 715 4038 imperii
729 3961 850 4013 eorum
859 3937 1016 4013 lroeredes
1028 3937 1156 4026 effecti,
1165 3948 1201 4013 et
1209 3937 1248 4012 in
1256 3963 1365 4013 causa

147 4053 292 4151 pietatis
303 4052 384 4128 illos
397 4051 533 4127 imitari
546 4053 718 4141 nolentes,
727 4050 946 4152 precepisse,
955 4050 1112 4139 iussisse,
1120 4076 1163 4128 ac
1172 4050 1366 4150 imperasse

145 4191 219 4255 vos,
233 4177 275 4242 ut
288 4166 456 4264 quosdam
475 4166 715 4243 subiectorum
727 4176 929 4241 nostrorum
942 4165 986 4239 ad
999 4188 1062 4239 vos
1075 4164 1300 4242 mitteremus
1312 4191 1367 4241 as-

145 4280 274 4355 seritis.
293 4282 339 4352 Et
355 4279 422 4354 hoe
438 4280 555 4377 ipsum
574 4303 637 4355 vos
654 4280 797 4378 quidem
821 4277 951 4374 egisse,
977 4279 1159 4354 nescimus
1182 4280 1288 4356 ouius
1312 4281 1367 4354 in·

146 4391 400 4488 stigationibus
417 4392 584 4469 fascinati
597 4403 634 4468 et
645 4392 813 4468 oblivioni
827 4392 950 4467 traditi
963 4392 1093 4469 dicitis.
1106 4396 1215 4471 Porro
1227 4394 1364 4470 factum

145 4531 167 4579 a
192 4506 293 4582 vobis
318 4505 455 4582 nullam
482 4505 722 4584 recordatione
747 4505 948 4584 recolimus.
972 4510 1160 4608 Nusquam
1184 4508 1281 4586 enim
1306 4531 1366 4584 no
