3608 5498
796 414 992 478 -491-

288 527 425 623 ingerit
437 551 499 624 pro
513 529 641 605 illicita
654 536 895 632 compassione
905 535 1115 634 periculum.
1128 537 1303 614 Iohannes
1317 544 1413 616 VIII.
1426 545 1508 618 Non

288 640 408 713 minus
422 639 514 735 mala
528 645 746 720 cousuetudo
760 657 800 721 ut
813 649 863 722 ait
878 650 1087 724 Sardirense
1101 652 1293 727 concilium
1308 678 1415 751 quam
1431 681 1507 754 per·

287 754 422 829 niciosa
439 757 639 854 corruptela
656 759 819 835 funditus
836 764 1047 838 eradieanda
1065 777 1130 840 est.

733 986 735 991 “
823 961 974 1050 CLVIII.

652 1162 689 1213 In
708 1163 785 1216 can.
805 1163 988 1229 Apostolos.
1009 1183 1081 1236 cep-
1101 1172 1140 1222 x.

385 1333 423 1405 Si
441 1332 618 1430 quiscum
633 1330 1040 1411 excomunicatosaltem
1054 1331 1091 1404 iu
1108 1330 1210 1407 domo
1225 1332 1335 1406 simul
1351 1335 1508 1411 oraverit

291 1447 538 1521 communione
557 1447 727 1544 privetur.
744 1448 917 1522 Iohannes
938 1444 1172 1541 evangelista.
1189 1447 1260 1533 Qui
1285 1470 1355 1521 non
1374 1473 1508 1546 perma-

290 1567 352 1631 net
370 1558 407 1631 in
426 1559 586 1635 doctrina
600 1560 869 1651 Christi‚Deum
887 1585 956 1636 non
974 1559 1089 1634 habet.
1103 1561 1140 1634 Si
1159 1561 1239 1657 quis
1256 1561 1356 1636 venit
1372 1563 1417 1637 ad
1434 1587 1508 1654 vos,

289 1679 324 1745 et
338 1671 431 1748 hanc
448 1673 645 1748 doctrinam
664 1698 733 1748 non
751 1676 865 1763 affert,
878 1675 986 1748 nolite
1000 1673 1155 1771 recipere
1168 1698 1251 1747 eum
1266 1675 1303 1746 in
1316 1675 1427 1763 domo,
1440 1700 1507 1751 nee

287 1807 355 1858 ave
378 1783 539 1859 dixeritis
561 1785 604 1860 ei.
622 1787 691 1872 Qui
717 1788 810 1861 enim
837 1787 925 1862 dicit
949 1785 1002 1859 illi
1029 1810 1106 1874 ave,
1123 1786 1320 1861 comonicat
1343 1787 1509 1884 operibus

289 1897 368 1971 eius
386 1896 566 1994 malignis.
582 1898 715 1973 Paulus
728 1901 772 1974 ad
785 1902 919 1974 Titum.
932 1899 1140 1974 Heretioum
1158 1898 1335 1974 hominem
1351 1909 1428 1997 post
1440 1900 1510 1997 pri·

293 2035 383 2082 mam
403 2020 439 2083 et
456 2011 648 2085 secundam
666 2014 920 2110 correptionem
943 2012 1073 2099 devita,
1082 2012 1199 2087 sciens
1213 2012 1297 2110 quia
1314 2013 1508 2087 subversus

289 2132 343 2196 est
360 2122 420 2220 qni
439 2123 610 2198 eiusmodi
625 2136 733 2213 estet
746 2125 927 2223 delinqnid
943 2124 1080 2221 proprio
1094 2123 1225 2199 iudicio
1242 2125 1508 2200 condemnatus.

292 2236 531 2311 Antiooenum
557 2238 750 2312 concilium
775 2240 890 2336 capite
908 2242 952 2311 ΙΙ.
970 2237 1008 2312 Si
1034 2236 1185 2335 quilibet
1210 2262 1254 2311 ex
1278 2237 1374 2313 clero
1390 2239 1509 2336 depre-

290 2348 424 2423 hensus
449 2350 559 2424 fuerit
583 2375 666 2426 cum
692 2348 1013 2425 excommunicatis
1041 2348 1317 2434 communicare,
1343 2348 1505 2446 privetur

289 2463 548 2550 communione,
565 2474 747 2562 tamquam
766 2465 827 2562 qui
846 2463 1009 2560 regulam
1030 2461 1217 2537 confundit
1237 2461 1406 2536 eeclesiae.
1425 2463 1509 2537 Oar-

290 2576 480 2672 taginense
505 2578 620 2675 capite
645 2581 833 2653 XXVIIII.
855 2578 924 2666 Qui
949 2586 1106 2674 tempore
1131 2574 1510 2650 excommunicationis

289 2714 362 2762 suae
379 2698 461 2763 ante
477 2690 695 2764 audientiam
720 2691 1005 2767 communionem
1031 2688 1296 2787 presumpserit,
1313 2688 1387 2786 ipse
1413 2689 1449 2760 in
1470 2714 1508 2764 sa

292 2800 530 2876 damnationis
540 2801 718 2878 iudicetur
728 2803 915 2901 protulisse
925 2802 1377 2879 senteutiamAffrioauum
1389 2802 1505 2902 capite

290 2917 418 2988 XLVI.
430 2918 828 2992 Excommunieatorum
842 2918 1008 3015 quiintra
1017 2940 1152 2989 annum
1163 2940 1306 2989 eausam
1317 2940 1418 2989 suam
1429 2942 1510 3015 pur·

293 3051 383 3122 gare
406 3031 682 3128 contempserint
706 3030 807 3104 nulla
824 3056 944 3106 eornm
965 3053 1033 3102 vox
1046 3037 1165 3125 postea
1180 3018 1321 3124 penitus
1334 3028 1511 3104 audiatur.

294 3141 429 3216 Deinde
447 3167 522 3242 cap.
536 3144 574 3218 O.
588 3145 766 3230 Quamdiu
784 3143 1090 3219 excommunicato
1107 3162 1176 3213 non
1191 3140 1511 3216 communicaverit

293 3281 381 3329 suus
394 3257 709 3354 episeopuseidem
725 3259 885 3356 episcopo
901 3258 947 3330 ab
962 3255 1045 3329 eliis
1057 3278 1126 3328 non
1140 3254 1426 3329 communicetur
1439 3250 1512 3353 epi·
1624 3273 1627 3277 ’

296 3369 471 3466 scopisut
485 3370 604 3465 magis
621 3381 748 3446 caveat
764 3370 949 3469 episeopus
966 3393 1011 3443 ne
1028 3368 1124 3442 dicat
1140 3367 1177 3440 in
1195 3369 1511 3466 quenquam‚qu0d

291 3481 373 3554 aliis
386 3481 613 3556 documentis
626 3484 839 3558 convincere
853 3491 975 3583 potest.
989 3479 1162 3556 Calixtus.
1175 3481 1511 3565 Exoommunioatos

292 3594 571 3670 asaeerdotibus
593 3594 715 3670 nullus
741 3595 899 3694 recipiat,
917 3606 998 3671 ante
1025 3595 1213 3692 utriusque
1239 3593 1350 3691 partis
1375 3620 1512 3671 exeom-

294 3709 584 3797 municationem‚
597 3734 664 3784 nec
681 3734 763 3784 cnm
777 3710 829 3784 eis
843 3711 878 3783 in
896 3709 1063 3796 oratione,
1075 3716 1140 3782 aut
1156 3707 1246 3794 cibo,
1259 3707 1317 3782 vel
1337 3717 1433 3806 potu,
1445 3719 1511 3783 aut

292 3822 412 3897 osculo
436 3822 687 3911 communicet,
704 3847 770 3899 nec
795 3822 913 3898 everis
935 3822 1039 3897 dicat.
1057 3821 1270 3919 Quicunque
1296 3823 1436 3896 veroin
1454 3823 1511 3896 his

296 3935 487 4034 quod'aliis
505 3935 691 4032 prohibitis
708 3936 760 4011 eis
781 3936 936 4011 scienter
960 3935 1292 4022 communicaverit,
1309 3935 1409 4008 iuxta
1431 3959 1512 4033 apo

294 4049 461 4123 stolorum
478 4048 738 4124 institutionem
754 4059 788 4123 et
805 4050 880 4150 ipse
893 4049 1003 4124 simili
1021 4048 1381 4124 excommunicationi
1395 4048 1512 4124 subia-

295 4171 385 4236 ceat.
399 4162 574 4236 Gelasius.
589 4163 814 4259 Quicumque
832 4163 945 4258 igitur
963 4163 1058 4236 intra
1075 4162 1161 4234 anni
1180 4161 1336 4258 spatium
1353 4161 1511 4237 civiliter

297 4274 373 4348 sive
387 4275 528 4371 publice
541 4300 685 4349 oausam
697 4298 797 4347 suam
810 4299 927 4348 coram
938 4275 1427 4351 suisexcommnnieatoribus
1440 4298 1511 4351 non

297 4389 502 4488 peregerint
519 4389 606 4489 ipsis
622 4388 813 4464 audientire
831 4390 1002 4464 clausisse
1019 4388 1181 4462 auditum
1200 4388 1399 4462 videantur.
1412 4390 1513 4477 Quod

296 4502 326 4578 si
341 4502 386 4577 ab
398 4502 549 4580 ostinato
561 4503 680 4579 animo
693 4501 770 4580 sine
784 4501 1104 4578 communicatione
1117 4501 1280 4578 defuncti
1294 4502 1513 4592 fuerintnos
