3608 5498
818 395 1010 459 -167-

305 541 439 615 negare
453 518 557 593 fidem
571 518 806 616 condempnat
823 517 1018 616 perfidiam.
1032 518 1119 594 Plus
1131 520 1181 594 ita
1194 521 1289 596 enim
1303 530 1340 596 et
1351 520 1449 597 circa
1461 544 1525 595 vos

302 630 424 706 ovium
442 653 553 720 amor,
569 639 606 707 ct
622 640 752 706 vestra
768 630 870 706 Sedis
886 631 1015 708 crescit
1030 633 1237 724 auctoritas,
1250 643 1286 709 et
1298 634 1391 732 qnod
1403 635 1449 711 ad
1461 657 1524 709 vos

301 753 356 820 est
372 743 494 818 unitas
510 751 716 819 sanctarum
734 743 968 820 ecclesiarum
993 746 1177 822 inturbata
1201 747 1420 838 servabitur,
1434 748 1522 846 quin

300 883 364 959 per
383 882 447 934 vos
463 858 655 935 didicerint
678 881 800 934 omnes
824 857 1022 935 beatissimi
1048 859 1213 960 Episcopi
1237 860 1364 935 horum
1382 884 1462 959 quae
1477 861 1523 937 ad

300 996 364 1049 vos
387 971 500 1049 relata
515 981 603 1047 sunt
626 971 803 1048 sinceram
828 972 1031 1048 sanctitatis
1056 982 1186 1049 vestra
1203 973 1411 1050 doctrinam.
1428 974 1523 1050 Peti-

301 1111 381 1161 mus
405 1095 525 1162 autem
543 1086 587 1160 ad
608 1081 767 1161 vestram
790 1085 1048 1162 beatitudinem
1073 1109 1173 1163 orare
1190 1110 1253 1184 pro
1273 1086 1385 1178 nobis,
1402 1096 1438 1163 et
1456 1087 1521 1163 Dei

300 1199 400 1275 nobis
416 1199 602 1299 acquirere
619 1198 891 1299 providentiam.
909 1202 956 1274 Et
972 1197 1195 1297 subscriptio.
1209 1199 1389 1274 Divinitas
1402 1208 1437 1277 te
1450 1224 1521 1276 ser·

298 1322 361 1388 vet
376 1337 439 1412 per
457 1313 587 1389 multos
603 1335 690 1389 anos
707 1321 830 1389 sancte
848 1309 1168 1411 etreligiosissime
1185 1323 1295 1412 pater.

776 1479 1044 1566 ccxxxvnn.

367 1659 416 1711 Ex
435 1657 563 1724 eodem,
580 1655 809 1711 constitutione
830 1656 945 1711 eadem
965 1656 1159 1724 rescriptum
1178 1657 1329 1712 Iohannis
1348 1659 1450 1724 Papae

672 1746 715 1800 ad
734 1745 886 1800 eumdem
905 1747 1147 1812 Imperatorem.

390 1880 651 1957 Gloriosissimo
674 1890 711 1957 et
734 1881 1012 1958 clementissimo
1034 1881 1107 1956 filio
1124 1882 1324 1958 Iustiniana
1342 1888 1520 1980 Augusto,

294 1995 470 2072 Iohannes
486 1995 681 2095 Episcopus
698 1996 806 2073 Urbis
823 2000 950 2071 Roma.
969 1998 1068 2070 Inter
1080 1995 1196 2070 claras
1220 1995 1405 2095 sapientia
1422 2021 1521 2071 man·

295 2109 497 2185 suetudinis
516 2118 647 2185 vestrae
669 2109 804 2198 laudes,
818 2109 1126 2186 christianissime
1140 2110 1362 2208 Principum,
1379 2111 1520 2209 puriore

293 2222 375 2300 luce
391 2233 574 2322 tamquam
591 2222 734 2321 aliquod
750 2223 849 2298 sidus
866 2223 1026 2312 irradiat,
1049 2224 1142 2322 quod
1166 2247 1285 2301 amore
1310 2222 1402 2315 fidei,
1427 2226 1520 2323 quod

292 2336 456 2414 caritatis
470 2337 590 2413 studio
605 2336 720 2413 edocti
737 2336 994 2414 ecclesiasticis
1011 2335 1222 2436 disciplinis,
1234 2339 1403 2412 Romana
1417 2338 1519 2413 Sedis

293 2453 530 2528 reverentiam
547 2452 778 2540 conservatis,
797 2461 833 2526 et
852 2450 885 2527 ei
903 2464 1035 2527 cuncta
1053 2451 1228 2542 subicitis,
1244 2459 1280 2528 et
1297 2451 1342 2526 ad
1358 2450 1437 2527 eins
1462 2451 1519 2527 de-

295 2564 428 2642 ducitis
444 2567 632 2657 nuitatem,
649 2565 694 2641 ad
711 2565 817 2641 cuius
834 2574 1028 2654 auctorem,
1040 2565 1108 2642 hcc
1121 2574 1176 2641 est
1189 2565 1436 2664 Apostolorum
1449 2566 1519 2666 pri·

294 2704 391 2754 mum
406 2679 555 2755 Domino
571 2679 736 2779 loquente
750 2688 967 2777 praeceptum
980 2690 1044 2754 est.
1059 2682 1169 2755 Pasce
1182 2701 1265 2755 oves
1280 2703 1387 2754 meas.
1400 2681 1516 2767 Quam

293 2817 370 2868 csse
382 2792 542 2868 omnium
555 2817 639 2869 vere
651 2791 887 2868 ecclesiarum
898 2807 1018 2891 caput,
1027 2803 1064 2868 et
1072 2803 1214 2891 patrum
1229 2792 1365 2890 regula
1375 2806 1411 2868 et
1423 2793 1519 2892 prin·

292 2907 413 3005 cipum
431 2915 566 2982 statuta
583 2907 767 2983 declarant
782 2916 819 2981 et
835 2906 980 3005 pietatis
1004 2919 1134 2983 vestrae
1160 2907 1441 2984 reverentissimi
1466 2916 1518 2984 tc·

292 3030 435 3097 stautur
452 3021 591 3096 affatus.
609 3025 715 3096 Patet
731 3020 848 3116 igitur
861 3019 900 3094 in
912 3021 1013 3098 vobis
1026 3021 1214 3120 impletum
1227 3022 1312 3112 fore,
1325 3020 1418 3120 quod
1430 3021 1518 3096 scri·

294 3145 408 3233 ptura
423 3135 601 3223 locuntur,
615 3159 678 3234 per
693 3160 747 3209 me
761 3159 865 3232 reges
881 3147 1048 3236 regnant,
1060 3147 1097 3214 et
1114 3146 1274 3234 potentes
1287 3136 1451 3213 scribunt
1463 3136 1517 3210 iu·

291 3254 438 3329 stiriam.
451 3254 550 3330 Nihil
566 3264 622 3330 est
634 3255 727 3353 quod
740 3254 876 3329 lumine
890 3252 1041 3329 clariore
1054 3250 1279 3350 prefulgeat,
1291 3275 1400 3350 quam
1418 3259 1516 3327 recta

293 3369 380 3444 fides
396 3368 433 3443 in
451 3368 620 3471 principe.
637 3370 762 3446 Nichil
788 3368 953 3469 estquod
976 3367 1028 3443 ita
1043 3375 1208 3464 nequeat
1232 3364 1376 3441 occasui
1399 3364 1517 3439 subia-

291 3505 383 3571 cere,
404 3505 513 3580 quam
530 3507 616 3558 vera
643 3483 780 3580 religio.
796 3487 890 3558 Nam
916 3506 1000 3558 curu
1024 3488 1149 3555 auctor
1174 3479 1259 3555 vitre
1282 3477 1342 3554 vel
1366 3476 1516 3554 luminis

292 3604 489 3693 utrumque
510 3596 715 3694 respiciant,
736 3607 844 3673 recta
861 3608 897 3671 et
909 3594 1073 3671 tenebras
1086 3592 1283 3694 respiciunt
1295 3600 1332 3668 et
1347 3590 1517 3668 nesciunt

294 3709 477 3785 subiacere
494 3710 660 3787 delectui.
678 3714 725 3786 Et
741 3712 846 3786 infra.
864 3709 1047 3808 Scriptum
1064 3716 1121 3782 est
1139 3707 1250 3784 enim:
1267 3704 1373 3780 labiis
1386 3712 1516 3801 regnat

293 3847 368 3896 rex.
381 3824 429 3896 Et
441 3821 587 3898 iterum:
600 3848 762 3900 cumrex
773 3824 891 3898 iustus
904 3822 1036 3898 sederit
1047 3845 1156 3920 super
1168 3819 1298 3909 sedem,
1309 3843 1381 3894 non
1392 3818 1516 3894 adver·

289 3935 428 4011 sabitur
442 3935 474 4012 ei
492 3937 687 4037 quicquam
704 3937 918 4036 malignum.
936 3939 983 4011 nt
998 3946 1139 4014 catera.

815 4103 938 4188 ccxl.

619 4258 669 4308 Ex
682 4255 764 4310 libro
783 4256 984 4309 novellarum
1002 4254 1181 4309 Iustiniani.

386 4390 611 4467 lastinianus
623 4395 819 4491 Imperator
838 4396 1039 4489 Augustus,
1058 4394 1162 4467 Petro
1175 4393 1244 4465 ΡΡ.
1257 4388 1448 4465 Sancimus
1461 4414 1514 4468 se-

288 4503 446 4580 cundum
472 4503 703 4582 diffinitiones
725 4515 934 4582 sanctarum
958 4508 1060 4581 Illlor
1083 4504 1337 4604 principalium
1362 4505 1514 4605 synodo·
