3608 5498
814 395 987 456 ..64-

292 516 518 612 evangelista
536 524 741 620 consecrata
759 525 823 591 est.
836 515 955 591 Tertia
968 538 1052 590 vero
1064 515 1165 590 sedes
1177 515 1272 613 apud
1285 512 1513 589 Antiochiam

290 629 447 704 eiusdem
466 631 567 704 Beati
587 628 683 702 Petri
708 628 867 724 Apostoli
892 628 1044 704 habetur
1069 629 1299 719 honorabilis,
1324 628 1410 726 quia
1434 627 1514 704 illic

290 741 389 839 prins
402 766 509 840 quam
526 744 670 816 Romam
684 740 836 829 veniret,
849 741 1036 834 habitavit,
1045 754 1082 819 et
1090 744 1304 841 Episcopum
1314 741 1513 823 constituit,

291 865 326 930 et
343 854 417 931 illie
440 855 595 953 primum
621 879 749 931 nomen
775 854 1062 932 Christianorum
1088 867 1249 933 exortum
1275 865 1339 932 est.
1363 858 1412 932 Et
1435 864 1514 953 post

290 993 413 1066 pauca.
430 972 528 1044 Inter
544 970 665 1044 beatos
684 971 868 1067 Apostolos
892 971 1043 1068 quedam
1065 971 1136 1046 fuit
1157 970 1332 1046 dissertio.
1356 972 1405 1043 Et
1427 967 1515 1056 licet

290 1104 412 1156 omnes
429 1091 549 1157 essent
567 1082 735 1179 Apostoli,
753 1085 857 1158 Petro
874 1095 994 1161 tamen
1013 1113 1034 1159 a
1052 1084 1201 1160 Domino
1217 1094 1273 1159 est
1293 1107 1514 1170 concessum,

291 1206 326 1270 et
343 1195 410 1293 ipsi
428 1196 494 1271 hoo
511 1197 606 1271 inter
622 1197 756 1295 seipsos
774 1197 976 1289 voluerunt,
994 1210 1035 1274 ut
1049 1199 1198 1299 reliquis
1211 1198 1375 1273 omnibus
1388 1219 1513 1293 praees·

290 1321 345 1386 set
363 1311 550 1409 Apostolia
568 1320 604 1386 et
620 1310 761 1409 cephas,
779 1313 871 1388 idest
888 1324 996 1412 caput
1013 1324 1049 1388 et
1065 1313 1281 1411 principium
1300 1318 1439 1385 teneret
1464 1313 1512 1382 A·

292 1426 495 1525 postolatus.
512 1426 581 1514 Qui
599 1438 635 1502 et
651 1428 797 1502 eandem
817 1428 966 1502 formam
985 1429 1061 1502 suis
1082 1426 1347 1505 successoribus
1371 1436 1408 1501 et
1434 1423 1512 1498 reli·

292 1538 372 1636 quis
385 1538 569 1636 Episcopis
582 1540 769 1614 tenendam
788 1540 1021 1616 tradiderunt.
1035 1544 1082 1616 Et
1094 1551 1172 1639 post
1187 1565 1311 1638 pauca.
1329 1543 1415 1615 Haec
1427 1560 1514 1613 vero

295 1651 496 1749 Apostoliea
513 1652 614 1726 sedes
631 1661 666 1727 et
684 1663 792 1749 caput
808 1653 924 1742 cardo,
942 1665 982 1727 ut
998 1653 1221 1752 praephatum
1246 1663 1301 1727 est
1324 1678 1345 1738 a
1363 1651 1514 1725 Domino

289 1776 325 1841 et
341 1788 411 1840 non
428 1765 472 1840 ab
489 1764 559 1839 alio
576 1775 631 1840 est
646 1765 850 1840 constituta.
868 1770 915 1840 Et
931 1768 1028 1843 sicut
1044 1768 1190 1844 cardine
1207 1767 1339 1841 ostium
1357 1767 1511 1868 regitur,

290 1879 342 1955 sie
360 1878 469 1953 huius
486 1889 618 1954 sanotae
635 1879 728 1954 sedis
745 1881 957 1955 auctoritate
974 1905 1095 1957 omnes
1112 1881 1272 1957 ecclesiae
1290 1880 1439 1955 Domino
1462 1880 1513 1954 di-

289 2002 458 2092 sponente
478 2003 665 2090 reguntur.

871 2217 925 2301 Ll.

386 2455 445 2528 Illi
459 2465 577 2530 autem
589 2455 699 2553 quiin
712 2454 892 2554 metropoli
907 2479 928 2526 a
942 2453 1042 2559 beato
1052 2457 1155 2527 Petro
1168 2452 1353 2527 ordinante
1363 2450 1515 2527 Domino

291 2579 327 2644 et
339 2595 360 2642 a
373 2569 627 2666 praedecessore
644 2579 763 2643 nostro
776 2579 899 2645 sancto
908 2568 1093 2643 Clemente
1106 2591 1199 2642 seua
1213 2566 1313 2641 nobis
1325 2565 1513 2641 constituti

290 2693 387 2772 sunt,
403 2706 474 2758 non
490 2707 612 2759 omnes
625 2683 795 2781 primates
807 2683 867 2758 v'el
880 2682 1093 2781 patriarchae
1105 2706 1183 2757 esse
1196 2690 1352 2779 possunt.
1367 2679 1436 2754 Sed
1449 2678 1513 2753 ille

291 2796 395 2872 urbes
412 2821 491 2895 quae
509 2796 635 2894 priscis
651 2797 870 2894 temporibus
888 2797 1079 2895 primatum
1097 2806 1254 2872 tenuere.
1272 2793 1437 2892 Episcopi
1457 2817 1514 2869 ea·

243 2919 251 2934 ‘
291 2935 372 2984 rum
390 2909 681 2985 Patriarcharum
699 2910 863 3007 primatis
879 2913 1022 2989 nomine
1039 2914 1218 2988 fruantur.
1243 2910 1402 3009 Reliqnae
1427 2932 1514 2985 vero

291 3024 499 3122 metropoles
515 3023 860 3121 archiepiscoporum
874 3035 938 3099 ant
952 3026 1304 3123 metropolitanorum
1321 3034 1358 3099 et
1370 3045 1440 3097 non
1455 3047 1514 3121 pa·

291 3137 528 3213 triarcharnm
548 3148 612 3211 aut
629 3137 849 3234 primatuum
868 3148 1018 3212 utantur
1035 3138 1251 3224 nominibus,
1268 3137 1352 3235 quia
1366 3135 1442 3210 haee
1455 3159 1513 3209 ea·

289 3250 370 3324 dem
387 3262 424 3325 et
439 3250 540 3346 leges
556 3250 669 3326 seculi
688 3251 725 3323 in
743 3251 818 3324 suis
831 3252 1086 3327 continuerunt
1099 3250 1329 3350 principibus.
1344 3248 1434 3324 Aliae
1450 3258 1512 3321 an2

288 3372 360 3438 tem
379 3363 502 3460 primae
518 3363 678 3439 civitatis
695 3387 783 3461 quas
802 3363 901 3438 vobis
919 3364 1138 3462 conscriptas
1155 3365 1193 3437 in
1218 3363 1370 3462 quodam
1392 3362 1512 3435 thomo

288 3475 467 3550 mittimus
483 3501 504 3548 a
521 3476 657 3552 sanetis
675 3475 853 3573 Apostolis
869 3487 906 3552 et
922 3476 1024 3552 beato
1049 3477 1233 3553 Clemente
1259 3476 1336 3551 sive
1361 3499 1383 3548 a
1409 3474 1512 3548 nobis

288 3588 459 3685 primates
475 3589 722 3687 praedicatores
738 3600 964 3687 acceperunt.

866 3809 940 3934 nr.

385 4045 573 4120 Evaristus
589 4044 754 4120 omnibus
767 4045 952 4143 Episcopis
966 4069 1028 4142 per
1040 4048 1240 4144 Egyptnm.
1254 4046 1360 4120 Siout
1371 4045 1429 4118 vir
1441 4067 1512 4119 non

288 4158 391 4234 debet
407 4157 608 4233 adulterare
627 4181 770 4232 uxorem
793 4183 907 4244 suam,
932 4156 982 4230 ita
1008 4181 1075 4232 neo
1102 4157 1297 4255 Episcopus
1322 4156 1510 4231 ecclesiam

250 4302 253 4307 ·
288 4296 402 4360 snam,
415 4281 457 4345 ut
467 4270 625 4345 dimittat
642 4296 720 4347 eam
737 4271 782 4345 ad
799 4296 906 4369 quam
924 4281 1153 4346 consecratus
1170 4281 1235 4360 est,
1251 4271 1384 4369 absque
1398 4270 1511 4345 ineri-

287 4384 388 4458 tabili
407 4385 629 4474 necessitate,
644 4395 708 4458 aut
724 4384 915 4483 apostolica
933 4383 991 4459 vel
1006 4384 1165 4479 regulari
1181 4383 1377 4458 mutatione
1390 4407 1459 4457 nec
1471 4407 1510 4458 se

288 4497 392 4572 alteri
410 4496 568 4573 ambitus
585 4523 695 4574 causa
712 4497 921 4593 coniungat.
