<?xml version="1.0" encoding="UTF-8"?>
<!DOCTYPE html PUBLIC "-//W3C//DTD XHTML 1.0 Transitional//EN"
    "http://www.w3.org/TR/xhtml1/DTD/xhtml1-transitional.dtd">
<html xmlns="http://www.w3.org/1999/xhtml" xml:lang="en" lang="en">
 <head>
  <title>
</title>
<meta http-equiv="Content-Type" content="text/html;charset=utf-8" />
  <meta name='ocr-system' content='tesseract 3.04.00' />
  <meta name='ocr-capabilities' content='ocr_page ocr_carea ocr_par ocr_line ocrx_word'/>
</head>
<body>
  <div class='ocr_page' id='page_1' title='image "./collectiocanonu00deusgoog_0422.png"; bbox 0 0 3608 5498; ppageno 0'>
   <div class='ocr_carea' id='block_1_1' title="bbox 810 402 1008 465">
    <p class='ocr_par' dir='ltr' id='par_1_1' title="bbox 810 402 1008 465">
     <span class='ocr_line' id='line_1_1' title="bbox 810 402 1008 465; baseline 0.01 -2"><span class='ocrx_word' id='word_1_1' title='bbox 810 402 1008 465; x_wconf 81' lang='lat'>-391-</span> 
     </span>
    </p>
   </div>
   <div class='ocr_carea' id='block_1_2' title="bbox 296 520 1516 734">
    <p class='ocr_par' dir='ltr' id='par_1_2' title="bbox 296 520 1516 734">
     <span class='ocr_line' id='line_1_2' title="bbox 297 520 1516 623; baseline 0 -27"><span class='ocrx_word' id='word_1_2' title='bbox 297 521 495 597; x_wconf 85' lang='lat' dir='ltr'><strong>confitendo</strong></span> <span class='ocrx_word' id='word_1_3' title='bbox 510 532 694 620; x_wconf 85' lang='lat' dir='ltr'><strong>peceatum</strong></span> <span class='ocrx_word' id='word_1_4' title='bbox 710 547 786 598; x_wconf 90' lang='lat' dir='ltr'><strong>esse</strong></span> <span class='ocrx_word' id='word_1_5' title='bbox 799 520 975 597; x_wconf 90' lang='lat' dir='ltr'><strong>humilius</strong></span> <span class='ocrx_word' id='word_1_6' title='bbox 987 523 1165 598; x_wconf 86' lang='lat' dir='ltr'><strong>veraciter</strong></span> <span class='ocrx_word' id='word_1_7' title='bbox 1180 529 1372 623; x_wconf 87' lang='lat' dir='ltr'><strong>appeteret,</strong></span> <span class='ocrx_word' id='word_1_8' title='bbox 1385 522 1428 598; x_wconf 88' lang='lat' dir='ltr'><strong>de</strong></span> <span class='ocrx_word' id='word_1_9' title='bbox 1442 546 1516 620; x_wconf 87' lang='lat' dir='ltr'><strong>pcr-</strong></span> 
     </span>
     <span class='ocr_line' id='line_1_3' title="bbox 296 635 1254 734; baseline 0.001 -22"><span class='ocrx_word' id='word_1_10' title='bbox 296 635 493 734; x_wconf 90' lang='lat' dir='ltr'><strong>petratione</strong></span> <span class='ocrx_word' id='word_1_11' title='bbox 507 636 642 734; x_wconf 89' lang='lat' dir='ltr'><strong>peccati</strong></span> <span class='ocrx_word' id='word_1_12' title='bbox 658 646 854 733; x_wconf 84' lang='lat' dir='ltr'><strong>arguentes</strong></span> <span class='ocrx_word' id='word_1_13' title='bbox 871 658 997 712; x_wconf 91' lang='lat' dir='ltr'><strong>senon</strong></span> <span class='ocrx_word' id='word_1_14' title='bbox 1014 636 1254 734; x_wconf 90' lang='lat' dir='ltr'><strong>impugnaret.</strong></span> 
     </span>
    </p>
   </div>
   <div class='ocr_carea' id='block_1_3' title="bbox 829 860 987 945">
    <p class='ocr_par' dir='ltr' id='par_1_3' title="bbox 829 860 987 945">
     <span class='ocr_line' id='line_1_4' title="bbox 829 860 987 945; baseline 0.006 -1"><span class='ocrx_word' id='word_1_15' title='bbox 829 860 987 945; x_wconf 83' lang='lat' dir='ltr'><strong>LXXIII.</strong></span> 
     </span>
    </p>
   </div>
   <div class='ocr_carea' id='block_1_4' title="bbox 287 1086 1548 4590">
    <p class='ocr_par' dir='ltr' id='par_1_4' title="bbox 287 1086 1548 4590">
     <span class='ocr_line' id='line_1_5' title="bbox 392 1086 1516 1188; baseline 0.004 -27"><span class='ocrx_word' id='word_1_16' title='bbox 392 1086 588 1183; x_wconf 80' lang='lat' dir='ltr'><strong>Gregorius</strong></span> <span class='ocrx_word' id='word_1_17' title='bbox 605 1087 642 1161; x_wconf 93' lang='lat' dir='ltr'><strong>in</strong></span> <span class='ocrx_word' id='word_1_18' title='bbox 660 1089 784 1162; x_wconf 90' lang='lat' dir='ltr'><strong>XVIII</strong></span> <span class='ocrx_word' id='word_1_19' title='bbox 800 1086 891 1161; x_wconf 94' lang='lat' dir='ltr'><strong>libro</strong></span> <span class='ocrx_word' id='word_1_20' title='bbox 908 1088 1106 1164; x_wconf 86' lang='lat' dir='ltr'><strong>moralium.</strong></span> <span class='ocrx_word' id='word_1_21' title='bbox 1131 1088 1302 1188; x_wconf 80' lang='lat' dir='ltr'>Quisquis</span> <span class='ocrx_word' id='word_1_22' title='bbox 1326 1099 1426 1166; x_wconf 85' lang='lat' dir='ltr'><strong>extra</strong></span> <span class='ocrx_word' id='word_1_23' title='bbox 1450 1115 1516 1166; x_wconf 83' lang='lat' dir='ltr'><strong>aee·</strong></span> 
     </span>
     <span class='ocr_line' id='line_1_6' title="bbox 296 1200 1514 1304; baseline 0.002 -29"><span class='ocrx_word' id='word_1_24' title='bbox 296 1200 414 1275; x_wconf 83' lang='lat' dir='ltr'><strong>clesiae</strong></span> <span class='ocrx_word' id='word_1_25' title='bbox 431 1201 606 1277; x_wconf 87' lang='lat' dir='ltr'><strong>unitatem</strong></span> <span class='ocrx_word' id='word_1_26' title='bbox 624 1200 770 1300; x_wconf 83' lang='lat' dir='ltr'><strong>patitur,</strong></span> <span class='ocrx_word' id='word_1_27' title='bbox 787 1225 907 1299; x_wconf 84' lang='lat' dir='ltr'><strong>paenas</strong></span> <span class='ocrx_word' id='word_1_28' title='bbox 932 1202 1006 1302; x_wconf 88' lang='lat' dir='ltr'><strong>pati</strong></span> <span class='ocrx_word' id='word_1_29' title='bbox 1032 1211 1156 1304; x_wconf 82' lang='lat' dir='ltr'><strong>potest,</strong></span> <span class='ocrx_word' id='word_1_30' title='bbox 1180 1213 1321 1302; x_wconf 79' lang='lat' dir='ltr'><strong>martyr</strong></span> <span class='ocrx_word' id='word_1_31' title='bbox 1342 1203 1420 1278; x_wconf 84' lang='lat' dir='ltr'><strong>fieri</strong></span> <span class='ocrx_word' id='word_1_32' title='bbox 1444 1229 1514 1280; x_wconf 93' lang='lat' dir='ltr'><strong>non</strong></span> 
     </span>
     <span class='ocr_line' id='line_1_7' title="bbox 295 1314 1516 1416; baseline 0.004 -28"><span class='ocrx_word' id='word_1_33' title='bbox 295 1324 420 1411; x_wconf 87' lang='lat' dir='ltr'><strong>potest.</strong></span> <span class='ocrx_word' id='word_1_34' title='bbox 437 1314 530 1402; x_wconf 85' lang='lat' dir='ltr'><strong>Quia</strong></span> <span class='ocrx_word' id='word_1_35' title='bbox 543 1324 584 1390; x_wconf 88' lang='lat' dir='ltr'><strong>ut</strong></span> <span class='ocrx_word' id='word_1_36' title='bbox 596 1314 718 1390; x_wconf 88' lang='lat' dir='ltr'><strong>dicitis</strong></span> <span class='ocrx_word' id='word_1_37' title='bbox 730 1314 854 1391; x_wconf 88' lang='lat' dir='ltr'><strong>beatus</strong></span> <span class='ocrx_word' id='word_1_38' title='bbox 867 1315 926 1390; x_wconf 95' lang='lat' dir='ltr'><strong>Ioh</strong></span> <span class='ocrx_word' id='word_1_39' title='bbox 939 1316 999 1391; x_wconf 89' lang='lat' dir='ltr'><strong>ait.</strong></span> <span class='ocrx_word' id='word_1_40' title='bbox 1013 1321 1112 1391; x_wconf 90' lang='lat' dir='ltr'><strong>Auro</strong></span> <span class='ocrx_word' id='word_1_41' title='bbox 1124 1316 1224 1393; x_wconf 88' lang='lat' dir='ltr'><strong>loeus</strong></span> <span class='ocrx_word' id='word_1_42' title='bbox 1235 1325 1291 1392; x_wconf 87' lang='lat' dir='ltr'><strong>est</strong></span> <span class='ocrx_word' id='word_1_43' title='bbox 1302 1317 1341 1391; x_wconf 92' lang='lat' dir='ltr'><strong>in</strong></span> <span class='ocrx_word' id='word_1_44' title='bbox 1353 1341 1423 1416; x_wconf 90' lang='lat' dir='ltr'><strong>quo</strong></span> <span class='ocrx_word' id='word_1_45' title='bbox 1435 1341 1516 1393; x_wconf 92' lang='lat' dir='ltr'><strong>con-</strong></span> 
     </span>
     <span class='ocr_line' id='line_1_8' title="bbox 294 1427 1516 1528; baseline 0.003 -27"><span class='ocrx_word' id='word_1_46' title='bbox 294 1427 411 1502; x_wconf 86' lang='lat' dir='ltr'><strong>fiatur.</strong></span> <span class='ocrx_word' id='word_1_47' title='bbox 420 1428 515 1515; x_wconf 90' lang='lat' dir='ltr'>Quid</span> <span class='ocrx_word' id='word_1_48' title='bbox 527 1428 647 1526; x_wconf 90' lang='lat' dir='ltr'><strong>itaque</strong></span> <span class='ocrx_word' id='word_1_49' title='bbox 660 1429 704 1502; x_wconf 92' lang='lat' dir='ltr'><strong>ad</strong></span> <span class='ocrx_word' id='word_1_50' title='bbox 717 1429 782 1505; x_wconf 91' lang='lat' dir='ltr'><strong>hoe</strong></span> <span class='ocrx_word' id='word_1_51' title='bbox 794 1428 963 1505; x_wconf 79' lang='lat' dir='ltr'><strong>hereticis</strong></span> <span class='ocrx_word' id='word_1_52' title='bbox 976 1428 1109 1505; x_wconf 90' lang='lat' dir='ltr'><strong>dicitur</strong></span> <span class='ocrx_word' id='word_1_53' title='bbox 1122 1429 1267 1505; x_wconf 85' lang='lat' dir='ltr'><strong>conflari</strong></span> <span class='ocrx_word' id='word_1_54' title='bbox 1282 1453 1345 1528; x_wconf 87' lang='lat' dir='ltr'><strong>per</strong></span> <span class='ocrx_word' id='word_1_55' title='bbox 1356 1429 1516 1506; x_wconf 84' lang='lat' dir='ltr'><strong>afflietio</strong></span> 
     </span>
     <span class='ocr_line' id='line_1_9' title="bbox 294 1541 1515 1642; baseline 0.003 -26"><span class='ocrx_word' id='word_1_56' title='bbox 294 1567 376 1618; x_wconf 89' lang='lat' dir='ltr'><strong>nem</strong></span> <span class='ocrx_word' id='word_1_57' title='bbox 394 1543 525 1634; x_wconf 86' lang='lat' dir='ltr'><strong>earnis,</strong></span> <span class='ocrx_word' id='word_1_58' title='bbox 541 1541 599 1618; x_wconf 88' lang='lat' dir='ltr'><strong>vel</strong></span> <span class='ocrx_word' id='word_1_59' title='bbox 618 1543 725 1618; x_wconf 90' lang='lat' dir='ltr'><strong>etiam</strong></span> <span class='ocrx_word' id='word_1_60' title='bbox 743 1568 805 1642; x_wconf 89' lang='lat' dir='ltr'><strong>per</strong></span> <span class='ocrx_word' id='word_1_61' title='bbox 819 1543 1036 1641; x_wconf 79' lang='lat' dir='ltr'><strong>martyrium</strong></span> <span class='ocrx_word' id='word_1_62' title='bbox 1053 1542 1219 1631; x_wconf 85' lang='lat' dir='ltr'><strong>voluerit,</strong></span> <span class='ocrx_word' id='word_1_63' title='bbox 1236 1543 1297 1617; x_wconf 92' lang='lat' dir='ltr'><strong>sed</strong></span> <span class='ocrx_word' id='word_1_64' title='bbox 1309 1542 1428 1618; x_wconf 91' lang='lat' dir='ltr'><strong>locum</strong></span> <span class='ocrx_word' id='word_1_65' title='bbox 1446 1568 1515 1642; x_wconf 94' lang='lat' dir='ltr'><strong>quo</strong></span> 
     </span>
     <span class='ocr_line' id='line_1_10' title="bbox 295 1651 1513 1754; baseline 0.001 -25"><span class='ocrx_word' id='word_1_66' title='bbox 295 1656 452 1732; x_wconf 89' lang='lat' dir='ltr'><strong>debeatis</strong></span> <span class='ocrx_word' id='word_1_67' title='bbox 464 1657 608 1733; x_wconf 85' lang='lat' dir='ltr'><strong>conflari</strong></span> <span class='ocrx_word' id='word_1_68' title='bbox 624 1657 781 1732; x_wconf 86' lang='lat' dir='ltr'><strong>nescitis.</strong></span> <span class='ocrx_word' id='word_1_69' title='bbox 790 1661 870 1734; x_wconf 89' lang='lat' dir='ltr'><strong>Una</strong></span> <span class='ocrx_word' id='word_1_70' title='bbox 884 1666 939 1731; x_wconf 89' lang='lat' dir='ltr'><strong>est</strong></span> <span class='ocrx_word' id='word_1_71' title='bbox 951 1655 1116 1746; x_wconf 88' lang='lat' dir='ltr'><strong>ecclesia,</strong></span> <span class='ocrx_word' id='word_1_72' title='bbox 1125 1651 1163 1730; x_wconf 89' lang='lat' dir='ltr'><strong>in</strong></span> <span class='ocrx_word' id='word_1_73' title='bbox 1176 1680 1247 1754; x_wconf 92' lang='lat' dir='ltr'><strong>qua</strong></span> <span class='ocrx_word' id='word_1_74' title='bbox 1259 1656 1421 1754; x_wconf 92' lang='lat' dir='ltr'><strong>quisquis</strong></span> <span class='ocrx_word' id='word_1_75' title='bbox 1433 1681 1513 1732; x_wconf 92' lang='lat' dir='ltr'><strong>con-</strong></span> 
     </span>
     <span class='ocr_line' id='line_1_11' title="bbox 293 1769 1514 1872; baseline 0.002 -30"><span class='ocrx_word' id='word_1_76' title='bbox 293 1769 372 1843; x_wconf 89' lang='lat' dir='ltr'><strong>flari</strong></span> <span class='ocrx_word' id='word_1_77' title='bbox 390 1770 556 1860; x_wconf 82' lang='lat' dir='ltr'><strong>voluerit,</strong></span> <span class='ocrx_word' id='word_1_78' title='bbox 573 1770 617 1845; x_wconf 89' lang='lat' dir='ltr'><strong>ah</strong></span> <span class='ocrx_word' id='word_1_79' title='bbox 634 1771 731 1845; x_wconf 90' lang='lat' dir='ltr'><strong>omni</strong></span> <span class='ocrx_word' id='word_1_80' title='bbox 749 1772 856 1847; x_wconf 88' lang='lat' dir='ltr'><strong>etiam</strong></span> <span class='ocrx_word' id='word_1_81' title='bbox 874 1770 1003 1872; x_wconf 87' lang='lat' dir='ltr'><strong>poterit</strong></span> <span class='ocrx_word' id='word_1_82' title='bbox 1020 1771 1120 1845; x_wconf 88' lang='lat' dir='ltr'><strong>sorde</strong></span> <span class='ocrx_word' id='word_1_83' title='bbox 1138 1770 1297 1869; x_wconf 89' lang='lat' dir='ltr'><strong>purgari.</strong></span> <span class='ocrx_word' id='word_1_84' title='bbox 1313 1771 1417 1866; x_wconf 85' lang='lat' dir='ltr'><strong>Ignis</strong></span> <span class='ocrx_word' id='word_1_85' title='bbox 1429 1795 1514 1845; x_wconf 86' lang='lat' dir='ltr'><strong>vero</strong></span> 
     </span>
     <span class='ocr_line' id='line_1_12' title="bbox 294 1883 1515 1983; baseline 0 -26"><span class='ocrx_word' id='word_1_86' title='bbox 294 1883 515 1959; x_wconf 88' lang='lat' dir='ltr'><strong>conflationis</strong></span> <span class='ocrx_word' id='word_1_87' title='bbox 527 1883 589 1983; x_wconf 95' lang='lat' dir='ltr'><strong>qui</strong></span> <span class='ocrx_word' id='word_1_88' title='bbox 603 1893 704 1960; x_wconf 84' lang='lat' dir='ltr'><strong>extra</strong></span> <span class='ocrx_word' id='word_1_89' title='bbox 717 1884 930 1960; x_wconf 81' lang='lat' dir='ltr'><strong>catholicam</strong></span> <span class='ocrx_word' id='word_1_90' title='bbox 945 1884 1117 1960; x_wconf 88' lang='lat' dir='ltr'><strong>toleratur</strong></span> <span class='ocrx_word' id='word_1_91' title='bbox 1129 1883 1329 1974; x_wconf 79' lang='lat' dir='ltr'><strong>ecclesiam,</strong></span> <span class='ocrx_word' id='word_1_92' title='bbox 1341 1885 1426 1982; x_wconf 91' lang='lat' dir='ltr'><strong>quia</strong></span> <span class='ocrx_word' id='word_1_93' title='bbox 1436 1884 1515 1959; x_wconf 91' lang='lat' dir='ltr'><strong>nul·</strong></span> 
     </span>
     <span class='ocr_line' id='line_1_13' title="bbox 294 1995 1513 2098; baseline 0.004 -29"><span class='ocrx_word' id='word_1_94' title='bbox 294 1995 365 2069; x_wconf 88' lang='lat' dir='ltr'><strong>lius</strong></span> <span class='ocrx_word' id='word_1_95' title='bbox 382 1996 499 2072; x_wconf 84' lang='lat' dir='ltr'><strong>virtus</strong></span> <span class='ocrx_word' id='word_1_96' title='bbox 516 1997 575 2086; x_wconf 84' lang='lat' dir='ltr'><strong>sit,</strong></span> <span class='ocrx_word' id='word_1_97' title='bbox 591 1996 773 2096; x_wconf 89' lang='lat' dir='ltr'><strong>apostolus</strong></span> <span class='ocrx_word' id='word_1_98' title='bbox 794 1997 956 2072; x_wconf 87' lang='lat' dir='ltr'><strong>insinuat</strong></span> <span class='ocrx_word' id='word_1_99' title='bbox 972 1999 1105 2074; x_wconf 88' lang='lat' dir='ltr'><strong>dicens.</strong></span> <span class='ocrx_word' id='word_1_100' title='bbox 1122 1998 1162 2071; x_wconf 87' lang='lat' dir='ltr'><strong>Si</strong></span> <span class='ocrx_word' id='word_1_101' title='bbox 1186 1998 1362 2074; x_wconf 88' lang='lat' dir='ltr'><strong>tradidero</strong></span> <span class='ocrx_word' id='word_1_102' title='bbox 1385 2023 1513 2098; x_wconf 91' lang='lat' dir='ltr'><strong>corpus</strong></span> 
     </span>
     <span class='ocr_line' id='line_1_14' title="bbox 293 2111 1548 2203; baseline 0.003 -20"><span class='ocrx_word' id='word_1_103' title='bbox 293 2136 414 2186; x_wconf 89' lang='lat' dir='ltr'><strong>meum</strong></span> <span class='ocrx_word' id='word_1_104' title='bbox 440 2121 481 2186; x_wconf 89' lang='lat' dir='ltr'><strong>ut</strong></span> <span class='ocrx_word' id='word_1_105' title='bbox 506 2112 639 2200; x_wconf 84' lang='lat' dir='ltr'><strong>ardeat,</strong></span> <span class='ocrx_word' id='word_1_106' title='bbox 662 2111 850 2187; x_wconf 88' lang='lat' dir='ltr'><strong>caritatem</strong></span> <span class='ocrx_word' id='word_1_107' title='bbox 875 2120 996 2187; x_wconf 85' lang='lat' dir='ltr'><strong>autem</strong></span> <span class='ocrx_word' id='word_1_108' title='bbox 1019 2136 1089 2186; x_wconf 91' lang='lat' dir='ltr'><strong>non</strong></span> <span class='ocrx_word' id='word_1_109' title='bbox 1112 2111 1277 2203; x_wconf 89' lang='lat' dir='ltr'><strong>habuero,</strong></span> <span class='ocrx_word' id='word_1_110' title='bbox 1294 2112 1408 2187; x_wconf 93' lang='lat' dir='ltr'><strong>nichil</strong></span> <span class='ocrx_word' id='word_1_111' title='bbox 1424 2112 1513 2187; x_wconf 92' lang='lat' dir='ltr'><strong>mihi</strong></span> <span class='ocrx_word' id='word_1_112' title='bbox 1545 2145 1548 2153; x_wconf 92' lang='lat'><strong>·</strong></span> 
     </span>
     <span class='ocr_line' id='line_1_15' title="bbox 292 2223 1514 2323; baseline 0.005 -28"><span class='ocrx_word' id='word_1_113' title='bbox 292 2223 442 2321; x_wconf 90' lang='lat' dir='ltr'><strong>prodest.</strong></span> <span class='ocrx_word' id='word_1_114' title='bbox 459 2224 531 2297; x_wconf 90' lang='lat' dir='ltr'><strong>Alii</strong></span> <span class='ocrx_word' id='word_1_115' title='bbox 551 2224 679 2323; x_wconf 91' lang='lat' dir='ltr'><strong>quippe</strong></span> <span class='ocrx_word' id='word_1_116' title='bbox 699 2247 809 2322; x_wconf 90' lang='lat' dir='ltr'><strong>prava</strong></span> <span class='ocrx_word' id='word_1_117' title='bbox 826 2224 870 2300; x_wconf 89' lang='lat' dir='ltr'><strong>de</strong></span> <span class='ocrx_word' id='word_1_118' title='bbox 888 2224 959 2300; x_wconf 93' lang='lat' dir='ltr'><strong>Deo</strong></span> <span class='ocrx_word' id='word_1_119' title='bbox 976 2226 1149 2315; x_wconf 85' lang='lat' dir='ltr'><strong>sentiunt,</strong></span> <span class='ocrx_word' id='word_1_120' title='bbox 1173 2226 1236 2300; x_wconf 89' lang='lat' dir='ltr'><strong>alii</strong></span> <span class='ocrx_word' id='word_1_121' title='bbox 1263 2236 1360 2302; x_wconf 86' lang='lat' dir='ltr'><strong>recta</strong></span> <span class='ocrx_word' id='word_1_122' title='bbox 1384 2226 1427 2303; x_wconf 90' lang='lat' dir='ltr'><strong>de</strong></span> <span class='ocrx_word' id='word_1_123' title='bbox 1451 2252 1514 2301; x_wconf 90' lang='lat' dir='ltr'><strong>au·</strong></span> 
     </span>
     <span class='ocr_line' id='line_1_16' title="bbox 292 2337 1510 2417; baseline 0.002 -4"><span class='ocrx_word' id='word_1_124' title='bbox 292 2338 455 2413; x_wconf 86' lang='lat' dir='ltr'><strong>ctoritate</strong></span> <span class='ocrx_word' id='word_1_125' title='bbox 472 2346 605 2413; x_wconf 91' lang='lat' dir='ltr'><strong>teuent.</strong></span> <span class='ocrx_word' id='word_1_126' title='bbox 623 2338 692 2412; x_wconf 84' lang='lat' dir='ltr'><strong>Sed</strong></span> <span class='ocrx_word' id='word_1_127' title='bbox 709 2337 884 2413; x_wconf 86' lang='lat' dir='ltr'><strong>unitatem</strong></span> <span class='ocrx_word' id='word_1_128' title='bbox 903 2338 1176 2414; x_wconf 85' lang='lat' dir='ltr'><strong>cumfratribus</strong></span> <span class='ocrx_word' id='word_1_129' title='bbox 1197 2363 1268 2415; x_wconf 91' lang='lat' dir='ltr'><strong>non</strong></span> <span class='ocrx_word' id='word_1_130' title='bbox 1293 2350 1426 2417; x_wconf 88' lang='lat' dir='ltr'><strong>tenent.</strong></span> <span class='ocrx_word' id='word_1_131' title='bbox 1451 2342 1510 2416; x_wconf 94' lang='lat' dir='ltr'><strong>Illi</strong></span> 
     </span>
     <span class='ocr_line' id='line_1_17' title="bbox 291 2451 1512 2554; baseline 0.002 -27"><span class='ocrx_word' id='word_1_132' title='bbox 291 2476 409 2527; x_wconf 90' lang='lat' dir='ltr'><strong>errore</strong></span> <span class='ocrx_word' id='word_1_133' title='bbox 434 2452 526 2540; x_wconf 80' lang='lat' dir='ltr'><strong>fidei,</strong></span> <span class='ocrx_word' id='word_1_134' title='bbox 551 2451 611 2526; x_wconf 87' lang='lat' dir='ltr'><strong>isti</strong></span> <span class='ocrx_word' id='word_1_135' title='bbox 636 2476 720 2527; x_wconf 86' lang='lat' dir='ltr'><strong>vero</strong></span> <span class='ocrx_word' id='word_1_136' title='bbox 745 2453 974 2550; x_wconf 82' lang='lat' dir='ltr'><strong>soysmaticis</strong></span> <span class='ocrx_word' id='word_1_137' title='bbox 1000 2455 1259 2554; x_wconf 86' lang='lat' dir='ltr'><strong>perpetratione</strong></span> <span class='ocrx_word' id='word_1_138' title='bbox 1284 2455 1392 2530; x_wconf 89' lang='lat' dir='ltr'><strong>divisi</strong></span> <span class='ocrx_word' id='word_1_139' title='bbox 1417 2467 1512 2531; x_wconf 89' lang='lat' dir='ltr'><strong>sunt.</strong></span> 
     </span>
     <span class='ocr_line' id='line_1_18' title="bbox 292 2564 1514 2667; baseline 0.002 -24"><span class='ocrx_word' id='word_1_140' title='bbox 292 2567 395 2643; x_wconf 91' lang='lat' dir='ltr'><strong>Unde</strong></span> <span class='ocrx_word' id='word_1_141' title='bbox 411 2575 447 2641; x_wconf 93' lang='lat' dir='ltr'><strong>et</strong></span> <span class='ocrx_word' id='word_1_142' title='bbox 463 2565 501 2639; x_wconf 93' lang='lat' dir='ltr'><strong>in</strong></span> <span class='ocrx_word' id='word_1_143' title='bbox 519 2566 632 2664; x_wconf 90' lang='lat' dir='ltr'><strong>prima</strong></span> <span class='ocrx_word' id='word_1_144' title='bbox 649 2575 749 2662; x_wconf 91' lang='lat' dir='ltr'><strong>parte</strong></span> <span class='ocrx_word' id='word_1_145' title='bbox 767 2564 940 2662; x_wconf 88' lang='lat' dir='ltr'><strong>decalogi,</strong></span> <span class='ocrx_word' id='word_1_146' title='bbox 957 2577 1151 2666; x_wconf 89' lang='lat' dir='ltr'><strong>utrumque</strong></span> <span class='ocrx_word' id='word_1_147' title='bbox 1169 2567 1325 2667; x_wconf 88' lang='lat' dir='ltr'><strong>partium</strong></span> <span class='ocrx_word' id='word_1_148' title='bbox 1342 2567 1447 2667; x_wconf 91' lang='lat' dir='ltr'><strong>culpe</strong></span> <span class='ocrx_word' id='word_1_149' title='bbox 1460 2594 1514 2646; x_wconf 87' lang='lat' dir='ltr'><strong>re·</strong></span> 
     </span>
     <span class='ocr_line' id='line_1_19' title="bbox 292 2679 1513 2777; baseline 0.007 -24"><span class='ocrx_word' id='word_1_150' title='bbox 292 2680 497 2777; x_wconf 89' lang='lat' dir='ltr'><strong>primuntur</strong></span> <span class='ocrx_word' id='word_1_151' title='bbox 514 2705 597 2755; x_wconf 91' lang='lat' dir='ltr'><strong>oum</strong></span> <span class='ocrx_word' id='word_1_152' title='bbox 615 2679 757 2754; x_wconf 91' lang='lat' dir='ltr'><strong>dicitur.</strong></span> <span class='ocrx_word' id='word_1_153' title='bbox 775 2679 916 2775; x_wconf 91' lang='lat' dir='ltr'><strong>Diliges</strong></span> <span class='ocrx_word' id='word_1_154' title='bbox 934 2682 1125 2757; x_wconf 92' lang='lat' dir='ltr'><strong>Dominum</strong></span> <span class='ocrx_word' id='word_1_155' title='bbox 1144 2686 1259 2759; x_wconf 91' lang='lat' dir='ltr'><strong>Deum</strong></span> <span class='ocrx_word' id='word_1_156' title='bbox 1276 2695 1392 2774; x_wconf 77' lang='lat' dir='ltr'><strong>tuum,</strong></span> <span class='ocrx_word' id='word_1_157' title='bbox 1409 2694 1444 2759; x_wconf 89' lang='lat' dir='ltr'><strong>et</strong></span> <span class='ocrx_word' id='word_1_158' title='bbox 1456 2709 1513 2761; x_wconf 89' lang='lat' dir='ltr'><strong>ce·</strong></span> 
     </span>
     <span class='ocr_line' id='line_1_20' title="bbox 291 2795 1512 2898; baseline 0.001 -26"><span class='ocrx_word' id='word_1_159' title='bbox 291 2807 378 2873; x_wconf 86' lang='lat' dir='ltr'><strong>tera.</strong></span> <span class='ocrx_word' id='word_1_160' title='bbox 395 2801 441 2871; x_wconf 84' lang='lat' dir='ltr'><strong>Et</strong></span> <span class='ocrx_word' id='word_1_161' title='bbox 463 2820 543 2871; x_wconf 81' lang='lat' dir='ltr'><strong>mox</strong></span> <span class='ocrx_word' id='word_1_162' title='bbox 559 2795 711 2871; x_wconf 83' lang='lat' dir='ltr'><strong>additur.</strong></span> <span class='ocrx_word' id='word_1_163' title='bbox 730 2798 776 2871; x_wconf 85' lang='lat' dir='ltr'><strong>Et</strong></span> <span class='ocrx_word' id='word_1_164' title='bbox 792 2795 993 2896; x_wconf 83' lang='lat' dir='ltr'><strong>proximum</strong></span> <span class='ocrx_word' id='word_1_165' title='bbox 1014 2807 1117 2872; x_wconf 91' lang='lat' dir='ltr'><strong>tuum</strong></span> <span class='ocrx_word' id='word_1_166' title='bbox 1136 2798 1232 2874; x_wconf 88' lang='lat' dir='ltr'><strong>siout</strong></span> <span class='ocrx_word' id='word_1_167' title='bbox 1251 2800 1415 2898; x_wconf 89' lang='lat' dir='ltr'><strong>teipsum.</strong></span> <span class='ocrx_word' id='word_1_168' title='bbox 1441 2798 1512 2886; x_wconf 84' lang='lat' dir='ltr'><strong>Qui</strong></span> 
     </span>
     <span class='ocr_line' id='line_1_21' title="bbox 291 2910 1511 3010; baseline 0.001 -23"><span class='ocrx_word' id='word_1_169' title='bbox 291 2910 387 2987; x_wconf 90' lang='lat' dir='ltr'><strong>enim</strong></span> <span class='ocrx_word' id='word_1_170' title='bbox 405 2911 447 2986; x_wconf 89' lang='lat' dir='ltr'><strong>de</strong></span> <span class='ocrx_word' id='word_1_171' title='bbox 464 2912 536 2986; x_wconf 88' lang='lat' dir='ltr'><strong>Deo</strong></span> <span class='ocrx_word' id='word_1_172' title='bbox 554 2935 721 3007; x_wconf 84' lang='lat' dir='ltr'><strong>pervorsa</strong></span> <span class='ocrx_word' id='word_1_173' title='bbox 738 2911 859 3002; x_wconf 88' lang='lat' dir='ltr'><strong>sentit,</strong></span> <span class='ocrx_word' id='word_1_174' title='bbox 875 2910 989 3009; x_wconf 90' lang='lat' dir='ltr'><strong>liquet</strong></span> <span class='ocrx_word' id='word_1_175' title='bbox 1014 2913 1170 3010; x_wconf 85' lang='lat' dir='ltr'><strong>prolecto</strong></span> <span class='ocrx_word' id='word_1_176' title='bbox 1193 2913 1278 3010; x_wconf 89' lang='lat' dir='ltr'><strong>quia</strong></span> <span class='ocrx_word' id='word_1_177' title='bbox 1301 2915 1415 2989; x_wconf 91' lang='lat' dir='ltr'><strong>Deum</strong></span> <span class='ocrx_word' id='word_1_178' title='bbox 1439 2936 1511 2988; x_wconf 91' lang='lat' dir='ltr'><strong>non</strong></span> 
     </span>
     <span class='ocr_line' id='line_1_22' title="bbox 290 3025 1511 3123; baseline 0.002 -23"><span class='ocrx_word' id='word_1_179' title='bbox 290 3026 420 3123; x_wconf 92' lang='lat' dir='ltr'><strong>diligit.</strong></span> <span class='ocrx_word' id='word_1_180' title='bbox 438 3027 507 3114; x_wconf 89' lang='lat' dir='ltr'><strong>Qui</strong></span> <span class='ocrx_word' id='word_1_181' title='bbox 527 3050 611 3101; x_wconf 94' lang='lat' dir='ltr'><strong>vero</strong></span> <span class='ocrx_word' id='word_1_182' title='bbox 628 3027 671 3102; x_wconf 90' lang='lat' dir='ltr'><strong>de</strong></span> <span class='ocrx_word' id='word_1_183' title='bbox 690 3029 762 3101; x_wconf 92' lang='lat' dir='ltr'><strong>Deo</strong></span> <span class='ocrx_word' id='word_1_184' title='bbox 779 3050 849 3100; x_wconf 92' lang='lat' dir='ltr'><strong>non</strong></span> <span class='ocrx_word' id='word_1_185' title='bbox 864 3035 960 3100; x_wconf 89' lang='lat' dir='ltr'><strong>recta</strong></span> <span class='ocrx_word' id='word_1_186' title='bbox 973 3026 1133 3101; x_wconf 86' lang='lat' dir='ltr'><strong>sentiens</strong></span> <span class='ocrx_word' id='word_1_187' title='bbox 1145 3025 1190 3101; x_wconf 92' lang='lat' dir='ltr'><strong>ah</strong></span> <span class='ocrx_word' id='word_1_188' title='bbox 1206 3026 1377 3102; x_wconf 87' lang='lat' dir='ltr'><strong>Eoolesiae</strong></span> <span class='ocrx_word' id='word_1_189' title='bbox 1395 3027 1511 3102; x_wconf 90' lang='lat' dir='ltr'><strong>unita·</strong></span> 
     </span>
     <span class='ocr_line' id='line_1_23' title="bbox 289 3139 1511 3240; baseline 0.003 -24"><span class='ocrx_word' id='word_1_190' title='bbox 289 3151 324 3217; x_wconf 91' lang='lat' dir='ltr'><strong>tc</strong></span> <span class='ocrx_word' id='word_1_191' title='bbox 340 3141 479 3216; x_wconf 87' lang='lat' dir='ltr'><strong>divisus</strong></span> <span class='ocrx_word' id='word_1_192' title='bbox 491 3152 556 3230; x_wconf 77' lang='lat' dir='ltr'><strong>est,</strong></span> <span class='ocrx_word' id='word_1_193' title='bbox 569 3151 708 3216; x_wconf 89' lang='lat' dir='ltr'><strong>constat</strong></span> <span class='ocrx_word' id='word_1_194' title='bbox 725 3139 810 3238; x_wconf 90' lang='lat' dir='ltr'><strong>quia</strong></span> <span class='ocrx_word' id='word_1_195' title='bbox 827 3140 1027 3239; x_wconf 83' lang='lat' dir='ltr'><strong>proximum</strong></span> <span class='ocrx_word' id='word_1_196' title='bbox 1044 3163 1116 3214; x_wconf 91' lang='lat' dir='ltr'><strong>non</strong></span> <span class='ocrx_word' id='word_1_197' title='bbox 1131 3149 1240 3231; x_wconf 88' lang='lat' dir='ltr'><strong>amat,</strong></span> <span class='ocrx_word' id='word_1_198' title='bbox 1256 3165 1364 3240; x_wconf 91' lang='lat' dir='ltr'><strong>quem</strong></span> <span class='ocrx_word' id='word_1_199' title='bbox 1379 3141 1511 3220; x_wconf 86' lang='lat' dir='ltr'><strong>hahere</strong></span> 
     </span>
     <span class='ocr_line' id='line_1_24' title="bbox 289 3252 1510 3353; baseline 0.001 -23"><span class='ocrx_word' id='word_1_200' title='bbox 289 3257 424 3332; x_wconf 90' lang='lat' dir='ltr'><strong>socium</strong></span> <span class='ocrx_word' id='word_1_201' title='bbox 444 3267 595 3332; x_wconf 88' lang='lat' dir='ltr'><strong>recusat.</strong></span> <span class='ocrx_word' id='word_1_202' title='bbox 612 3254 782 3353; x_wconf 88' lang='lat' dir='ltr'><strong>Quisquis</strong></span> <span class='ocrx_word' id='word_1_203' title='bbox 800 3276 886 3350; x_wconf 87' lang='lat' dir='ltr'><strong>ergo</strong></span> <span class='ocrx_word' id='word_1_204' title='bbox 903 3252 948 3327; x_wconf 90' lang='lat' dir='ltr'><strong>ab</strong></span> <span class='ocrx_word' id='word_1_205' title='bbox 965 3253 1032 3328; x_wconf 87' lang='lat' dir='ltr'><strong>hac</strong></span> <span class='ocrx_word' id='word_1_206' title='bbox 1049 3253 1190 3330; x_wconf 86' lang='lat' dir='ltr'><strong>unitate</strong></span> <span class='ocrx_word' id='word_1_207' title='bbox 1207 3255 1333 3331; x_wconf 87' lang='lat' dir='ltr'><strong>matris</strong></span> <span class='ocrx_word' id='word_1_208' title='bbox 1349 3255 1510 3332; x_wconf 78' lang='lat' dir='ltr'><strong>ecclesiae</strong></span> 
     </span>
     <span class='ocr_line' id='line_1_25' title="bbox 290 3366 1511 3469; baseline 0.001 -24"><span class='ocrx_word' id='word_1_209' title='bbox 290 3372 367 3446; x_wconf 88' lang='lat' dir='ltr'><strong>sive</strong></span> <span class='ocrx_word' id='word_1_210' title='bbox 385 3395 445 3468; x_wconf 92' lang='lat' dir='ltr'><strong>per</strong></span> <span class='ocrx_word' id='word_1_211' title='bbox 461 3371 614 3446; x_wconf 90' lang='lat' dir='ltr'><strong>heresim</strong></span> <span class='ocrx_word' id='word_1_212' title='bbox 631 3371 674 3446; x_wconf 93' lang='lat' dir='ltr'><strong>de</strong></span> <span class='ocrx_word' id='word_1_213' title='bbox 691 3371 764 3445; x_wconf 91' lang='lat' dir='ltr'><strong>Deo</strong></span> <span class='ocrx_word' id='word_1_214' title='bbox 788 3392 956 3467; x_wconf 85' lang='lat' dir='ltr'><strong>perversa</strong></span> <span class='ocrx_word' id='word_1_215' title='bbox 980 3366 1176 3459; x_wconf 88' lang='lat' dir='ltr'><strong>sentiendo,</strong></span> <span class='ocrx_word' id='word_1_216' title='bbox 1198 3393 1262 3445; x_wconf 91' lang='lat' dir='ltr'><strong>seu</strong></span> <span class='ocrx_word' id='word_1_217' title='bbox 1286 3392 1405 3446; x_wconf 85' lang='lat' dir='ltr'><strong>errore</strong></span> <span class='ocrx_word' id='word_1_218' title='bbox 1428 3394 1511 3469; x_wconf 83' lang='lat' dir='ltr'><strong>soy-</strong></span> 
     </span>
     <span class='ocr_line' id='line_1_26' title="bbox 290 3481 1510 3586; baseline 0 -26"><span class='ocrx_word' id='word_1_219' title='bbox 290 3484 451 3560; x_wconf 87' lang='lat' dir='ltr'><strong>smnticis</strong></span> <span class='ocrx_word' id='word_1_220' title='bbox 480 3483 680 3586; x_wconf 86' lang='lat' dir='ltr'><strong>proximum</strong></span> <span class='ocrx_word' id='word_1_221' title='bbox 705 3506 776 3558; x_wconf 91' lang='lat' dir='ltr'><strong>non</strong></span> <span class='ocrx_word' id='word_1_222' title='bbox 801 3481 983 3577; x_wconf 87' lang='lat' dir='ltr'><strong>diligendo</strong></span> <span class='ocrx_word' id='word_1_223' title='bbox 1010 3481 1184 3559; x_wconf 89' lang='lat' dir='ltr'><strong>dividitur</strong></span> <span class='ocrx_word' id='word_1_224' title='bbox 1209 3484 1372 3560; x_wconf 86' lang='lat' dir='ltr'><strong>caritatis</strong></span> <span class='ocrx_word' id='word_1_225' title='bbox 1400 3484 1510 3560; x_wconf 91' lang='lat' dir='ltr'><strong>huius</strong></span> 
     </span>
     <span class='ocr_line' id='line_1_27' title="bbox 289 3595 1509 3696; baseline 0 -24"><span class='ocrx_word' id='word_1_226' title='bbox 289 3600 409 3696; x_wconf 86' lang='lat' dir='ltr'><strong>gratia</strong></span> <span class='ocrx_word' id='word_1_227' title='bbox 426 3598 600 3696; x_wconf 82' lang='lat' dir='ltr'><strong>privatur,</strong></span> <span class='ocrx_word' id='word_1_228' title='bbox 617 3599 659 3673; x_wconf 94' lang='lat' dir='ltr'><strong>de</strong></span> <span class='ocrx_word' id='word_1_229' title='bbox 676 3622 746 3696; x_wconf 86' lang='lat' dir='ltr'><strong>qua</strong></span> <span class='ocrx_word' id='word_1_230' title='bbox 764 3606 805 3672; x_wconf 87' lang='lat' dir='ltr'><strong>ut</strong></span> <span class='ocrx_word' id='word_1_231' title='bbox 821 3595 1060 3695; x_wconf 75' lang='lat' dir='ltr'><strong>premisimus</strong></span> <span class='ocrx_word' id='word_1_232' title='bbox 1078 3596 1215 3671; x_wconf 89' lang='lat' dir='ltr'><strong>Paulus</strong></span> <span class='ocrx_word' id='word_1_233' title='bbox 1231 3597 1328 3675; x_wconf 89' lang='lat' dir='ltr'><strong>dicit.</strong></span> <span class='ocrx_word' id='word_1_234' title='bbox 1346 3599 1384 3672; x_wconf 91' lang='lat' dir='ltr'><strong>Si</strong></span> <span class='ocrx_word' id='word_1_235' title='bbox 1402 3598 1509 3674; x_wconf 86' lang='lat' dir='ltr'><strong>tradi·</strong></span> 
     </span>
     <span class='ocr_line' id='line_1_28' title="bbox 289 3712 1510 3812; baseline -0.001 -21"><span class='ocrx_word' id='word_1_236' title='bbox 289 3717 372 3791; x_wconf 90' lang='lat' dir='ltr'><strong>dero</strong></span> <span class='ocrx_word' id='word_1_237' title='bbox 388 3738 516 3812; x_wconf 92' lang='lat' dir='ltr'><strong>eorpus</strong></span> <span class='ocrx_word' id='word_1_238' title='bbox 533 3737 651 3788; x_wconf 90' lang='lat' dir='ltr'><strong>meum</strong></span> <span class='ocrx_word' id='word_1_239' title='bbox 670 3723 711 3786; x_wconf 88' lang='lat' dir='ltr'><strong>ut</strong></span> <span class='ocrx_word' id='word_1_240' title='bbox 728 3712 883 3799; x_wconf 79' lang='lat' dir='ltr'><strong>ardeam,</strong></span> <span class='ocrx_word' id='word_1_241' title='bbox 899 3718 936 3785; x_wconf 87' lang='lat' dir='ltr'><strong>et</strong></span> <span class='ocrx_word' id='word_1_242' title='bbox 952 3719 1081 3785; x_wconf 88' lang='lat' dir='ltr'><strong>cetera.</strong></span> <span class='ocrx_word' id='word_1_243' title='bbox 1093 3714 1135 3785; x_wconf 93' lang='lat' dir='ltr'><strong>In</strong></span> <span class='ocrx_word' id='word_1_244' title='bbox 1148 3712 1279 3787; x_wconf 90' lang='lat' dir='ltr'><strong>eodem.</strong></span> <span class='ocrx_word' id='word_1_245' title='bbox 1293 3716 1384 3812; x_wconf 86' lang='lat' dir='ltr'><strong>Sepe</strong></span> <span class='ocrx_word' id='word_1_246' title='bbox 1399 3712 1510 3790; x_wconf 86' lang='lat' dir='ltr'><strong>haero·</strong></span> 
     </span>
     <span class='ocr_line' id='line_1_29' title="bbox 288 3825 1508 3926; baseline 0 -23"><span class='ocrx_word' id='word_1_247' title='bbox 288 3829 351 3903; x_wconf 90' lang='lat' dir='ltr'><strong>tici</strong></span> <span class='ocrx_word' id='word_1_248' title='bbox 365 3827 448 3901; x_wconf 89' lang='lat' dir='ltr'><strong>dum</strong></span> <span class='ocrx_word' id='word_1_249' title='bbox 459 3853 524 3901; x_wconf 88' lang='lat' dir='ltr'><strong>sua</strong></span> <span class='ocrx_word' id='word_1_250' title='bbox 537 3825 682 3901; x_wconf 90' lang='lat' dir='ltr'><strong>student</strong></span> <span class='ocrx_word' id='word_1_251' title='bbox 695 3847 861 3922; x_wconf 84' lang='lat' dir='ltr'><strong>perversa</strong></span> <span class='ocrx_word' id='word_1_252' title='bbox 873 3832 1045 3914; x_wconf 87' lang='lat' dir='ltr'><strong>astruere,</strong></span> <span class='ocrx_word' id='word_1_253' title='bbox 1059 3849 1100 3901; x_wconf 90' lang='lat' dir='ltr'><strong>ea</strong></span> <span class='ocrx_word' id='word_1_254' title='bbox 1114 3826 1297 3924; x_wconf 84' lang='lat' dir='ltr'><strong>proferunt</strong></span> <span class='ocrx_word' id='word_1_255' title='bbox 1311 3853 1390 3926; x_wconf 87' lang='lat' dir='ltr'><strong>qnae</strong></span> <span class='ocrx_word' id='word_1_256' title='bbox 1402 3827 1440 3901; x_wconf 96' lang='lat' dir='ltr'><strong>in</strong></span> <span class='ocrx_word' id='word_1_257' title='bbox 1454 3854 1508 3903; x_wconf 89' lang='lat' dir='ltr'><strong>sa·</strong></span> 
     </span>
     <span class='ocr_line' id='line_1_30' title="bbox 289 3938 1507 4040; baseline 0.001 -23"><span class='ocrx_word' id='word_1_258' title='bbox 289 3965 431 4017; x_wconf 87' lang='lat' dir='ltr'><strong>crorum</strong></span> <span class='ocrx_word' id='word_1_259' title='bbox 449 3939 620 4016; x_wconf 90' lang='lat' dir='ltr'><strong>librorum</strong></span> <span class='ocrx_word' id='word_1_260' title='bbox 647 3938 790 4037; x_wconf 89' lang='lat' dir='ltr'><strong>paginis</strong></span> <span class='ocrx_word' id='word_1_261' title='bbox 814 3960 884 4012; x_wconf 91' lang='lat' dir='ltr'><strong>non</strong></span> <span class='ocrx_word' id='word_1_262' title='bbox 908 3950 1090 4030; x_wconf 84' lang='lat' dir='ltr'><strong>tenentur,</strong></span> <span class='ocrx_word' id='word_1_263' title='bbox 1115 3943 1209 4018; x_wconf 91' lang='lat' dir='ltr'><strong>unde</strong></span> <span class='ocrx_word' id='word_1_264' title='bbox 1233 3952 1270 4018; x_wconf 83' lang='lat' dir='ltr'><strong>et</strong></span> <span class='ocrx_word' id='word_1_265' title='bbox 1290 3942 1507 4040; x_wconf 86' lang='lat' dir='ltr'><strong>discipulum</strong></span> 
     </span>
     <span class='ocr_line' id='line_1_31' title="bbox 289 4051 1509 4154; baseline -0.001 -23"><span class='ocrx_word' id='word_1_266' title='bbox 289 4056 424 4131; x_wconf 89' lang='lat' dir='ltr'><strong>Paulus</strong></span> <span class='ocrx_word' id='word_1_267' title='bbox 439 4056 606 4129; x_wconf 87' lang='lat' dir='ltr'><strong>admonet</strong></span> <span class='ocrx_word' id='word_1_268' title='bbox 622 4054 755 4129; x_wconf 88' lang='lat' dir='ltr'><strong>dicens.</strong></span> <span class='ocrx_word' id='word_1_269' title='bbox 772 4054 801 4126; x_wconf 91' lang='grc' dir='ltr'><strong>Ο</strong></span> <span class='ocrx_word' id='word_1_270' title='bbox 819 4051 1003 4129; x_wconf 87' lang='lat' dir='ltr'><strong>Timothee</strong></span> <span class='ocrx_word' id='word_1_271' title='bbox 1020 4054 1218 4154; x_wconf 88' lang='lat' dir='ltr'><strong>depositum</strong></span> <span class='ocrx_word' id='word_1_272' title='bbox 1244 4059 1393 4144; x_wconf 72' lang='lat' dir='ltr'><strong>custodi,</strong></span> <span class='ocrx_word' id='word_1_273' title='bbox 1413 4056 1509 4133; x_wconf 91' lang='lat' dir='ltr'><strong>devi-</strong></span> 
     </span>
     <span class='ocr_line' id='line_1_32' title="bbox 287 4166 1508 4270; baseline -0.001 -24"><span class='ocrx_word' id='word_1_274' title='bbox 287 4184 369 4246; x_wconf 89' lang='lat' dir='ltr'><strong>tans</strong></span> <span class='ocrx_word' id='word_1_275' title='bbox 386 4170 611 4270; x_wconf 86' lang='lat' dir='ltr'><strong>prophanans</strong></span> <span class='ocrx_word' id='word_1_276' title='bbox 626 4192 753 4244; x_wconf 88' lang='lat' dir='ltr'><strong>vocum</strong></span> <span class='ocrx_word' id='word_1_277' title='bbox 780 4166 957 4241; x_wconf 87' lang='lat' dir='ltr'><strong>novitates</strong></span> <span class='ocrx_word' id='word_1_278' title='bbox 982 4168 1066 4263; x_wconf 89' lang='lat' dir='ltr'><strong>quia</strong></span> <span class='ocrx_word' id='word_1_279' title='bbox 1083 4169 1168 4243; x_wconf 92' lang='lat' dir='ltr'><strong>dum</strong></span> <span class='ocrx_word' id='word_1_280' title='bbox 1193 4169 1332 4244; x_wconf 90' lang='lat' dir='ltr'><strong>laudari</strong></span> <span class='ocrx_word' id='word_1_281' title='bbox 1357 4170 1508 4247; x_wconf 88' lang='lat' dir='ltr'><strong>heretici</strong></span> 
     </span>
     <span class='ocr_line' id='line_1_33' title="bbox 288 4279 1508 4382; baseline 0.001 -23"><span class='ocrx_word' id='word_1_282' title='bbox 288 4296 471 4382; x_wconf 85' lang='lat' dir='ltr'><strong>tamquam</strong></span> <span class='ocrx_word' id='word_1_283' title='bbox 489 4285 531 4359; x_wconf 92' lang='lat' dir='ltr'><strong>de</strong></span> <span class='ocrx_word' id='word_1_284' title='bbox 548 4283 735 4360; x_wconf 83' lang='lat' dir='ltr'><strong>excellenti</strong></span> <span class='ocrx_word' id='word_1_285' title='bbox 753 4279 900 4377; x_wconf 89' lang='lat' dir='ltr'><strong>ingenio</strong></span> <span class='ocrx_word' id='word_1_286' title='bbox 920 4279 1083 4377; x_wconf 83' lang='lat' dir='ltr'><strong>cupiunt,</strong></span> <span class='ocrx_word' id='word_1_287' title='bbox 1104 4283 1206 4380; x_wconf 90' lang='lat' dir='ltr'><strong>quasi</strong></span> <span class='ocrx_word' id='word_1_288' title='bbox 1232 4307 1324 4358; x_wconf 89' lang='lat' dir='ltr'><strong>nova</strong></span> <span class='ocrx_word' id='word_1_289' title='bbox 1346 4285 1508 4382; x_wconf 86' lang='lat' dir='ltr'><strong>quaedam</strong></span> 
     </span>
     <span class='ocr_line' id='line_1_34' title="bbox 288 4395 1506 4498; baseline 0.002 -25"><span class='ocrx_word' id='word_1_290' title='bbox 288 4399 482 4497; x_wconf 85' lang='lat' dir='ltr'><strong>proferunt,</strong></span> <span class='ocrx_word' id='word_1_291' title='bbox 498 4423 577 4498; x_wconf 81' lang='lat' dir='ltr'><strong>quae</strong></span> <span class='ocrx_word' id='word_1_292' title='bbox 594 4399 632 4472; x_wconf 92' lang='lat' dir='ltr'><strong>in</strong></span> <span class='ocrx_word' id='word_1_293' title='bbox 647 4396 876 4498; x_wconf 89' lang='lat' dir='ltr'><strong>antiquorum</strong></span> <span class='ocrx_word' id='word_1_294' title='bbox 894 4404 1036 4492; x_wconf 85' lang='lat' dir='ltr'><strong>patrum</strong></span> <span class='ocrx_word' id='word_1_295' title='bbox 1054 4395 1155 4472; x_wconf 87' lang='lat' dir='ltr'><strong>libris</strong></span> <span class='ocrx_word' id='word_1_296' title='bbox 1173 4396 1356 4474; x_wconf 87' lang='lat' dir='ltr'><strong>veteribus</strong></span> <span class='ocrx_word' id='word_1_297' title='bbox 1372 4422 1442 4474; x_wconf 92' lang='lat' dir='ltr'><strong>non</strong></span> <span class='ocrx_word' id='word_1_298' title='bbox 1455 4408 1506 4476; x_wconf 92' lang='lat' dir='ltr'><strong>te·</strong></span> 
     </span>
     <span class='ocr_line' id='line_1_35' title="bbox 287 4524 429 4590; baseline 0 -2"><span class='ocrx_word' id='word_1_299' title='bbox 287 4524 429 4590; x_wconf 85' lang='lat' dir='ltr'><strong>nentur.</strong></span> 
     </span>
    </p>
   </div>
   <div class='ocr_carea' id='block_1_5' title="bbox 0 0 1808 5498">
    <p class='ocr_par' dir='ltr' id='par_1_5' title="bbox 0 0 1808 5498">
     <span class='ocr_line' id='line_1_36' title="bbox 0 0 1808 5498; baseline 0 3"><span class='ocrx_word' id='word_1_300' title='bbox 0 0 1808 5498; x_wconf 95' lang='lat' dir='ltr'><strong> </strong></span> 
     </span>
    </p>
   </div>
  </div>
 </body>
</html>
