3608 5498
808 398 1004 462 -437-

300 544 424 617 panca.
443 525 501 592 An
525 529 580 594 est
607 519 798 618 quisquam
824 521 937 594 maior
953 520 1036 607 Deo,
1052 529 1117 592 aut
1140 518 1330 593 divinitate
1359 519 1515 596 bonitate

299 633 517 722 clementior,
530 632 592 730 qui
610 643 675 706 aut
692 633 867 709 infectum
885 634 974 708 velit
990 633 1082 731 quod
1100 657 1226 731 passus
1240 636 1399 708 estDeus
1413 635 1515 710 fieri?

299 756 373 824 Aut
398 748 498 846 quasi
524 746 578 820 illi
605 748 724 823 minus
748 747 932 846 potestatis
956 747 1001 823 ad
1031 746 1286 845 protegendam
1316 747 1514 824 aeclesiam

298 889 398 936 suam
425 860 547 948 fuerit,
564 858 697 935 auxilio
718 885 782 934 nos
798 883 863 935 suo
879 870 981 958 putet
997 884 1097 959 posse
1113 858 1278 936 servari?
1295 863 1342 934 Et
1358 870 1436 958 post
1451 860 1515 934 ali·

299 1001 379 1075 qua.
396 975 466 1063 Qui
491 984 556 1049 aut
580 974 787 1073 paenitentia
804 974 967 1050 criminis
984 975 1126 1062 tollunt,
1143 972 1399 1048 satisfactionis
1415 973 1513 1048 viam

298 1089 460 1165 cludunt.
476 1091 532 1163 Ita
557 1089 608 1177 fit,
625 1097 667 1162 ut
682 1088 767 1162 dum
791 1089 992 1163 temeritate
1010 1086 1245 1187 quorumdam
1262 1086 1322 1162 vel
1339 1087 1523 1186 promitti<

298 1216 359 1278 tur
376 1203 476 1277 salus
492 1202 582 1276 falsa
599 1201 657 1278 vel
675 1202 845 1292 creditur,
861 1227 942 1301 spes
962 1226 1047 1277 vere
1065 1200 1193 1276 salutis
1217 1198 1406 1274 adimatur.
1423 1202 1513 1275 Item

297 1319 335 1391 in
354 1317 486 1393 eodem.
501 1314 573 1404 Qui
590 1339 654 1390 vos
670 1316 794 1392 felices
815 1316 1006 1405 dicunt,'in
1032 1338 1186 1392 errorem
1211 1339 1275 1389 vos
1300 1314 1461 1403 mittunt,
1478 1323 1526 1410 et,

297 1432 461 1505 semitam
481 1428 613 1529 pedum
630 1439 831 1504 vestrorum
849 1428 1089 1505 conturbant?
1101 1428 1171 1515 Qui
1189 1436 1397 1524 peccantem
1415 1427 1522 1502 blan··

297 1542 466 1619 dImentis
483 1540 712 1615 adulantibus
733 1542 864 1641 palpat,
880 1542 1051 1643 peccandi
1075 1541 1235 1616 fomitem
1254 1539 1513 1616 subministrat.

294 1661 371 1732 Nec
389 1657 518 1755 premit
535 1655 596 1730 ille
614 1655 744 1730 delicta
762 1657 823 1731 sed
844 1657 971 1732 nutrit.
988 1655 1114 1754 Atqui
1133 1655 1293 1732 consiliis
1308 1653 1513 1730 fortioribus

298 1769 494 1866 redarguit,
507 1768 616 1842 simul
632 1778 740 1867 atque
757 1770 906 1845 instruit
923 1772 1069 1846 fratrem
1089 1780 1271 1868 promovet
1286 1769 1331 1843 ad
1349 1769 1518 1844 salntem.-

296 1885 393 1970 Quos
414 1881 526 1978 diligo
543 1881 662 1979 inquit
680 1883 863 1972 Dominus,
882 1885 1057 1981 redarguo
1073 1893 1110 1959 et
1125 1884 1274 1980 castigo.
1291 1883 1352 1958 Sic
1376 1891 1513 1981 oportet

294 1997 439 2070 Domini
468 1996 699 2085 sacerdotem,
717 2020 786 2070 non
811 1997 989 2096 obsequiis
1017 1997 1275 2095 decipientibus
1292 1996 1426 2084 fallere,
1450 1997 1512 2071 sed

293 2110 459 2186 remediis
476 2109 695 2184 salutaribus
712 2111 906 2207 providere.
923 2111 1116 2208 Imperitos
1128 2118 1183 2185 est
1201 2108 1372 2197 medicus,
1389 2108 1451 2206 qui
1469 2108 1513 2184 ti·

291 2236 429 2299 mentes
447 2223 639 2298 vulnerum
657 2223 759 2297 sinus
776 2249 885 2297 manu
904 2216 1072 2324 parcente
1089 2233 1298 2311 contrectat,
1315 2231 1351 2297 et
1371 2221 1409 2294 in
1426 2221 1511 2297 altis

292 2338 490 2414 recessibus
503 2338 604 2411 virus
617 2337 799 2413 inclusum
816 2338 902 2411 dum
916 2349 1037 2413 servat
1049 2347 1257 2435 exaggerat.
1268 2336 1509 2434 Aperiendum

291 2452 421 2527 valnas
437 2462 491 2526 est
511 2461 548 2526 ct
571 2452 777 2540 secandum,
794 2461 829 2527 et
854 2452 1118 2548 putraminibus
1143 2451 1348 2549 amputatis,
1374 2450 1511 2525 medela

291 2565 427 2642 fortiori
444 2565 653 2641 curandum.
669 2564 893 2640 Vociforetur
906 2576 942 2641 ct
953 2565 1085 2642 clamet
1102 2565 1197 2653 licet,
1210 2574 1246 2641 et
1259 2575 1510 2662 conqueratur

291 2705 378 2777 eger
394 2679 584 2778 impatiens
596 2704 659 2779 per
671 2678 837 2768 dolorem,
849 2680 987 2774 gratias
1004 2680 1083 2777 agit
1096 2680 1317 2780 postmodum
1330 2703 1413 2755 cum
1432 2704 1511 2754 sen·

289 2795 377 2870 serit
393 2795 591 2869 sanitatem.
609 2797 655 2868 Et
672 2804 750 2892 post
765 2793 896 2892 aliqua.
913 2795 1092 2870 Caeterum
1111 2795 1141 2868 si
1158 2795 1240 2893 quis
1257 2803 1442 2897 properata
1462 2793 1511 2870 fe·

290 2910 482 2985 stinationo
494 2909 708 2985 temerarius
721 2909 964 2985 remissionem
978 2918 1204 3009 peccatorum
1218 2910 1302 2985 dare
1316 2934 1354 2985 se
1367 2912 1510 2986 cunctis

290 3034 393 3121 putat
405 3047 504 3121 posse
515 3033 580 3098 aut
592 3025 699 3099 audet
712 3023 853 3098 Domini
868 3031 1042 3123 precepta
1055 3023 1269 3110 rescindere,
1282 3046 1353 3097 non
1365 3031 1508 3098 tantum

289 3136 401 3214 nichil
420 3137 569 3235 prodest,
585 3138 647 3212 sed
663 3137 761 3211 obest
777 3136 897 3234 lapsis.
911 3140 1127 3212 Provocasse
1139 3137 1244 3228 iram,
1257 3161 1327 3211 non
1343 3163 1507 3215 servasse

290 3249 516 3326 sententiam.
540 3254 617 3326 Nec
648 3249 925 3325 misericordiam
955 3251 1056 3351 prius
1081 3252 1223 3327 Domini
1249 3252 1507 3352 deprecandam

290 3372 427 3463 putare,
443 3363 505 3438 sed
521 3372 721 3461 contempto
735 3362 884 3438 Domino
896 3364 940 3440 de
952 3391 1017 3438 sua
1035 3365 1209 3441 facilitate
1223 3390 1447 3463 praesumere.
1460 3372 1508 3445 Et

289 3486 367 3577 post
383 3501 508 3576 pauca.
524 3480 572 3551 Et
587 3500 803 3574 quemquam
822 3501 921 3576 posse
937 3477 1069 3578 aliquis
1091 3479 1285 3570 existimat,
1303 3482 1508 3558 remittendi

290 3616 435 3689 passum
453 3591 675 3689 donandique
692 3591 847 3691 peccatis
863 3592 995 3667 bonum
1009 3593 1086 3667 fieri
1099 3602 1223 3669 contra
1235 3594 1390 3670 iudicem
1403 3595 1507 3687 velle,

290 3716 354 3781 aut
371 3706 470 3804 prius
484 3732 591 3806 quam
604 3706 820 3795 vindicetur,
833 3708 908 3805 ipse
921 3707 1009 3782 alios
1022 3730 1121 3806 posse
1134 3708 1348 3784 defendere?
1360 3713 1451 3785 Item
1468 3709 1507 3784 in

290 3821 420 3897 eodem.
438 3823 533 3896 Deus
549 3822 587 3895 in
605 3829 781 3920 quantum
799 3821 910 3920 patris
927 3821 1057 3919 pietate
1074 3822 1231 3898 clemens
1243 3847 1383 3920 semper
1399 3833 1435 3899 et
1451 3823 1509 3899 bo

290 3962 359 4010 nus
375 3945 429 4012 est
442 3946 583 4012 tantum
597 3935 727 4012 iudicis
742 3936 927 4012 maiestate
942 3934 1154 4012 metuendus
1166 3946 1230 4011 est.
1244 3939 1359 4024 Quam
1375 3962 1508 4034 magna

290 4050 542 4147 delinquimus,
559 4059 633 4124 tam
650 4050 838 4146 granditer
854 4050 1058 4125 defleamus.
1077 4051 1160 4126 Alto
1183 4049 1327 4126 vulneri
1349 4050 1507 4148 diligens

289 4174 325 4238 et
342 4163 451 4258 longa
468 4164 646 4240 medicina
670 4188 741 4240 non
767 4164 868 4239 desit.
890 4163 1094 4240 Penitcntia
1119 4163 1271 4240 crimine
1296 4163 1412 4239 minor
1436 4189 1508 4239 non

289 4279 346 4353 sit.
364 4281 453 4353 Item
477 4280 514 4353 in
540 4280 672 4355 eodem.
696 4278 900 4354 Lamentari
925 4301 1009 4352 eum
1035 4286 1205 4377 putamus
1228 4303 1273 4353 ex
1296 4287 1369 4354 toto
1392 4277 1508 4369 corde,

289 4393 445 4482 ieiuniis,
462 4393 605 4487 fletibus
621 4402 658 4468 et
674 4391 877 4493 planctibus
896 4391 1088 4467 Dominum
1106 4392 1289 4490 deprecari
1302 4392 1363 4491 qui
1378 4417 1423 4468 ex
1438 4393 1507 4490 pri·

291 4530 348 4582 mo
364 4506 529 4584 criminis
545 4507 603 4585 die
619 4506 767 4583 lavacra
784 4505 913 4582 cotidie
929 4504 1096 4596 celebrat,
1112 4506 1174 4605 qui
1191 4505 1307 4605 epulis
1331 4504 1509 4583 affluenti-
