<?xml version="1.0" encoding="UTF-8"?>
<!DOCTYPE html PUBLIC "-//W3C//DTD XHTML 1.0 Transitional//EN"
    "http://www.w3.org/TR/xhtml1/DTD/xhtml1-transitional.dtd">
<html xmlns="http://www.w3.org/1999/xhtml" xml:lang="en" lang="en">
 <head>
  <title>
</title>
<meta http-equiv="Content-Type" content="text/html;charset=utf-8" />
  <meta name='ocr-system' content='tesseract 3.04.00' />
  <meta name='ocr-capabilities' content='ocr_page ocr_carea ocr_par ocr_line ocrx_word'/>
</head>
<body>
  <div class='ocr_page' id='page_1' title='image "./collectiocanonu00deusgoog_0193.png"; bbox 0 0 3608 5498; ppageno 0'>
   <div class='ocr_carea' id='block_1_1' title="bbox 803 385 1000 449">
    <p class='ocr_par' dir='ltr' id='par_1_1' title="bbox 803 385 1000 449">
     <span class='ocr_line' id='line_1_1' title="bbox 803 385 1000 449; baseline 0.005 -1"><span class='ocrx_word' id='word_1_1' title='bbox 803 385 1000 449; x_wconf 79' lang='lat'>-162-</span> 
     </span>
    </p>
   </div>
   <div class='ocr_carea' id='block_1_2' title="bbox 287 505 1515 1380">
    <p class='ocr_par' dir='ltr' id='par_1_2' title="bbox 287 505 1515 1380">
     <span class='ocr_line' id='line_1_2' title="bbox 291 505 1512 608; baseline -0.002 -24"><span class='ocrx_word' id='word_1_2' title='bbox 291 507 380 584; x_wconf 88' lang='lat' dir='ltr'>bicit</span> <span class='ocrx_word' id='word_1_3' title='bbox 396 508 623 608; x_wconf 81' lang='lat' dir='ltr'>disciplinam</span> <span class='ocrx_word' id='word_1_4' title='bbox 642 508 768 584; x_wconf 83' lang='lat' dir='ltr'>infelix</span> <span class='ocrx_word' id='word_1_5' title='bbox 786 517 851 598; x_wconf 91' lang='lat' dir='ltr'>est,</span> <span class='ocrx_word' id='word_1_6' title='bbox 868 518 905 584; x_wconf 89' lang='grc'>01</span> <span class='ocrx_word' id='word_1_7' title='bbox 922 508 1058 583; x_wconf 89' lang='lat' dir='ltr'>stultus</span> <span class='ocrx_word' id='word_1_8' title='bbox 1074 507 1178 581; x_wconf 92' lang='lat' dir='ltr'>homo</span> <span class='ocrx_word' id='word_1_9' title='bbox 1190 505 1338 605; x_wconf 82' lang='lat' dir='ltr'>despicit</span> <span class='ocrx_word' id='word_1_10' title='bbox 1360 515 1512 581; x_wconf 87' lang='lat' dir='ltr'>matrem</span> 
     </span>
     <span class='ocr_line' id='line_1_3' title="bbox 287 620 1513 718; baseline -0.004 -21"><span class='ocrx_word' id='word_1_11' title='bbox 287 649 401 697; x_wconf 89' lang='lat' dir='ltr'>suam.</span> <span class='ocrx_word' id='word_1_12' title='bbox 422 625 470 698; x_wconf 89' lang='lat' dir='ltr'>Et</span> <span class='ocrx_word' id='word_1_13' title='bbox 492 649 645 698; x_wconf 87' lang='lat' dir='ltr'>rursum.</span> <span class='ocrx_word' id='word_1_14' title='bbox 668 626 733 698; x_wconf 84' lang='lat' dir='ltr'>Est</span> <span class='ocrx_word' id='word_1_15' title='bbox 755 622 965 698; x_wconf 87' lang='lat' dir='ltr'>maledictus</span> <span class='ocrx_word' id='word_1_16' title='bbox 991 647 1012 695; x_wconf 90' lang='lat' dir='ltr'>a</span> <span class='ocrx_word' id='word_1_17' title='bbox 1039 624 1113 697; x_wconf 90' lang='lat' dir='ltr'>Deo</span> <span class='ocrx_word' id='word_1_18' title='bbox 1137 620 1198 718; x_wconf 92' lang='lat' dir='ltr'>qui</span> <span class='ocrx_word' id='word_1_19' title='bbox 1225 629 1412 718; x_wconf 80' lang='lat' dir='ltr'><strong>exasperat</strong></span> <span class='ocrx_word' id='word_1_20' title='bbox 1439 644 1513 692; x_wconf 91' lang='lat' dir='ltr'>ma-</span> 
     </span>
     <span class='ocr_line' id='line_1_4' title="bbox 287 732 1515 832; baseline -0.002 -22"><span class='ocrx_word' id='word_1_21' title='bbox 287 746 392 826; x_wconf 90' lang='lat' dir='ltr'>trem,</span> <span class='ocrx_word' id='word_1_22' title='bbox 409 746 445 812; x_wconf 89' lang='lat' dir='ltr'>et</span> <span class='ocrx_word' id='word_1_23' title='bbox 463 736 664 812; x_wconf 78' lang='lat' dir='ltr'>maledictio</span> <span class='ocrx_word' id='word_1_24' title='bbox 690 736 816 810; x_wconf 90' lang='lat' dir='ltr'>matris</span> <span class='ocrx_word' id='word_1_25' title='bbox 842 735 1002 812; x_wconf 91' lang='lat' dir='ltr'>eradicat</span> <span class='ocrx_word' id='word_1_26' title='bbox 1028 735 1272 810; x_wconf 87' lang='lat' dir='ltr'>fundamenta.</span> <span class='ocrx_word' id='word_1_27' title='bbox 1296 732 1362 808; x_wconf 90' lang='lat' dir='ltr'>Illa</span> <span class='ocrx_word' id='word_1_28' title='bbox 1388 732 1515 832; x_wconf 90' lang='lat' dir='ltr'>utique</span> 
     </span>
     <span class='ocr_line' id='line_1_5' title="bbox 287 847 1515 949; baseline -0.002 -25"><span class='ocrx_word' id='word_1_29' title='bbox 287 874 367 949; x_wconf 87' lang='lat' dir='ltr'>quae</span> <span class='ocrx_word' id='word_1_30' title='bbox 385 860 559 947; x_wconf 85' lang='lat' dir='ltr'>arrogant</span> <span class='ocrx_word' id='word_1_31' title='bbox 576 850 692 925; x_wconf 82' lang='lat' dir='ltr'>divisa</span> <span class='ocrx_word' id='word_1_32' title='bbox 708 874 729 923; x_wconf 93' lang='lat' dir='ltr'>a</span> <span class='ocrx_word' id='word_1_33' title='bbox 747 850 827 925; x_wconf 90' lang='lat' dir='ltr'>sede</span> <span class='ocrx_word' id='word_1_34' title='bbox 845 849 955 940; x_wconf 90' lang='lat' dir='ltr'>illius,</span> <span class='ocrx_word' id='word_1_35' title='bbox 975 849 1036 926; x_wconf 89' lang='lat' dir='ltr'>eui</span> <span class='ocrx_word' id='word_1_36' title='bbox 1052 848 1229 924; x_wconf 82' lang='lat' dir='ltr'>diuinitus</span> <span class='ocrx_word' id='word_1_37' title='bbox 1241 847 1377 924; x_wconf 88' lang='lat' dir='ltr'>dictum</span> <span class='ocrx_word' id='word_1_38' title='bbox 1392 856 1448 924; x_wconf 91' lang='lat' dir='ltr'>est</span> <span class='ocrx_word' id='word_1_39' title='bbox 1459 850 1515 922; x_wconf 90' lang='lat' dir='ltr'>Tu</span> 
     </span>
     <span class='ocr_line' id='line_1_6' title="bbox 289 961 1515 1064; baseline -0.001 -26"><span class='ocrx_word' id='word_1_40' title='bbox 289 989 328 1039; x_wconf 90' lang='lat' dir='ltr'>es</span> <span class='ocrx_word' id='word_1_41' title='bbox 348 966 477 1040; x_wconf 91' lang='lat' dir='ltr'>Petrus</span> <span class='ocrx_word' id='word_1_42' title='bbox 494 974 530 1040; x_wconf 90' lang='lat' dir='ltr'>et</span> <span class='ocrx_word' id='word_1_43' title='bbox 547 964 721 1064; x_wconf 87' lang='lat' dir='ltr'>perhanc</span> <span class='ocrx_word' id='word_1_44' title='bbox 738 974 876 1062; x_wconf 87' lang='lat' dir='ltr'>petram</span> <span class='ocrx_word' id='word_1_45' title='bbox 893 963 1090 1041; x_wconf 85' lang='lat' dir='ltr'>hedificabo</span> <span class='ocrx_word' id='word_1_46' title='bbox 1114 961 1304 1040; x_wconf 87' lang='lat' dir='ltr'>ecelesiam</span> <span class='ocrx_word' id='word_1_47' title='bbox 1329 986 1457 1052; x_wconf 89' lang='lat' dir='ltr'>meam,</span> <span class='ocrx_word' id='word_1_48' title='bbox 1477 971 1515 1037; x_wconf 91' lang='lat' dir='ltr'>et</span> 
     </span>
     <span class='ocr_line' id='line_1_7' title="bbox 288 1077 1514 1176; baseline -0.002 -24"><span class='ocrx_word' id='word_1_49' title='bbox 288 1102 395 1176; x_wconf 92' lang='lat' dir='ltr'>super</span> <span class='ocrx_word' id='word_1_50' title='bbox 412 1102 559 1153; x_wconf 85' lang='lat' dir='ltr'>arenam</span> <span class='ocrx_word' id='word_1_51' title='bbox 576 1077 875 1176; x_wconf 71' lang='lat' dir='ltr'>concupiscentia</span> <span class='ocrx_word' id='word_1_52' title='bbox 892 1077 1058 1167; x_wconf 77' lang='lat' dir='ltr'>carnalia,</span> <span class='ocrx_word' id='word_1_53' title='bbox 1075 1101 1139 1152; x_wconf 87' lang='lat' dir='ltr'>seu</span> <span class='ocrx_word' id='word_1_54' title='bbox 1160 1077 1328 1151; x_wconf 85' lang='lat' dir='ltr'>humanae</span> <span class='ocrx_word' id='word_1_55' title='bbox 1344 1101 1514 1175; x_wconf 71' lang='lat' dir='ltr'>praesum-</span> 
     </span>
     <span class='ocr_line' id='line_1_8' title="bbox 287 1190 1513 1290; baseline -0.004 -23"><span class='ocrx_word' id='word_1_56' title='bbox 287 1191 419 1290; x_wconf 90' lang='lat' dir='ltr'>ptionis</span> <span class='ocrx_word' id='word_1_57' title='bbox 432 1191 627 1290; x_wconf 76' lang='lat' dir='ltr'>probantur</span> <span class='ocrx_word' id='word_1_58' title='bbox 641 1192 764 1290; x_wconf 89' lang='lat' dir='ltr'>posita.</span> <span class='ocrx_word' id='word_1_59' title='bbox 777 1192 915 1267; x_wconf 82' lang='lat' dir='ltr'>Cursus</span> <span class='ocrx_word' id='word_1_60' title='bbox 928 1191 1022 1266; x_wconf 90' lang='lat' dir='ltr'>euim</span> <span class='ocrx_word' id='word_1_61' title='bbox 1039 1191 1108 1264; x_wconf 91' lang='lat' dir='ltr'>rivi</span> <span class='ocrx_word' id='word_1_62' title='bbox 1124 1190 1271 1265; x_wconf 89' lang='lat' dir='ltr'>minime</span> <span class='ocrx_word' id='word_1_63' title='bbox 1285 1198 1513 1289; x_wconf 86' lang='lat' dir='ltr'>prosperatur</span> 
     </span>
     <span class='ocr_line' id='line_1_9' title="bbox 288 1304 753 1380; baseline -0.002 -2"><span class='ocrx_word' id='word_1_64' title='bbox 288 1304 319 1378; x_wconf 89' lang='lat' dir='ltr'>si</span> <span class='ocrx_word' id='word_1_65' title='bbox 337 1330 357 1378; x_wconf 91' lang='lat' dir='ltr'>a</span> <span class='ocrx_word' id='word_1_66' title='bbox 375 1328 440 1380; x_wconf 91' lang='lat' dir='ltr'>suo</span> <span class='ocrx_word' id='word_1_67' title='bbox 457 1305 553 1380; x_wconf 88' lang='lat' dir='ltr'>lonte</span> <span class='ocrx_word' id='word_1_68' title='bbox 569 1304 753 1379; x_wconf 84' lang='lat' dir='ltr'>dividitur.</span> 
     </span>
    </p>
   </div>
   <div class='ocr_carea' id='block_1_3' title="bbox 801 1497 997 1583">
    <p class='ocr_par' dir='ltr' id='par_1_3' title="bbox 801 1497 997 1583">
     <span class='ocr_line' id='line_1_10' title="bbox 801 1497 997 1583; baseline -0.005 -1"><span class='ocrx_word' id='word_1_69' title='bbox 801 1497 997 1583; x_wconf 81' lang='lat' dir='ltr'>ooxxxss.</span> 
     </span>
    </p>
   </div>
   <div class='ocr_carea' id='block_1_4' title="bbox 416 1700 1379 1768">
    <p class='ocr_par' dir='ltr' id='par_1_4' title="bbox 416 1700 1379 1768">
     <span class='ocr_line' id='line_1_11' title="bbox 416 1700 1379 1768; baseline -0.003 -14"><span class='ocrx_word' id='word_1_70' title='bbox 416 1704 465 1754; x_wconf 75' lang='lat' dir='ltr'>Ex</span> <span class='ocrx_word' id='word_1_71' title='bbox 477 1702 597 1768; x_wconf 78' lang='lat' dir='ltr'>hyster.</span> <span class='ocrx_word' id='word_1_72' title='bbox 611 1700 776 1755; x_wconf 81' lang='lat' dir='ltr'>Anastasit</span> <span class='ocrx_word' id='word_1_73' title='bbox 787 1700 1032 1756; x_wconf 73' lang='lat' dir='ltr'>Elbliotheoarii</span> <span class='ocrx_word' id='word_1_74' title='bbox 1043 1703 1201 1754; x_wconf 84' lang='lat' dir='ltr'>Romanae</span> <span class='ocrx_word' id='word_1_75' title='bbox 1213 1700 1379 1754; x_wconf 76' lang='lat' dir='ltr'>Ecclesiae.</span> 
     </span>
    </p>
   </div>
   <div class='ocr_carea' id='block_1_5' title="bbox 286 1870 1515 4574">
    <p class='ocr_par' dir='ltr' id='par_1_5' title="bbox 286 1870 1515 4574">
     <span class='ocr_line' id='line_1_12' title="bbox 385 1870 1512 1969; baseline -0.002 -24"><span class='ocrx_word' id='word_1_76' title='bbox 385 1871 607 1946; x_wconf 85' lang='lat' dir='ltr'>Athanasius</span> <span class='ocrx_word' id='word_1_77' title='bbox 620 1871 891 1947; x_wconf 84' lang='lat' dir='ltr'>Alexandrinus</span> <span class='ocrx_word' id='word_1_78' title='bbox 899 1881 936 1947; x_wconf 93' lang='lat' dir='ltr'>et</span> <span class='ocrx_word' id='word_1_79' title='bbox 949 1872 1085 1946; x_wconf 90' lang='lat' dir='ltr'>Paulus</span> <span class='ocrx_word' id='word_1_80' title='bbox 1095 1870 1512 1969; x_wconf 79' lang='lat' dir='ltr'>Constantinopolitanae</span> 
     </span>
     <span class='ocr_line' id='line_1_13' title="bbox 287 1982 1513 2084; baseline -0.004 -24"><span class='ocrx_word' id='word_1_81' title='bbox 287 1992 323 2060; x_wconf 91' lang='lat' dir='ltr'>et</span> <span class='ocrx_word' id='word_1_82' title='bbox 335 1994 507 2084; x_wconf 88' lang='lat' dir='ltr'>quotquot</span> <span class='ocrx_word' id='word_1_83' title='bbox 521 2010 591 2083; x_wconf 84' lang='lat' dir='ltr'>prae</span> <span class='ocrx_word' id='word_1_84' title='bbox 607 1985 821 2060; x_wconf 89' lang='lat' dir='ltr'>rectitudine</span> <span class='ocrx_word' id='word_1_85' title='bbox 835 1985 916 2061; x_wconf 86' lang='lat' dir='ltr'>fidei</span> <span class='ocrx_word' id='word_1_86' title='bbox 930 1986 974 2060; x_wconf 87' lang='lat' dir='ltr'>ab</span> <span class='ocrx_word' id='word_1_87' title='bbox 988 1985 1223 2061; x_wconf 89' lang='lat' dir='ltr'>Arrianorum</span> <span class='ocrx_word' id='word_1_88' title='bbox 1237 1982 1513 2083; x_wconf 86' lang='lat' dir='ltr'>synodoabieeti</span> 
     </span>
     <span class='ocr_line' id='line_1_14' title="bbox 288 2098 1514 2197; baseline 0 -25"><span class='ocrx_word' id='word_1_89' title='bbox 288 2100 443 2189; x_wconf 87' lang='lat' dir='ltr'>fuerant,</span> <span class='ocrx_word' id='word_1_90' title='bbox 461 2103 608 2174; x_wconf 87' lang='lat' dir='ltr'>Romam</span> <span class='ocrx_word' id='word_1_91' title='bbox 622 2100 666 2174; x_wconf 89' lang='lat' dir='ltr'>ad</span> <span class='ocrx_word' id='word_1_92' title='bbox 683 2099 816 2173; x_wconf 89' lang='lat' dir='ltr'>Iulium</span> <span class='ocrx_word' id='word_1_93' title='bbox 831 2099 1086 2196; x_wconf 86' lang='lat' dir='ltr'>confugerunt,</span> <span class='ocrx_word' id='word_1_94' title='bbox 1098 2109 1135 2174; x_wconf 92' lang='lat' dir='ltr'>et</span> <span class='ocrx_word' id='word_1_95' title='bbox 1152 2098 1399 2197; x_wconf 89' lang='lat' dir='ltr'>unusquisque</span> <span class='ocrx_word' id='word_1_96' title='bbox 1416 2098 1459 2173; x_wconf 89' lang='lat' dir='ltr'>de</span> <span class='ocrx_word' id='word_1_97' title='bbox 1476 2121 1514 2172; x_wconf 90' lang='lat' dir='ltr'>se</span> 
     </span>
     <span class='ocr_line' id='line_1_15' title="bbox 288 2210 1515 2313; baseline -0.003 -26"><span class='ocrx_word' id='word_1_98' title='bbox 288 2214 421 2289; x_wconf 91' lang='lat' dir='ltr'>Iulium</span> <span class='ocrx_word' id='word_1_99' title='bbox 440 2214 572 2300; x_wconf 87' lang='lat' dir='ltr'>docuit,</span> <span class='ocrx_word' id='word_1_100' title='bbox 588 2239 676 2313; x_wconf 92' lang='lat' dir='ltr'>quos</span> <span class='ocrx_word' id='word_1_101' title='bbox 694 2213 755 2290; x_wconf 92' lang='lat' dir='ltr'>ille</span> <span class='ocrx_word' id='word_1_102' title='bbox 773 2239 856 2290; x_wconf 89' lang='lat' dir='ltr'>cum</span> <span class='ocrx_word' id='word_1_103' title='bbox 869 2212 1003 2287; x_wconf 87' lang='lat' dir='ltr'>litteris</span> <span class='ocrx_word' id='word_1_104' title='bbox 1019 2211 1181 2288; x_wconf 88' lang='lat' dir='ltr'>ecelesiis</span> <span class='ocrx_word' id='word_1_105' title='bbox 1194 2211 1270 2285; x_wconf 90' lang='lat' dir='ltr'>suis</span> <span class='ocrx_word' id='word_1_106' title='bbox 1284 2210 1452 2286; x_wconf 87' lang='lat' dir='ltr'>restituit.</span> <span class='ocrx_word' id='word_1_107' title='bbox 1467 2214 1515 2283; x_wconf 91' lang='lat' dir='ltr'>A·</span> 
     </span>
     <span class='ocr_line' id='line_1_16' title="bbox 287 2321 1514 2424; baseline -0.004 -26"><span class='ocrx_word' id='word_1_108' title='bbox 287 2325 476 2400; x_wconf 87' lang='lat' dir='ltr'>thanasius</span> <span class='ocrx_word' id='word_1_109' title='bbox 492 2337 612 2401; x_wconf 90' lang='lat' dir='ltr'>autem</span> <span class='ocrx_word' id='word_1_110' title='bbox 628 2336 663 2402; x_wconf 90' lang='lat' dir='ltr'>et</span> <span class='ocrx_word' id='word_1_111' title='bbox 678 2326 823 2416; x_wconf 78' lang='lat' dir='ltr'>Paulae,</span> <span class='ocrx_word' id='word_1_112' title='bbox 836 2335 872 2402; x_wconf 90' lang='lat' dir='ltr'>et</span> <span class='ocrx_word' id='word_1_113' title='bbox 884 2325 944 2424; x_wconf 92' lang='lat' dir='ltr'>qui</span> <span class='ocrx_word' id='word_1_114' title='bbox 959 2350 1042 2401; x_wconf 91' lang='lat' dir='ltr'>cum</span> <span class='ocrx_word' id='word_1_115' title='bbox 1057 2323 1144 2423; x_wconf 91' lang='lat' dir='ltr'>ipsis</span> <span class='ocrx_word' id='word_1_116' title='bbox 1156 2332 1270 2413; x_wconf 90' lang='lat' dir='ltr'>erant,</span> <span class='ocrx_word' id='word_1_117' title='bbox 1282 2323 1415 2397; x_wconf 88' lang='lat' dir='ltr'>litteris</span> <span class='ocrx_word' id='word_1_118' title='bbox 1428 2321 1514 2395; x_wconf 91' lang='lat' dir='ltr'>Iulii</span> 
     </span>
     <span class='ocr_line' id='line_1_17' title="bbox 290 2439 1515 2538; baseline -0.002 -26"><span class='ocrx_word' id='word_1_119' title='bbox 290 2441 396 2538; x_wconf 83' lang='lat' dir='ltr'>Papae</span> <span class='ocrx_word' id='word_1_120' title='bbox 410 2439 560 2514; x_wconf 89' lang='lat' dir='ltr'>Romani</span> <span class='ocrx_word' id='word_1_121' title='bbox 575 2440 670 2527; x_wconf 88' lang='lat' dir='ltr'>freti,</span> <span class='ocrx_word' id='word_1_122' title='bbox 683 2440 826 2514; x_wconf 87' lang='lat' dir='ltr'>thronos</span> <span class='ocrx_word' id='word_1_123' title='bbox 838 2439 996 2538; x_wconf 90' lang='lat' dir='ltr'>proprios</span> <span class='ocrx_word' id='word_1_124' title='bbox 1010 2446 1231 2536; x_wconf 88' lang='lat' dir='ltr'>receperunt.</span> <span class='ocrx_word' id='word_1_125' title='bbox 1240 2440 1287 2512; x_wconf 86' lang='lat' dir='ltr'>Et</span> <span class='ocrx_word' id='word_1_126' title='bbox 1300 2446 1377 2535; x_wconf 90' lang='lat' dir='ltr'>post</span> <span class='ocrx_word' id='word_1_127' title='bbox 1389 2459 1515 2534; x_wconf 87' lang='lat' dir='ltr'>pauca.</span> 
     </span>
     <span class='ocr_line' id='line_1_18' title="bbox 287 2550 1515 2648; baseline -0.003 -20"><span class='ocrx_word' id='word_1_128' title='bbox 287 2553 456 2628; x_wconf 84' lang='lat' dir='ltr'>Ceterum</span> <span class='ocrx_word' id='word_1_129' title='bbox 474 2553 707 2629; x_wconf 82' lang='lat' dir='ltr'>Constantius</span> <span class='ocrx_word' id='word_1_130' title='bbox 732 2554 871 2628; x_wconf 90' lang='lat' dir='ltr'>Liberio</span> <span class='ocrx_word' id='word_1_131' title='bbox 895 2551 1066 2628; x_wconf 88' lang='lat' dir='ltr'>scribenti</span> <span class='ocrx_word' id='word_1_132' title='bbox 1088 2551 1156 2626; x_wconf 90' lang='lat' dir='ltr'>sibi</span> <span class='ocrx_word' id='word_1_133' title='bbox 1181 2573 1243 2648; x_wconf 87' lang='lat' dir='ltr'>pro</span> <span class='ocrx_word' id='word_1_134' title='bbox 1260 2550 1454 2639; x_wconf 90' lang='lat' dir='ltr'>homousio,</span> <span class='ocrx_word' id='word_1_135' title='bbox 1477 2558 1515 2624; x_wconf 90' lang='grc'>01</span> 
     </span>
     <span class='ocr_line' id='line_1_19' title="bbox 286 2663 1515 2761; baseline -0.002 -21"><span class='ocrx_word' id='word_1_136' title='bbox 286 2666 513 2742; x_wconf 87' lang='lat' dir='ltr'>sanctissimo</span> <span class='ocrx_word' id='word_1_137' title='bbox 524 2667 718 2742; x_wconf 89' lang='lat' dir='ltr'>Athanasio</span> <span class='ocrx_word' id='word_1_138' title='bbox 727 2667 851 2755; x_wconf 88' lang='lat' dir='ltr'>iratus,</span> <span class='ocrx_word' id='word_1_139' title='bbox 862 2665 973 2740; x_wconf 89' lang='lat' dir='ltr'>mittit</span> <span class='ocrx_word' id='word_1_140' title='bbox 981 2675 1017 2739; x_wconf 92' lang='lat' dir='ltr'>et</span> <span class='ocrx_word' id='word_1_141' title='bbox 1026 2664 1123 2739; x_wconf 91' lang='lat' dir='ltr'>huno</span> <span class='ocrx_word' id='word_1_142' title='bbox 1137 2664 1243 2740; x_wconf 85' lang='lat' dir='ltr'>exilio</span> <span class='ocrx_word' id='word_1_143' title='bbox 1257 2663 1416 2760; x_wconf 83' lang='lat' dir='ltr'>religari,</span> <span class='ocrx_word' id='word_1_144' title='bbox 1426 2687 1515 2761; x_wconf 76' lang='lat' dir='ltr'>praa·</span> 
     </span>
     <span class='ocr_line' id='line_1_20' title="bbox 288 2778 1514 2878; baseline -0.003 -23"><span class='ocrx_word' id='word_1_145' title='bbox 288 2779 394 2876; x_wconf 88' lang='lat' dir='ltr'>oepit,</span> <span class='ocrx_word' id='word_1_146' title='bbox 407 2779 501 2878; x_wconf 89' lang='lat' dir='ltr'>apud</span> <span class='ocrx_word' id='word_1_147' title='bbox 514 2779 773 2854; x_wconf 87' lang='lat' dir='ltr'>Bethranniam</span> <span class='ocrx_word' id='word_1_148' title='bbox 783 2778 1111 2878; x_wconf 82' lang='lat' dir='ltr'>Traicae..Tuncque</span> <span class='ocrx_word' id='word_1_149' title='bbox 1122 2802 1183 2877; x_wconf 91' lang='lat' dir='ltr'>pro</span> <span class='ocrx_word' id='word_1_150' title='bbox 1195 2779 1257 2853; x_wconf 93' lang='lat' dir='ltr'>illo</span> <span class='ocrx_word' id='word_1_151' title='bbox 1266 2778 1421 2855; x_wconf 89' lang='lat' dir='ltr'>Felicem</span> <span class='ocrx_word' id='word_1_152' title='bbox 1432 2801 1514 2855; x_wconf 90' lang='lat' dir='ltr'>oon·</span> 
     </span>
     <span class='ocr_line' id='line_1_21' title="bbox 287 2889 1514 2993; baseline -0.001 -25"><span class='ocrx_word' id='word_1_153' title='bbox 287 2889 533 2983; x_wconf 84' lang='lat' dir='ltr'>sacraverunt,</span> <span class='ocrx_word' id='word_1_154' title='bbox 546 2894 607 2992; x_wconf 92' lang='lat' dir='ltr'>qui</span> <span class='ocrx_word' id='word_1_155' title='bbox 622 2895 792 2970; x_wconf 88' lang='lat' dir='ltr'>diaconus</span> <span class='ocrx_word' id='word_1_156' title='bbox 804 2895 875 2968; x_wconf 88' lang='lat' dir='ltr'>fuit</span> <span class='ocrx_word' id='word_1_157' title='bbox 887 2892 1057 2982; x_wconf 73' lang='lat' dir='ltr'>ecclesiae,</span> <span class='ocrx_word' id='word_1_158' title='bbox 1070 2902 1106 2968; x_wconf 92' lang='lat' dir='ltr'>et</span> <span class='ocrx_word' id='word_1_159' title='bbox 1118 2896 1310 2992; x_wconf 86' lang='lat' dir='ltr'>Nyoenum</span> <span class='ocrx_word' id='word_1_160' title='bbox 1324 2893 1514 2993; x_wconf 85' lang='lat' dir='ltr'>amplecte·</span> 
     </span>
     <span class='ocr_line' id='line_1_22' title="bbox 286 3005 1513 3106; baseline -0.001 -24"><span class='ocrx_word' id='word_1_161' title='bbox 286 3007 394 3082; x_wconf 93' lang='lat' dir='ltr'>hatur</span> <span class='ocrx_word' id='word_1_162' title='bbox 411 3008 614 3084; x_wconf 91' lang='lat' dir='ltr'>concilium.</span> <span class='ocrx_word' id='word_1_163' title='bbox 635 3012 681 3084; x_wconf 82' lang='lat' dir='ltr'>Et</span> <span class='ocrx_word' id='word_1_164' title='bbox 698 3007 805 3106; x_wconf 91' lang='lat' dir='ltr'>paulo</span> <span class='ocrx_word' id='word_1_165' title='bbox 820 3016 908 3105; x_wconf 87' lang='lat' dir='ltr'>post.</span> <span class='ocrx_word' id='word_1_166' title='bbox 925 3010 1029 3080; x_wconf 83' lang='lat' dir='ltr'>Sauoe</span> <span class='ocrx_word' id='word_1_167' title='bbox 1049 3006 1219 3080; x_wconf 87' lang='lat' dir='ltr'>Romanis</span> <span class='ocrx_word' id='word_1_168' title='bbox 1235 3005 1513 3106; x_wconf 85' lang='lat' dir='ltr'>postulantibus,</span> 
     </span>
     <span class='ocr_line' id='line_1_23' title="bbox 287 3118 1515 3215; baseline -0.003 -21"><span class='ocrx_word' id='word_1_169' title='bbox 287 3129 433 3195; x_wconf 90' lang='lat' dir='ltr'>coactus</span> <span class='ocrx_word' id='word_1_170' title='bbox 446 3129 590 3196; x_wconf 87' lang='lat' dir='ltr'>revocat</span> <span class='ocrx_word' id='word_1_171' title='bbox 607 3118 800 3211; x_wconf 86' lang='lat' dir='ltr'>Liberium,</span> <span class='ocrx_word' id='word_1_172' title='bbox 813 3129 849 3196; x_wconf 92' lang='lat' dir='ltr'>et</span> <span class='ocrx_word' id='word_1_173' title='bbox 862 3119 945 3195; x_wconf 89' lang='lat' dir='ltr'>Sedi</span> <span class='ocrx_word' id='word_1_174' title='bbox 959 3118 1126 3194; x_wconf 91' lang='lat' dir='ltr'>restituit.</span> <span class='ocrx_word' id='word_1_175' title='bbox 1136 3118 1237 3192; x_wconf 84' lang='lat' dir='ltr'>Felix</span> <span class='ocrx_word' id='word_1_176' title='bbox 1248 3143 1334 3195; x_wconf 86' lang='lat' dir='ltr'>vero</span> <span class='ocrx_word' id='word_1_177' title='bbox 1346 3142 1515 3215; x_wconf 83' lang='lat' dir='ltr'>egressus</span> 
     </span>
     <span class='ocr_line' id='line_1_24' title="bbox 287 3232 1515 3333; baseline 0 -25"><span class='ocrx_word' id='word_1_178' title='bbox 287 3233 432 3322; x_wconf 89' lang='lat' dir='ltr'>Urbem,</span> <span class='ocrx_word' id='word_1_179' title='bbox 448 3233 601 3308; x_wconf 89' lang='lat' dir='ltr'>ulterius</span> <span class='ocrx_word' id='word_1_180' title='bbox 619 3233 765 3308; x_wconf 89' lang='grc'><strong>11111110</strong></span> <span class='ocrx_word' id='word_1_181' title='bbox 790 3232 890 3308; x_wconf 89' lang='lat' dir='ltr'>redit.</span> <span class='ocrx_word' id='word_1_182' title='bbox 907 3235 997 3308; x_wconf 89' lang='lat' dir='ltr'>Item</span> <span class='ocrx_word' id='word_1_183' title='bbox 1015 3232 1121 3308; x_wconf 88' lang='lat' dir='ltr'>iufra.</span> <span class='ocrx_word' id='word_1_184' title='bbox 1138 3232 1296 3333; x_wconf 91' lang='lat' dir='ltr'>Populus</span> <span class='ocrx_word' id='word_1_185' title='bbox 1308 3244 1429 3309; x_wconf 89' lang='lat' dir='ltr'>autem</span> <span class='ocrx_word' id='word_1_186' title='bbox 1443 3236 1515 3309; x_wconf 83' lang='lat' dir='ltr'>Eu·</span> 
     </span>
     <span class='ocr_line' id='line_1_25' title="bbox 288 3342 1515 3442; baseline 0.001 -23"><span class='ocrx_word' id='word_1_187' title='bbox 288 3343 384 3419; x_wconf 90' lang='lat' dir='ltr'>sebio</span> <span class='ocrx_word' id='word_1_188' title='bbox 393 3345 572 3434; x_wconf 87' lang='lat' dir='ltr'>defuncto,</span> <span class='ocrx_word' id='word_1_189' title='bbox 581 3342 735 3420; x_wconf 84' lang='lat' dir='ltr'>Paulum</span> <span class='ocrx_word' id='word_1_190' title='bbox 746 3344 872 3419; x_wconf 88' lang='lat' dir='ltr'>throno</span> <span class='ocrx_word' id='word_1_191' title='bbox 882 3344 1235 3442; x_wconf 84' lang='lat' dir='ltr'>Constantinopoleos</span> <span class='ocrx_word' id='word_1_192' title='bbox 1249 3346 1387 3436; x_wconf 89' lang='lat' dir='ltr'>redidit,</span> <span class='ocrx_word' id='word_1_193' title='bbox 1395 3344 1515 3422; x_wconf 89' lang='lat' dir='ltr'>dicen·</span> 
     </span>
     <span class='ocr_line' id='line_1_26' title="bbox 289 3457 1514 3556; baseline 0.001 -25"><span class='ocrx_word' id='word_1_194' title='bbox 289 3467 344 3532; x_wconf 88' lang='lat' dir='ltr'>tes</span> <span class='ocrx_word' id='word_1_195' title='bbox 361 3458 455 3555; x_wconf 92' lang='lat' dir='ltr'>quod</span> <span class='ocrx_word' id='word_1_196' title='bbox 471 3460 617 3532; x_wconf 88' lang='lat' dir='ltr'>Romam</span> <span class='ocrx_word' id='word_1_197' title='bbox 632 3458 677 3532; x_wconf 90' lang='lat' dir='ltr'>ad</span> <span class='ocrx_word' id='word_1_198' title='bbox 691 3457 824 3532; x_wconf 92' lang='lat' dir='ltr'>Iulium</span> <span class='ocrx_word' id='word_1_199' title='bbox 843 3458 1023 3556; x_wconf 88' lang='lat' dir='ltr'>profectus</span> <span class='ocrx_word' id='word_1_200' title='bbox 1036 3458 1157 3548; x_wconf 88' lang='lat' dir='ltr'>fuerit,</span> <span class='ocrx_word' id='word_1_201' title='bbox 1174 3458 1267 3534; x_wconf 90' lang='lat' dir='ltr'>etab</span> <span class='ocrx_word' id='word_1_202' title='bbox 1283 3458 1514 3535; x_wconf 78' lang='grc' dir='ltr'><strong>0001111οἰ110</strong></span> 
     </span>
     <span class='ocr_line' id='line_1_27' title="bbox 288 3568 1514 3671; baseline 0.002 -29"><span class='ocrx_word' id='word_1_203' title='bbox 288 3568 420 3646; x_wconf 90' lang='lat' dir='ltr'>litteris</span> <span class='ocrx_word' id='word_1_204' title='bbox 437 3570 621 3647; x_wconf 88' lang='lat' dir='ltr'>remearit.</span> <span class='ocrx_word' id='word_1_205' title='bbox 639 3574 728 3647; x_wconf 92' lang='lat' dir='ltr'>Item</span> <span class='ocrx_word' id='word_1_206' title='bbox 747 3571 850 3645; x_wconf 88' lang='lat' dir='ltr'>infra.</span> <span class='ocrx_word' id='word_1_207' title='bbox 867 3575 1009 3647; x_wconf 83' lang='lat' dir='ltr'>Interea</span> <span class='ocrx_word' id='word_1_208' title='bbox 1025 3571 1189 3647; x_wconf 90' lang='lat' dir='ltr'>Liberius</span> <span class='ocrx_word' id='word_1_209' title='bbox 1205 3575 1302 3671; x_wconf 92' lang='lat' dir='ltr'>Papa</span> <span class='ocrx_word' id='word_1_210' title='bbox 1320 3575 1514 3662; x_wconf 78' lang='grc'><strong>1101101110,</strong></span> 
     </span>
     <span class='ocr_line' id='line_1_28' title="bbox 287 3684 1513 3783; baseline -0.002 -24"><span class='ocrx_word' id='word_1_211' title='bbox 287 3693 324 3759; x_wconf 91' lang='grc'>01</span> <span class='ocrx_word' id='word_1_212' title='bbox 341 3684 573 3773; x_wconf 87' lang='lat' dir='ltr'>Athanasius,</span> <span class='ocrx_word' id='word_1_213' title='bbox 597 3695 633 3760; x_wconf 88' lang='lat' dir='ltr'>et</span> <span class='ocrx_word' id='word_1_214' title='bbox 654 3685 833 3774; x_wconf 75' lang='lat' dir='ltr'>MeletiuS,</span> <span class='ocrx_word' id='word_1_215' title='bbox 851 3693 887 3760; x_wconf 93' lang='lat' dir='ltr'>et</span> <span class='ocrx_word' id='word_1_216' title='bbox 913 3684 1218 3760; x_wconf 89' lang='lat' dir='ltr'>Samosatensium</span> <span class='ocrx_word' id='word_1_217' title='bbox 1236 3685 1425 3775; x_wconf 84' lang='lat' dir='ltr'>Eusebius,</span> <span class='ocrx_word' id='word_1_218' title='bbox 1449 3684 1513 3783; x_wconf 92' lang='lat' dir='ltr'>qui</span> 
     </span>
     <span class='ocr_line' id='line_1_29' title="bbox 287 3795 1515 3894; baseline 0.003 -26"><span class='ocrx_word' id='word_1_219' title='bbox 287 3795 421 3871; x_wconf 88' lang='lat' dir='ltr'>Iobiaui</span> <span class='ocrx_word' id='word_1_220' title='bbox 439 3806 614 3894; x_wconf 81' lang='lat' dir='ltr'>praeopto</span> <span class='ocrx_word' id='word_1_221' title='bbox 636 3796 682 3871; x_wconf 92' lang='lat' dir='ltr'>ab</span> <span class='ocrx_word' id='word_1_222' title='bbox 699 3795 805 3872; x_wconf 85' lang='lat' dir='ltr'>exilio</span> <span class='ocrx_word' id='word_1_223' title='bbox 821 3796 966 3872; x_wconf 87' lang='lat' dir='ltr'>fuerant</span> <span class='ocrx_word' id='word_1_224' title='bbox 989 3797 1157 3886; x_wconf 87' lang='lat' dir='ltr'>revocati,</span> <span class='ocrx_word' id='word_1_225' title='bbox 1174 3797 1211 3871; x_wconf 92' lang='lat' dir='ltr'>in</span> <span class='ocrx_word' id='word_1_226' title='bbox 1236 3797 1425 3873; x_wconf 82' lang='lat' dir='ltr'>orthodoxo</span> <span class='ocrx_word' id='word_1_227' title='bbox 1441 3823 1515 3874; x_wconf 88' lang='lat' dir='ltr'>ser·</span> 
     </span>
     <span class='ocr_line' id='line_1_30' title="bbox 290 3909 1514 4011; baseline 0.005 -30"><span class='ocrx_word' id='word_1_228' title='bbox 290 3933 393 3984; x_wconf 89' lang='lat' dir='ltr'>mone</span> <span class='ocrx_word' id='word_1_229' title='bbox 410 3909 593 4006; x_wconf 82' lang='lat' dir='ltr'>uigebant,</span> <span class='ocrx_word' id='word_1_230' title='bbox 618 3919 654 3985; x_wconf 92' lang='lat' dir='ltr'>et</span> <span class='ocrx_word' id='word_1_231' title='bbox 679 3910 1206 4011; x_wconf 76' lang='grc' dir='ltr'><strong>Η101000111111011100111111111.</strong></span> <span class='ocrx_word' id='word_1_232' title='bbox 1227 3915 1274 3986; x_wconf 88' lang='lat' dir='ltr'>Et</span> <span class='ocrx_word' id='word_1_233' title='bbox 1294 3910 1401 4011; x_wconf 90' lang='lat' dir='ltr'>paulo</span> <span class='ocrx_word' id='word_1_234' title='bbox 1425 3921 1514 4010; x_wconf 88' lang='lat' dir='ltr'>post.</span> 
     </span>
     <span class='ocr_line' id='line_1_31' title="bbox 287 4022 1512 4099; baseline 0.002 -3"><span class='ocrx_word' id='word_1_235' title='bbox 287 4022 440 4097; x_wconf 89' lang='lat' dir='ltr'>Mittunt</span> <span class='ocrx_word' id='word_1_236' title='bbox 455 4031 577 4098; x_wconf 91' lang='lat' dir='ltr'>autem</span> <span class='ocrx_word' id='word_1_237' title='bbox 602 4047 646 4098; x_wconf 87' lang='lat' dir='ltr'>ex</span> <span class='ocrx_word' id='word_1_238' title='bbox 668 4022 808 4098; x_wconf 89' lang='lat' dir='ltr'>Liberio</span> <span class='ocrx_word' id='word_1_239' title='bbox 833 4023 1071 4099; x_wconf 87' lang='lat' dir='ltr'>Eustachium</span> <span class='ocrx_word' id='word_1_240' title='bbox 1097 4023 1310 4099; x_wconf 88' lang='lat' dir='ltr'>Armonium</span> <span class='ocrx_word' id='word_1_241' title='bbox 1337 4033 1374 4099; x_wconf 91' lang='lat' dir='ltr'>et</span> <span class='ocrx_word' id='word_1_242' title='bbox 1398 4023 1512 4099; x_wconf 84' lang='lat' dir='ltr'>Silva·</span> 
     </span>
     <span class='ocr_line' id='line_1_32' title="bbox 287 4135 1515 4236; baseline 0.002 -28"><span class='ocrx_word' id='word_1_243' title='bbox 287 4159 376 4208; x_wconf 91' lang='lat' dir='ltr'>num</span> <span class='ocrx_word' id='word_1_244' title='bbox 393 4135 641 4224; x_wconf 83' lang='lat' dir='ltr'>Tharsensem,</span> <span class='ocrx_word' id='word_1_245' title='bbox 658 4161 701 4212; x_wconf 89' lang='lat' dir='ltr'>ao</span> <span class='ocrx_word' id='word_1_246' title='bbox 726 4135 961 4234; x_wconf 89' lang='lat' dir='ltr'>Theophilum</span> <span class='ocrx_word' id='word_1_247' title='bbox 984 4136 1289 4226; x_wconf 80' lang='lat' dir='ltr'>Castoraleusem,</span> <span class='ocrx_word' id='word_1_248' title='bbox 1306 4136 1515 4236; x_wconf 83' lang='lat' dir='ltr'>promitten-</span> 
     </span>
     <span class='ocr_line' id='line_1_33' title="bbox 287 4248 1515 4348; baseline 0.005 -28"><span class='ocrx_word' id='word_1_249' title='bbox 287 4254 342 4321; x_wconf 83' lang='lat' dir='ltr'>tes</span> <span class='ocrx_word' id='word_1_250' title='bbox 367 4270 430 4345; x_wconf 91' lang='lat' dir='ltr'>per</span> <span class='ocrx_word' id='word_1_251' title='bbox 453 4248 547 4346; x_wconf 90' lang='lat' dir='ltr'>ipsos</span> <span class='ocrx_word' id='word_1_252' title='bbox 570 4274 608 4325; x_wconf 87' lang='lat' dir='ltr'>se</span> <span class='ocrx_word' id='word_1_253' title='bbox 625 4249 782 4346; x_wconf 88' lang='lat' dir='ltr'>recipere</span> <span class='ocrx_word' id='word_1_254' title='bbox 798 4248 1033 4324; x_wconf 89' lang='lat' dir='ltr'>homousium.</span> <span class='ocrx_word' id='word_1_255' title='bbox 1051 4250 1121 4338; x_wconf 85' lang='lat' dir='ltr'>Qui</span> <span class='ocrx_word' id='word_1_256' title='bbox 1147 4250 1396 4348; x_wconf 86' lang='lat' dir='ltr'>pervenientes</span> <span class='ocrx_word' id='word_1_257' title='bbox 1412 4248 1515 4326; x_wconf 82' lang='lat' dir='ltr'>Libe·</span> 
     </span>
     <span class='ocr_line' id='line_1_34' title="bbox 288 4358 1513 4464; baseline 0.005 -31"><span class='ocrx_word' id='word_1_258' title='bbox 288 4358 341 4433; x_wconf 86' lang='lat' dir='ltr'>rio</span> <span class='ocrx_word' id='word_1_259' title='bbox 354 4361 528 4464; x_wconf 80' lang='lat' dir='ltr'>scriptum</span> <span class='ocrx_word' id='word_1_260' title='bbox 542 4385 605 4458; x_wconf 90' lang='lat' dir='ltr'>per</span> <span class='ocrx_word' id='word_1_261' title='bbox 616 4362 799 4437; x_wconf 89' lang='lat' dir='ltr'>omousion</span> <span class='ocrx_word' id='word_1_262' title='bbox 815 4372 1053 4462; x_wconf 84' lang='lat' dir='ltr'>porrexerunt</span> <span class='ocrx_word' id='word_1_263' title='bbox 1068 4362 1242 4452; x_wconf 87' lang='lat' dir='ltr'>libellum,</span> <span class='ocrx_word' id='word_1_264' title='bbox 1255 4365 1460 4462; x_wconf 86' lang='lat' dir='ltr'>profitentes</span> <span class='ocrx_word' id='word_1_265' title='bbox 1473 4388 1513 4439; x_wconf 84' lang='lat' dir='ltr'>se</span> 
     </span>
     <span class='ocr_line' id='line_1_35' title="bbox 289 4473 1514 4574; baseline 0.003 -28"><span class='ocrx_word' id='word_1_266' title='bbox 289 4494 431 4554; x_wconf 89' lang='lat' dir='ltr'>omnem</span> <span class='ocrx_word' id='word_1_267' title='bbox 448 4473 602 4550; x_wconf 89' lang='lat' dir='ltr'>heresim</span> <span class='ocrx_word' id='word_1_268' title='bbox 623 4498 822 4563; x_wconf 84' lang='lat' dir='ltr'>eversuros,</span> <span class='ocrx_word' id='word_1_269' title='bbox 842 4499 922 4574; x_wconf 84' lang='lat' dir='ltr'>quae</span> <span class='ocrx_word' id='word_1_270' title='bbox 943 4474 1065 4549; x_wconf 88' lang='lat' dir='ltr'>Sinodi</span> <span class='ocrx_word' id='word_1_271' title='bbox 1082 4475 1229 4550; x_wconf 86' lang='lat' dir='ltr'>Nicenae</span> <span class='ocrx_word' id='word_1_272' title='bbox 1245 4475 1336 4551; x_wconf 82' lang='lat' dir='ltr'>foret</span> <span class='ocrx_word' id='word_1_273' title='bbox 1351 4475 1514 4550; x_wconf 86' lang='lat' dir='ltr'>adversa.</span> 
     </span>
    </p>
   </div>
   <div class='ocr_carea' id='block_1_6' title="bbox 0 0 1809 5498">
    <p class='ocr_par' dir='ltr' id='par_1_6' title="bbox 0 0 1809 5498">
     <span class='ocr_line' id='line_1_36' title="bbox 0 0 1809 5498; baseline 0 0"><span class='ocrx_word' id='word_1_274' title='bbox 0 0 1809 5498; x_wconf 95' lang='lat' dir='ltr'> </span> 
     </span>
    </p>
   </div>
  </div>
 </body>
</html>
