3608 5498
799 388 931 452 -494
956 422 997 441 -

285 505 501 597 huiusmodi,
518 505 610 603 quod
622 505 760 582 lactum
773 517 829 583 est
846 506 912 581 sub
929 506 1134 605 tyrannide
1146 506 1287 597 Licinii,
1300 508 1436 609 placuit
1449 535 1513 608 sy·

286 622 375 696 nodo
387 623 554 719 quamvis
570 620 795 695 humanitate
810 619 1002 717 probentur
1019 619 1173 715 indigni,
1198 631 1318 697 tamen
1342 623 1394 698 eis
1410 623 1512 714 beni-

288 734 445 809 volentia
462 734 687 809 commodari.
704 733 931 829 Quicumque
951 755 1038 828 ergo
1060 734 1235 808 veraciter
1260 735 1509 834 penitudinem

286 848 383 944 gerit
398 846 514 922 tribus
530 848 636 921 annis
648 848 742 922 inter
757 847 877 923 fideles
888 846 1074 921 audientes
1090 845 1300 936 habeantur,
1323 859 1360 923 et
1377 852 1429 924 VI
1446 874 1511 924 an-

286 961 344 1056 nis
360 958 457 1035 omni
474 984 512 1035 se
535 959 745 1035 contritione
770 959 937 1050 deiciant,
953 959 1090 1035 duobus
1106 960 1212 1037 annis
1236 961 1314 1037 sine
1331 962 1510 1040 oblatione

289 1072 416 1173 populo
433 1072 470 1146 in
487 1072 645 1148 oratione
662 1073 939 1151 communicent.

354 1261 400 1313 De
419 1260 510 1313 laicis
530 1260 586 1325 qul
603 1260 706 1313 Deum
723 1261 925 1325 negaverunt
942 1272 984 1314 ex
1003 1263 1139 1315 concilio
1158 1263 1277 1315 Niceno
1297 1275 1369 1328 cap.
1389 1267 1444 1317 XI.

384 1412 610 1510 Quicumque
623 1412 739 1488 vocati
753 1437 816 1510 per
829 1415 997 1509 gratiam,
1011 1415 1166 1512 primum
1181 1417 1324 1514 quidem
1334 1418 1509 1515 impetum

292 1535 593 1603 monstraverunt.
603 1529 826 1625 Deponentes
837 1526 974 1600 militiae
986 1527 1417 1628 cingulumpostmodum
1427 1553 1513 1605 vero

290 1642 333 1715 ad
351 1641 531 1739 proprium
550 1639 725 1714 vomitum
743 1647 829 1713 sunt
845 1637 966 1734 elapsi,
984 1638 1034 1713 ita
1054 1650 1094 1714 ut
1111 1639 1255 1737 quidam
1277 1653 1313 1716 et
1339 1642 1511 1738 pecunius

173 1807 175 1812 ·
290 1754 500 1840 tribuerent,
518 1762 553 1828 et
569 1751 752 1828 beneficiis
775 1752 940 1826 militiam
967 1762 1177 1849 repeterent
1193 1758 1233 1827 In
1261 1755 1383 1829 decem
1405 1754 1512 1827 annis

289 1876 367 1964 post
384 1865 557 1940 trihannii
575 1874 726 1961 tempus,
744 1888 813 1961 quo
829 1865 925 1939 intra
943 1864 1128 1940 audientes
1145 1877 1252 1941 eruut
1267 1867 1305 1940 in
1318 1867 1512 1941 afflictione

290 1980 404 2077 prima
421 1989 598 2055 maneant.
617 1982 662 2052 Et
680 1979 716 2051 in
734 1977 792 2052 his
809 1978 973 2052 omnibus
991 1979 1206 2075 propositum
1226 1988 1262 2054 et
1275 1980 1429 2077 speciem
1445 2003 1512 2076 pae-

290 2093 451 2168 nitentire
468 2091 636 2168 convenit
652 2091 843 2190 explorare.
862 2095 955 2179 Quot
972 2101 1058 2188 quot
1071 2102 1170 2166 metu
1183 2102 1220 2166 et
1233 2092 1391 2167 lacrimis
1404 2102 1513 2190 atque

293 2206 464 2303 patientia
482 2203 540 2279 vel
565 2202 666 2277 bonis
690 2204 855 2300 operibus
882 2204 986 2278 rebus
1011 2203 1098 2301 ipsis
1119 2205 1387 2279 conversionem
1409 2229 1512 2280 suam

291 2341 360 2392 non
374 2316 636 2391 simulationem
651 2316 904 2404 demonstrant,
915 2316 953 2388 hi
966 2316 1153 2391 definitum
1167 2327 1308 2416 tempus
1321 2317 1514 2392 auditionis

293 2430 485 2527 implentes
495 2440 571 2503 tum
582 2429 725 2504 demum
741 2427 950 2506 fidelibusin
964 2430 1121 2505 oratione
1133 2431 1407 2505 communicent.
1419 2435 1515 2505 Post-

291 2541 435 2616 modum
461 2563 546 2616 vero
571 2540 695 2616 licebit
721 2540 881 2639 episeopo
907 2542 949 2616 de
970 2541 1028 2614 his
1045 2542 1181 2639 aliquid
1197 2541 1391 2617 humanius
1415 2545 1515 2639 cogi-

291 2667 379 2729 tare.
405 2652 621 2750 Quicunque
646 2677 730 2727 vero
754 2654 997 2729 indifferenter
1023 2653 1196 2744 tulerunt,
1214 2666 1250 2730 et
1267 2656 1429 2730 habitum
1459 2656 1513 2728 in·

292 2767 459 2842 troeundi
477 2765 665 2842 ecclesiam
684 2767 749 2842 sibi
771 2767 935 2843 arbitrati
957 2778 1042 2842 sunt
1062 2769 1107 2842 ad
1129 2769 1395 2844 conversionem
1414 2758 1514 2866 posse

291 2882 467 2970 sufficere,
483 2879 521 2953 hi
539 2880 726 2956 definitum
744 2880 855 2955 modis
873 2881 1037 2955 omnibus
1054 2876 1382 2982 tempusiupleant.

367 3085 413 3137 De
425 3084 475 3136 his
489 3085 545 3151 qur
558 3083 695 3137 diversis
708 3084 815 3137 causta
825 3050 950 3148 aliquid
962 3083 1028 3136 ritu
1039 3083 1232 3147 gentilitatis
1244 3084 1445 3150 peregerunt

625 3184 667 3225 ex
686 3172 819 3225 concillo
838 3172 997 3224 Ancirano
1017 3183 1089 3238 cap.
1110 3173 1182 3223 1111.

388 3334 439 3408 De
455 3331 514 3406 his
530 3333 592 3431 qui
609 3331 811 3408 sacrificare
832 3331 947 3408 coacti
964 3342 1050 3406 sunt
1066 3331 1213 3428 insuper
1226 3340 1262 3406 et
1279 3341 1515 3406 cenaverunt

293 3445 331 3518 in
343 3443 460 3542 ydolo
470 3445 686 3541 quicumque
699 3466 819 3518 eorum
834 3469 918 3519 cum
932 3444 1149 3520 ducerentur
1163 3444 1287 3519 laetiori
1301 3445 1426 3519 habitu
1440 3446 1515 3519 lue·

295 3567 391 3645 runt,
407 3572 444 3630 et
467 3554 694 3631 vestimentis
711 3555 976 3652 pretiosioribus
995 3556 1051 3630 usi
1068 3566 1165 3645 sunt,
1182 3567 1218 3632 et
1235 3569 1431 3656 preparatas
1448 3581 1513 3632 cie«

292 3696 349 3744 nae
365 3670 608 3744 indifferenter
625 3668 815 3767 participes
832 3667 1042 3757 extiterunt,
1055 3667 1192 3764 placuit
1209 3693 1267 3743 eos
1280 3668 1514 3744 iuter-adien-

294 3793 349 3857 tes
366 3806 437 3857 uno
453 3805 547 3856 anno
564 3781 744 3870 constitui,
761 3781 995 3856 succumbere
1014 3804 1098 3855 vcro
1115 3780 1232 3855 tribus
1248 3783 1362 3856 annis.
1381 3784 1421 3854 In
1440 3805 1516 3855 ora·

293 3897 389 3970 tione
397 3905 518 3970 autem
532 3895 798 3970 communicare
810 3895 954 3969 biennio
967 3904 1003 3969 et
1016 3903 1103 3968 tunc
1117 3893 1511 3991 perfectionisgratiam

294 4008 488 4107 pervenire.
507 4011 688 4105 Quotquot
704 4006 825 4081 autem
842 4006 1082 4082 ascenderunt
1095 4005 1228 4104 templa
1241 4022 1341 4081 veste
1355 4005 1514 4103 lugubri,

293 4130 329 4195 at
347 4119 593 4197 recumbentes
607 4143 667 4215 per
680 4142 784 4193 omne
797 4128 939 4217 tempus
952 4118 1084 4194 flevere
1097 4119 1307 4207 discubitus
1320 4118 1351 4193 si
1365 4117 1516 4216 comple·

295 4241 428 4307 verunt
446 4232 653 4333 penitentia
670 4231 817 4306 triennii
836 4232 1015 4330 temporis,
1037 4232 1113 4307 sine
1130 4231 1305 4306 oblatione
1321 4231 1518 4329 suscipian-

293 4355 362 4420 tur.
373 4344 411 4419 si
424 4352 545 4419 autam
559 4368 628 4419 non
643 4344 963 4433 manducaverunt,
972 4343 1113 4418 biennio
1126 4342 1277 4417 subiecti
1288 4343 1515 4440 pauitantia,

293 4454 397 4531 tertio
413 4477 506 4531 anuo
523 4455 600 4531 siue
617 4454 794 4532 oblatione
811 4457 1088 4546 communicent,
1101 4465 1142 4531 ut
1159 4455 1411 4554 perlectionem
1430 4479 1517 4554 qua·
