<?xml version="1.0" encoding="UTF-8"?>
<!DOCTYPE html PUBLIC "-//W3C//DTD XHTML 1.0 Transitional//EN"
    "http://www.w3.org/TR/xhtml1/DTD/xhtml1-transitional.dtd">
<html xmlns="http://www.w3.org/1999/xhtml" xml:lang="en" lang="en">
 <head>
  <title>
</title>
<meta http-equiv="Content-Type" content="text/html;charset=utf-8" />
  <meta name='ocr-system' content='tesseract 3.04.00' />
  <meta name='ocr-capabilities' content='ocr_page ocr_carea ocr_par ocr_line ocrx_word'/>
</head>
<body>
  <div class='ocr_page' id='page_1' title='image "./collectiocanonu00deusgoog_0192.png"; bbox 0 0 3608 5498; ppageno 0'>
   <div class='ocr_carea' id='block_1_1' title="bbox 816 390 1012 453">
    <p class='ocr_par' dir='ltr' id='par_1_1' title="bbox 816 390 1012 453">
     <span class='ocr_line' id='line_1_1' title="bbox 816 390 1012 453; baseline 0 -1"><span class='ocrx_word' id='word_1_1' title='bbox 816 390 1012 453; x_wconf 86' lang='lat' dir='ltr'>-lol-</span> 
     </span>
    </p>
   </div>
   <div class='ocr_carea' id='block_1_2' title="bbox 290 508 1525 4478">
    <p class='ocr_par' dir='ltr' id='par_1_2' title="bbox 290 508 1525 4478">
     <span class='ocr_line' id='line_1_2' title="bbox 300 508 1522 611; baseline 0.002 -26"><span class='ocrx_word' id='word_1_2' title='bbox 300 509 414 586; x_wconf 89' lang='lat' dir='ltr'>ticum</span> <span class='ocrx_word' id='word_1_3' title='bbox 438 509 477 582; x_wconf 92' lang='lat' dir='ltr'>iu</span> <span class='ocrx_word' id='word_1_4' title='bbox 494 532 535 584; x_wconf 91' lang='lat' dir='ltr'>eo</span> <span class='ocrx_word' id='word_1_5' title='bbox 560 508 737 608; x_wconf 67' lang='lat' dir='ltr'>praecipue</span> <span class='ocrx_word' id='word_1_6' title='bbox 764 508 933 608; x_wconf 91' lang='lat' dir='ltr'>compleri</span> <span class='ocrx_word' id='word_1_7' title='bbox 960 508 1255 608; x_wconf 80' lang='lat' dir='ltr'>deprehendatur.</span> <span class='ocrx_word' id='word_1_8' title='bbox 1272 513 1386 586; x_wconf 90' lang='lat' dir='ltr'>Omne</span> <span class='ocrx_word' id='word_1_9' title='bbox 1412 519 1522 611; x_wconf 87' lang='lat' dir='ltr'>caput</span> 
     </span>
     <span class='ocr_line' id='line_1_3' title="bbox 302 623 1525 722; baseline -0.001 -24"><span class='ocrx_word' id='word_1_10' title='bbox 302 623 518 721; x_wconf 82' lang='lat' dir='ltr'>languidum</span> <span class='ocrx_word' id='word_1_11' title='bbox 534 632 570 700; x_wconf 92' lang='lat' dir='ltr'>et</span> <span class='ocrx_word' id='word_1_12' title='bbox 586 647 688 701; x_wconf 90' lang='lat' dir='ltr'>omne</span> <span class='ocrx_word' id='word_1_13' title='bbox 706 648 766 701; x_wconf 90' lang='lat' dir='ltr'>cor</span> <span class='ocrx_word' id='word_1_14' title='bbox 784 648 935 714; x_wconf 79' lang='lat' dir='ltr'>merere,</span> <span class='ocrx_word' id='word_1_15' title='bbox 952 650 973 697; x_wconf 93' lang='lat' dir='ltr'>a</span> <span class='ocrx_word' id='word_1_16' title='bbox 992 623 1113 722; x_wconf 90' lang='lat' dir='ltr'>planta</span> <span class='ocrx_word' id='word_1_17' title='bbox 1136 623 1234 722; x_wconf 89' lang='lat' dir='ltr'>pedis</span> <span class='ocrx_word' id='word_1_18' title='bbox 1251 625 1425 722; x_wconf 91' lang='lat' dir='ltr'>usquead</span> <span class='ocrx_word' id='word_1_19' title='bbox 1446 649 1525 700; x_wconf 89' lang='lat' dir='ltr'>ver·</span> 
     </span>
     <span class='ocr_line' id='line_1_4' title="bbox 302 737 1523 837; baseline 0.002 -25"><span class='ocrx_word' id='word_1_20' title='bbox 302 737 411 814; x_wconf 83' lang='lat' dir='ltr'>tieem</span> <span class='ocrx_word' id='word_1_21' title='bbox 429 747 571 814; x_wconf 89' lang='lat' dir='ltr'>nonest</span> <span class='ocrx_word' id='word_1_22' title='bbox 588 738 627 812; x_wconf 89' lang='lat' dir='ltr'>in</span> <span class='ocrx_word' id='word_1_23' title='bbox 645 762 684 815; x_wconf 89' lang='lat' dir='ltr'>eo</span> <span class='ocrx_word' id='word_1_24' title='bbox 702 738 847 813; x_wconf 85' lang='lat' dir='ltr'>sanitas.</span> <span class='ocrx_word' id='word_1_25' title='bbox 861 743 907 814; x_wconf 86' lang='lat' dir='ltr'>Et</span> <span class='ocrx_word' id='word_1_26' title='bbox 921 764 1045 814; x_wconf 89' lang='lat' dir='ltr'>revera</span> <span class='ocrx_word' id='word_1_27' title='bbox 1059 749 1159 815; x_wconf 86' lang='lat' dir='ltr'>tauta</span> <span class='ocrx_word' id='word_1_28' title='bbox 1172 739 1374 816; x_wconf 79' lang='lat' dir='ltr'>reverentie</span> <span class='ocrx_word' id='word_1_29' title='bbox 1387 739 1523 837; x_wconf 85' lang='lat' dir='ltr'>apicem</span> 
     </span>
     <span class='ocr_line' id='line_1_5' title="bbox 302 853 1523 952; baseline -0.001 -24"><span class='ocrx_word' id='word_1_30' title='bbox 302 853 460 951; x_wconf 71' lang='lat' dir='ltr'>prefata</span> <span class='ocrx_word' id='word_1_31' title='bbox 476 853 689 952; x_wconf 83' lang='lat' dir='ltr'>Apostolioae</span> <span class='ocrx_word' id='word_1_32' title='bbox 714 854 816 930; x_wconf 88' lang='lat' dir='ltr'>Sedis</span> <span class='ocrx_word' id='word_1_33' title='bbox 839 878 961 929; x_wconf 87' lang='lat' dir='ltr'>ornnes</span> <span class='ocrx_word' id='word_1_34' title='bbox 985 853 1201 952; x_wconf 90' lang='lat' dir='ltr'>suspiciunt,</span> <span class='ocrx_word' id='word_1_35' title='bbox 1226 864 1359 928; x_wconf 89' lang='lat' dir='ltr'>utnon</span> <span class='ocrx_word' id='word_1_36' title='bbox 1383 853 1523 927; x_wconf 90' lang='lat' dir='ltr'>nullam</span> 
     </span>
     <span class='ocr_line' id='line_1_6' title="bbox 302 967 1524 1068; baseline 0.002 -27"><span class='ocrx_word' id='word_1_37' title='bbox 302 976 508 1044; x_wconf 86' lang='lat' dir='ltr'>sauctorum</span> <span class='ocrx_word' id='word_1_38' title='bbox 527 992 703 1063; x_wconf 85' lang='lat' dir='ltr'>canonum</span> <span class='ocrx_word' id='word_1_39' title='bbox 721 968 959 1068; x_wconf 85' lang='lat' dir='ltr'>disciplinam,</span> <span class='ocrx_word' id='word_1_40' title='bbox 977 978 1013 1043; x_wconf 91' lang='lat' dir='ltr'>et</span> <span class='ocrx_word' id='word_1_41' title='bbox 1029 967 1216 1068; x_wconf 88' lang='lat' dir='ltr'>antiquam</span> <span class='ocrx_word' id='word_1_42' title='bbox 1234 967 1449 1044; x_wconf 82' lang='lat' dir='ltr'>Christianae</span> <span class='ocrx_word' id='word_1_43' title='bbox 1471 993 1524 1044; x_wconf 93' lang='lat' dir='ltr'>re-</span> 
     </span>
     <span class='ocr_line' id='line_1_7' title="bbox 303 1081 1521 1181; baseline -0.001 -25"><span class='ocrx_word' id='word_1_44' title='bbox 303 1081 450 1180; x_wconf 84' lang='lat' dir='ltr'>ligionis</span> <span class='ocrx_word' id='word_1_45' title='bbox 466 1082 740 1174; x_wconf 82' lang='lat' dir='ltr'>institutionem,</span> <span class='ocrx_word' id='word_1_46' title='bbox 758 1083 876 1181; x_wconf 83' lang='lat' dir='ltr'>magis</span> <span class='ocrx_word' id='word_1_47' title='bbox 892 1082 936 1156; x_wconf 90' lang='lat' dir='ltr'>ab</span> <span class='ocrx_word' id='word_1_48' title='bbox 952 1105 1011 1156; x_wconf 92' lang='lat' dir='ltr'>ore</span> <span class='ocrx_word' id='word_1_49' title='bbox 1028 1081 1250 1180; x_wconf 83' lang='lat' dir='ltr'>praesessoris</span> <span class='ocrx_word' id='word_1_50' title='bbox 1267 1082 1356 1171; x_wconf 89' lang='lat' dir='ltr'>eius,</span> <span class='ocrx_word' id='word_1_51' title='bbox 1373 1106 1481 1181; x_wconf 90' lang='lat' dir='ltr'>quam</span> <span class='ocrx_word' id='word_1_52' title='bbox 1499 1106 1521 1155; x_wconf 93' lang='lat' dir='ltr'>a</span> 
     </span>
     <span class='ocr_line' id='line_1_8' title="bbox 302 1196 1523 1297; baseline 0.001 -27"><span class='ocrx_word' id='word_1_53' title='bbox 302 1198 417 1297; x_wconf 84' lang='lat' dir='ltr'>sacris</span> <span class='ocrx_word' id='word_1_54' title='bbox 434 1198 580 1296; x_wconf 86' lang='lat' dir='ltr'>paginis</span> <span class='ocrx_word' id='word_1_55' title='bbox 595 1208 632 1275; x_wconf 89' lang='lat' dir='ltr'>et</span> <span class='ocrx_word' id='word_1_56' title='bbox 647 1199 806 1296; x_wconf 89' lang='lat' dir='ltr'>paternis</span> <span class='ocrx_word' id='word_1_57' title='bbox 823 1196 1073 1272; x_wconf 87' lang='lat' dir='ltr'>traditionibus</span> <span class='ocrx_word' id='word_1_58' title='bbox 1089 1206 1287 1295; x_wconf 84' lang='lat' dir='ltr'>expectant.</span> <span class='ocrx_word' id='word_1_59' title='bbox 1303 1196 1407 1271; x_wconf 87' lang='lat' dir='ltr'>Illius</span> <span class='ocrx_word' id='word_1_60' title='bbox 1419 1196 1523 1287; x_wconf 85' lang='lat' dir='ltr'>velle,</span> 
     </span>
     <span class='ocr_line' id='line_1_9' title="bbox 302 1308 1524 1411; baseline -0.001 -27"><span class='ocrx_word' id='word_1_61' title='bbox 302 1308 402 1385; x_wconf 87' lang='lat' dir='ltr'>illius</span> <span class='ocrx_word' id='word_1_62' title='bbox 418 1312 523 1396; x_wconf 79' lang='lat' dir='ltr'>nolle,</span> <span class='ocrx_word' id='word_1_63' title='bbox 540 1321 683 1388; x_wconf 89' lang='lat' dir='ltr'>tantum</span> <span class='ocrx_word' id='word_1_64' title='bbox 701 1311 896 1411; x_wconf 88' lang='lat' dir='ltr'>explorant,</span> <span class='ocrx_word' id='word_1_65' title='bbox 913 1318 954 1384; x_wconf 92' lang='lat' dir='ltr'>ut</span> <span class='ocrx_word' id='word_1_66' title='bbox 967 1310 1010 1384; x_wconf 90' lang='lat' dir='ltr'>ad</span> <span class='ocrx_word' id='word_1_67' title='bbox 1024 1310 1102 1386; x_wconf 89' lang='lat' dir='ltr'>eius</span> <span class='ocrx_word' id='word_1_68' title='bbox 1118 1310 1308 1385; x_wconf 91' lang='lat' dir='ltr'>arbitrium</span> <span class='ocrx_word' id='word_1_69' title='bbox 1325 1335 1429 1385; x_wconf 88' lang='lat' dir='ltr'>suam</span> <span class='ocrx_word' id='word_1_70' title='bbox 1443 1335 1524 1386; x_wconf 89' lang='lat' dir='ltr'>con·</span> 
     </span>
     <span class='ocr_line' id='line_1_10' title="bbox 300 1424 1525 1524; baseline 0.002 -28"><span class='ocrx_word' id='word_1_71' title='bbox 300 1425 542 1501; x_wconf 88' lang='lat' dir='ltr'>versationem</span> <span class='ocrx_word' id='word_1_72' title='bbox 561 1436 597 1501; x_wconf 90' lang='lat' dir='ltr'>et</span> <span class='ocrx_word' id='word_1_73' title='bbox 614 1425 682 1524; x_wconf 89' lang='lat' dir='ltr'>ipsi</span> <span class='ocrx_word' id='word_1_74' title='bbox 700 1427 897 1514; x_wconf 87' lang='lat' dir='ltr'>remittant,</span> <span class='ocrx_word' id='word_1_75' title='bbox 913 1434 978 1498; x_wconf 87' lang='lat' dir='ltr'>aut</span> <span class='ocrx_word' id='word_1_76' title='bbox 995 1424 1192 1499; x_wconf 87' lang='lat' dir='ltr'>intendant.</span> <span class='ocrx_word' id='word_1_77' title='bbox 1206 1424 1307 1513; x_wconf 88' lang='lat' dir='ltr'>Quod</span> <span class='ocrx_word' id='word_1_78' title='bbox 1323 1424 1352 1499; x_wconf 92' lang='lat' dir='ltr'>si</span> <span class='ocrx_word' id='word_1_79' title='bbox 1371 1435 1412 1500; x_wconf 93' lang='lat' dir='ltr'>ut</span> <span class='ocrx_word' id='word_1_80' title='bbox 1429 1450 1525 1499; x_wconf 91' lang='lat' dir='ltr'>sum·</span> 
     </span>
     <span class='ocr_line' id='line_1_11' title="bbox 301 1537 1521 1637; baseline 0.002 -27"><span class='ocrx_word' id='word_1_81' title='bbox 301 1562 441 1636; x_wconf 88' lang='lat' dir='ltr'>mopere</span> <span class='ocrx_word' id='word_1_82' title='bbox 457 1539 527 1614; x_wconf 88' lang='lat' dir='ltr'>sibi</span> <span class='ocrx_word' id='word_1_83' title='bbox 543 1550 580 1615; x_wconf 93' lang='lat' dir='ltr'>et</span> <span class='ocrx_word' id='word_1_84' title='bbox 595 1539 761 1614; x_wconf 88' lang='lat' dir='ltr'>omuibus</span> <span class='ocrx_word' id='word_1_85' title='bbox 777 1537 928 1637; x_wconf 86' lang='lat' dir='ltr'>expedit,</span> <span class='ocrx_word' id='word_1_86' title='bbox 944 1538 1019 1612; x_wconf 88' lang='lat' dir='ltr'>zelo</span> <span class='ocrx_word' id='word_1_87' title='bbox 1035 1538 1159 1613; x_wconf 88' lang='lat' dir='ltr'>domus</span> <span class='ocrx_word' id='word_1_88' title='bbox 1174 1538 1238 1613; x_wconf 88' lang='lat' dir='ltr'>Dei</span> <span class='ocrx_word' id='word_1_89' title='bbox 1252 1538 1329 1614; x_wconf 90' lang='lat' dir='ltr'>sine</span> <span class='ocrx_word' id='word_1_90' title='bbox 1343 1538 1521 1614; x_wconf 90' lang='lat' dir='ltr'>intermis-</span> 
     </span>
     <span class='ocr_line' id='line_1_12' title="bbox 300 1650 1522 1751; baseline 0.004 -28"><span class='ocrx_word' id='word_1_91' title='bbox 300 1650 398 1728; x_wconf 90' lang='lat' dir='ltr'>sione</span> <span class='ocrx_word' id='word_1_92' title='bbox 414 1653 612 1744; x_wconf 81' lang='lat' dir='ltr'>tabescens,</span> <span class='ocrx_word' id='word_1_93' title='bbox 628 1653 741 1728; x_wconf 90' lang='lat' dir='ltr'>fidelis</span> <span class='ocrx_word' id='word_1_94' title='bbox 758 1652 978 1751; x_wconf 91' lang='lat' dir='ltr'>dispensator</span> <span class='ocrx_word' id='word_1_95' title='bbox 994 1664 1030 1728; x_wconf 92' lang='lat' dir='ltr'>et</span> <span class='ocrx_word' id='word_1_96' title='bbox 1047 1653 1201 1751; x_wconf 89' lang='lat' dir='ltr'>prudeus</span> <span class='ocrx_word' id='word_1_97' title='bbox 1217 1652 1383 1743; x_wconf 83' lang='lat' dir='ltr'>existens,</span> <span class='ocrx_word' id='word_1_98' title='bbox 1395 1656 1469 1728; x_wconf 93' lang='lat' dir='ltr'>Deo</span> <span class='ocrx_word' id='word_1_99' title='bbox 1486 1662 1522 1728; x_wconf 90' lang='lat' dir='ltr'>et</span> 
     </span>
     <span class='ocr_line' id='line_1_13' title="bbox 299 1764 1520 1866; baseline 0.001 -27"><span class='ocrx_word' id='word_1_100' title='bbox 299 1764 505 1842; x_wconf 88' lang='lat' dir='ltr'>homiuibus</span> <span class='ocrx_word' id='word_1_101' title='bbox 514 1792 617 1866; x_wconf 88' lang='lat' dir='ltr'>opere</span> <span class='ocrx_word' id='word_1_102' title='bbox 632 1778 667 1843; x_wconf 90' lang='lat' dir='ltr'>et</span> <span class='ocrx_word' id='word_1_103' title='bbox 679 1792 840 1843; x_wconf 90' lang='lat' dir='ltr'>sermone</span> <span class='ocrx_word' id='word_1_104' title='bbox 854 1764 1201 1863; x_wconf 90' lang='lat' dir='ltr'>irreprehensibilem</span> <span class='ocrx_word' id='word_1_105' title='bbox 1215 1790 1293 1841; x_wconf 86' lang='lat' dir='ltr'>sese</span> <span class='ocrx_word' id='word_1_106' title='bbox 1307 1789 1520 1841; x_wconf 85' lang='lat' dir='ltr'>conservare</span> 
     </span>
     <span class='ocr_line' id='line_1_14' title="bbox 300 1880 1520 1978; baseline 0.001 -25"><span class='ocrx_word' id='word_1_107' title='bbox 300 1880 489 1969; x_wconf 88' lang='lat' dir='ltr'>studuerit,</span> <span class='ocrx_word' id='word_1_108' title='bbox 502 1891 543 1955; x_wconf 91' lang='lat' dir='ltr'>ut</span> <span class='ocrx_word' id='word_1_109' title='bbox 555 1907 639 1957; x_wconf 89' lang='lat' dir='ltr'>vere</span> <span class='ocrx_word' id='word_1_110' title='bbox 649 1881 762 1955; x_wconf 83' lang='lat' dir='ltr'>fatear</span> <span class='ocrx_word' id='word_1_111' title='bbox 775 1880 986 1954; x_wconf 90' lang='lat' dir='ltr'>universum</span> <span class='ocrx_word' id='word_1_112' title='bbox 997 1904 1097 1978; x_wconf 83' lang='lat' dir='ltr'>paene</span> <span class='ocrx_word' id='word_1_113' title='bbox 1107 1881 1282 1955; x_wconf 90' lang='lat' dir='ltr'>muudum</span> <span class='ocrx_word' id='word_1_114' title='bbox 1295 1905 1418 1957; x_wconf 91' lang='lat' dir='ltr'>secum</span> <span class='ocrx_word' id='word_1_115' title='bbox 1431 1889 1520 1954; x_wconf 80' lang='lat' dir='ltr'>atto</span> 
     </span>
     <span class='ocr_line' id='line_1_15' title="bbox 299 1993 1521 2093; baseline 0.002 -27"><span class='ocrx_word' id='word_1_116' title='bbox 299 1993 416 2068; x_wconf 89' lang='lat' dir='ltr'>nitum</span> <span class='ocrx_word' id='word_1_117' title='bbox 426 2005 463 2071; x_wconf 92' lang='lat' dir='ltr'>et</span> <span class='ocrx_word' id='word_1_118' title='bbox 471 1995 664 2072; x_wconf 88' lang='lat' dir='ltr'>sollicitum</span> <span class='ocrx_word' id='word_1_119' title='bbox 675 2006 752 2093; x_wconf 87' lang='lat' dir='ltr'>post</span> <span class='ocrx_word' id='word_1_120' title='bbox 762 1998 876 2071; x_wconf 89' lang='lat' dir='ltr'>Deum</span> <span class='ocrx_word' id='word_1_121' title='bbox 890 2019 1034 2070; x_wconf 91' lang='lat' dir='ltr'>currere</span> <span class='ocrx_word' id='word_1_122' title='bbox 1046 1994 1187 2070; x_wconf 85' lang='lat' dir='ltr'>facitex</span> <span class='ocrx_word' id='word_1_123' title='bbox 1200 2005 1349 2093; x_wconf 90' lang='lat' dir='ltr'>utroque</span> <span class='ocrx_word' id='word_1_124' title='bbox 1362 2019 1449 2070; x_wconf 87' lang='lat' dir='ltr'>sexu</span> <span class='ocrx_word' id='word_1_125' title='bbox 1463 2018 1521 2093; x_wconf 90' lang='lat' dir='ltr'>po·</span> 
     </span>
     <span class='ocr_line' id='line_1_16' title="bbox 299 2107 1520 2206; baseline 0.001 -25"><span class='ocrx_word' id='word_1_126' title='bbox 299 2107 400 2205; x_wconf 91' lang='lat' dir='ltr'>pulos</span> <span class='ocrx_word' id='word_1_127' title='bbox 416 2107 566 2183; x_wconf 83' lang='lat' dir='ltr'>diversae</span> <span class='ocrx_word' id='word_1_128' title='bbox 578 2108 815 2206; x_wconf 89' lang='lat' dir='ltr'>professionis,</span> <span class='ocrx_word' id='word_1_129' title='bbox 828 2108 1046 2184; x_wconf 89' lang='lat' dir='ltr'>condicionis</span> <span class='ocrx_word' id='word_1_130' title='bbox 1058 2118 1094 2183; x_wconf 93' lang='lat' dir='ltr'>et</span> <span class='ocrx_word' id='word_1_131' title='bbox 1107 2109 1214 2184; x_wconf 88' lang='lat' dir='ltr'>etatis</span> <span class='ocrx_word' id='word_1_132' title='bbox 1226 2108 1439 2185; x_wconf 87' lang='lat' dir='ltr'>catervatim</span> <span class='ocrx_word' id='word_1_133' title='bbox 1454 2111 1520 2182; x_wconf 80' lang='lat' dir='ltr'>Do</span> 
     </span>
     <span class='ocr_line' id='line_1_17' title="bbox 299 2220 1520 2322; baseline 0.002 -30"><span class='ocrx_word' id='word_1_134' title='bbox 299 2220 395 2296; x_wconf 91' lang='lat' dir='ltr'>mino</span> <span class='ocrx_word' id='word_1_135' title='bbox 412 2245 477 2296; x_wconf 90' lang='lat' dir='ltr'>suo</span> <span class='ocrx_word' id='word_1_136' title='bbox 492 2247 600 2322; x_wconf 91' lang='lat' dir='ltr'>super</span> <span class='ocrx_word' id='word_1_137' title='bbox 615 2222 733 2297; x_wconf 89' lang='lat' dir='ltr'>omnia</span> <span class='ocrx_word' id='word_1_138' title='bbox 745 2223 836 2298; x_wconf 92' lang='lat' dir='ltr'>bona</span> <span class='ocrx_word' id='word_1_139' title='bbox 849 2221 962 2320; x_wconf 87' lang='lat' dir='ltr'>ipsius</span> <span class='ocrx_word' id='word_1_140' title='bbox 974 2222 1246 2298; x_wconf 87' lang='lat' dir='ltr'>constituendus</span> <span class='ocrx_word' id='word_1_141' title='bbox 1260 2222 1369 2298; x_wconf 88' lang='lat' dir='ltr'>ducit.</span> <span class='ocrx_word' id='word_1_142' title='bbox 1383 2222 1421 2296; x_wconf 84' lang='lat' dir='ltr'>Si</span> <span class='ocrx_word' id='word_1_143' title='bbox 1435 2244 1520 2296; x_wconf 92' lang='lat' dir='ltr'>vero</span> 
     </span>
     <span class='ocr_line' id='line_1_18' title="bbox 297 2334 1520 2436; baseline 0.004 -29"><span class='ocrx_word' id='word_1_144' title='bbox 297 2343 410 2409; x_wconf 85' lang='lat' dir='ltr'>suaet</span> <span class='ocrx_word' id='word_1_145' title='bbox 426 2335 594 2410; x_wconf 80' lang='lat' dir='ltr'>fraternae</span> <span class='ocrx_word' id='word_1_146' title='bbox 611 2334 739 2409; x_wconf 90' lang='lat' dir='ltr'>salutis</span> <span class='ocrx_word' id='word_1_147' title='bbox 751 2335 962 2432; x_wconf 80' lang='lat' dir='ltr'>neglegens,</span> <span class='ocrx_word' id='word_1_148' title='bbox 975 2336 1253 2436; x_wconf 90' lang='lat' dir='ltr'>deprehenditur</span> <span class='ocrx_word' id='word_1_149' title='bbox 1264 2335 1406 2412; x_wconf 87' lang='lat' dir='ltr'>inutilis</span> <span class='ocrx_word' id='word_1_150' title='bbox 1419 2345 1455 2412; x_wconf 94' lang='lat' dir='ltr'>et</span> <span class='ocrx_word' id='word_1_151' title='bbox 1467 2361 1520 2412; x_wconf 89' lang='lat' dir='ltr'>re-</span> 
     </span>
     <span class='ocr_line' id='line_1_19' title="bbox 298 2446 1517 2548; baseline 0.004 -28"><span class='ocrx_word' id='word_1_152' title='bbox 298 2446 431 2520; x_wconf 89' lang='lat' dir='ltr'>missus</span> <span class='ocrx_word' id='word_1_153' title='bbox 446 2446 484 2519; x_wconf 92' lang='lat' dir='ltr'>in</span> <span class='ocrx_word' id='word_1_154' title='bbox 502 2447 666 2544; x_wconf 88' lang='lat' dir='ltr'>operibus</span> <span class='ocrx_word' id='word_1_155' title='bbox 679 2447 765 2537; x_wconf 91' lang='lat' dir='ltr'>suis,</span> <span class='ocrx_word' id='word_1_156' title='bbox 778 2457 814 2522; x_wconf 91' lang='lat' dir='ltr'>et</span> <span class='ocrx_word' id='word_1_157' title='bbox 827 2448 973 2548; x_wconf 89' lang='lat' dir='ltr'>iusuper</span> <span class='ocrx_word' id='word_1_158' title='bbox 985 2478 1006 2525; x_wconf 93' lang='lat' dir='ltr'>a</span> <span class='ocrx_word' id='word_1_159' title='bbox 1019 2452 1109 2527; x_wconf 91' lang='lat' dir='ltr'>bono</span> <span class='ocrx_word' id='word_1_160' title='bbox 1120 2451 1325 2527; x_wconf 88' lang='lat' dir='ltr'>taciturnus</span> <span class='ocrx_word' id='word_1_161' title='bbox 1338 2452 1431 2548; x_wconf 95' lang='lat' dir='ltr'>quod</span> <span class='ocrx_word' id='word_1_162' title='bbox 1444 2476 1517 2525; x_wconf 88' lang='lat' dir='ltr'>ma·</span> 
     </span>
     <span class='ocr_line' id='line_1_20' title="bbox 295 2561 1515 2662; baseline 0.003 -28"><span class='ocrx_word' id='word_1_163' title='bbox 295 2561 356 2657; x_wconf 83' lang='lat' dir='ltr'>gis</span> <span class='ocrx_word' id='word_1_164' title='bbox 372 2561 479 2637; x_wconf 90' lang='lat' dir='ltr'>officii</span> <span class='ocrx_word' id='word_1_165' title='bbox 496 2561 564 2637; x_wconf 87' lang='lat' dir='ltr'>sibi</span> <span class='ocrx_word' id='word_1_166' title='bbox 582 2573 618 2638; x_wconf 90' lang='lat' dir='ltr'>et</span> <span class='ocrx_word' id='word_1_167' title='bbox 634 2562 809 2652; x_wconf 91' lang='lat' dir='ltr'>omuibus,</span> <span class='ocrx_word' id='word_1_168' title='bbox 826 2563 1061 2640; x_wconf 90' lang='lat' dir='ltr'>nibilominus</span> <span class='ocrx_word' id='word_1_169' title='bbox 1078 2563 1357 2641; x_wconf 88' lang='lat' dir='ltr'>innumerabiles</span> <span class='ocrx_word' id='word_1_170' title='bbox 1369 2563 1515 2662; x_wconf 86' lang='lat' dir='ltr'>populos</span> 
     </span>
     <span class='ocr_line' id='line_1_21' title="bbox 297 2676 1519 2777; baseline 0.002 -26"><span class='ocrx_word' id='word_1_171' title='bbox 297 2676 509 2752; x_wconf 88' lang='lat' dir='ltr'>catervatim</span> <span class='ocrx_word' id='word_1_172' title='bbox 528 2701 649 2752; x_wconf 88' lang='lat' dir='ltr'>secum</span> <span class='ocrx_word' id='word_1_173' title='bbox 668 2676 768 2752; x_wconf 88' lang='lat' dir='ltr'>ducit</span> <span class='ocrx_word' id='word_1_174' title='bbox 784 2678 898 2776; x_wconf 89' lang='lat' dir='ltr'>primo</span> <span class='ocrx_word' id='word_1_175' title='bbox 920 2678 1096 2776; x_wconf 90' lang='lat' dir='ltr'>mancipio</span> <span class='ocrx_word' id='word_1_176' title='bbox 1120 2678 1307 2775; x_wconf 83' lang='lat' dir='ltr'>gehennae,</span> <span class='ocrx_word' id='word_1_177' title='bbox 1333 2704 1418 2754; x_wconf 91' lang='lat' dir='ltr'>cum</span> <span class='ocrx_word' id='word_1_178' title='bbox 1443 2678 1519 2777; x_wconf 90' lang='lat' dir='ltr'>ipso</span> 
     </span>
     <span class='ocr_line' id='line_1_22' title="bbox 296 2789 1517 2892; baseline 0.007 -31"><span class='ocrx_word' id='word_1_179' title='bbox 296 2789 415 2887; x_wconf 83' lang='lat' dir='ltr'>plagis</span> <span class='ocrx_word' id='word_1_180' title='bbox 435 2790 558 2865; x_wconf 88' lang='lat' dir='ltr'>multis</span> <span class='ocrx_word' id='word_1_181' title='bbox 575 2791 612 2864; x_wconf 93' lang='lat' dir='ltr'>iu</span> <span class='ocrx_word' id='word_1_182' title='bbox 630 2800 803 2866; x_wconf 79' lang='lat' dir='ltr'>aeternum</span> <span class='ocrx_word' id='word_1_183' title='bbox 822 2792 1070 2891; x_wconf 89' lang='lat' dir='ltr'>vapulaturus.</span> <span class='ocrx_word' id='word_1_184' title='bbox 1087 2792 1201 2869; x_wconf 85' lang='lat' dir='ltr'>Cuius</span> <span class='ocrx_word' id='word_1_185' title='bbox 1214 2792 1351 2892; x_wconf 86' lang='lat' dir='ltr'>palmas</span> <span class='ocrx_word' id='word_1_186' title='bbox 1364 2793 1447 2869; x_wconf 89' lang='lat' dir='ltr'>istic</span> <span class='ocrx_word' id='word_1_187' title='bbox 1464 2817 1517 2869; x_wconf 88' lang='lat' dir='ltr'>re·</span> 
     </span>
     <span class='ocr_line' id='line_1_23' title="bbox 296 2903 1518 3005; baseline 0.002 -28"><span class='ocrx_word' id='word_1_188' title='bbox 296 2903 474 3001; x_wconf 83' lang='lat' dir='ltr'>darguere</span> <span class='ocrx_word' id='word_1_189' title='bbox 491 2903 677 3002; x_wconf 80' lang='lat' dir='ltr'>praesumit</span> <span class='ocrx_word' id='word_1_190' title='bbox 695 2904 899 2979; x_wconf 84' lang='lat' dir='ltr'>mortalium</span> <span class='ocrx_word' id='word_1_191' title='bbox 915 2906 1050 2996; x_wconf 89' lang='lat' dir='ltr'>nullus,</span> <span class='ocrx_word' id='word_1_192' title='bbox 1067 2907 1317 3005; x_wconf 80' lang='lat' dir='ltr'>quia&#39;cunotos</span> <span class='ocrx_word' id='word_1_193' title='bbox 1335 2908 1410 3005; x_wconf 87' lang='lat' dir='ltr'>ipse</span> <span class='ocrx_word' id='word_1_194' title='bbox 1428 2905 1518 2981; x_wconf 92' lang='lat' dir='ltr'>iudi·</span> 
     </span>
     <span class='ocr_line' id='line_1_24' title="bbox 296 3016 1516 3117; baseline -0.002 -23"><span class='ocrx_word' id='word_1_195' title='bbox 296 3029 456 3107; x_wconf 84' lang='lat' dir='ltr'>caturus,</span> <span class='ocrx_word' id='word_1_196' title='bbox 472 3042 493 3090; x_wconf 90' lang='lat' dir='ltr'>a</span> <span class='ocrx_word' id='word_1_197' title='bbox 509 3017 653 3092; x_wconf 90' lang='lat' dir='ltr'>nemine</span> <span class='ocrx_word' id='word_1_198' title='bbox 670 3027 725 3093; x_wconf 90' lang='lat' dir='ltr'>est</span> <span class='ocrx_word' id='word_1_199' title='bbox 741 3016 965 3107; x_wconf 92' lang='lat' dir='ltr'>iudicandus,</span> <span class='ocrx_word' id='word_1_200' title='bbox 983 3019 1054 3092; x_wconf 92' lang='lat' dir='ltr'>nisi</span> <span class='ocrx_word' id='word_1_201' title='bbox 1080 3019 1168 3094; x_wconf 84' lang='lat' dir='ltr'>forte</span> <span class='ocrx_word' id='word_1_202' title='bbox 1186 3018 1471 3117; x_wconf 86' lang='lat' dir='ltr'>deprehendatur</span> <span class='ocrx_word' id='word_1_203' title='bbox 1494 3043 1516 3092; x_wconf 93' lang='lat' dir='ltr'>a</span> 
     </span>
     <span class='ocr_line' id='line_1_25' title="bbox 295 3131 1517 3230; baseline 0 -23"><span class='ocrx_word' id='word_1_204' title='bbox 295 3132 512 3208; x_wconf 89' lang='lat' dir='ltr'>fidedevius.</span> <span class='ocrx_word' id='word_1_205' title='bbox 525 3134 594 3206; x_wconf 88' lang='lat' dir='ltr'>Pro</span> <span class='ocrx_word' id='word_1_206' title='bbox 607 3131 712 3206; x_wconf 91' lang='lat' dir='ltr'>cuius</span> <span class='ocrx_word' id='word_1_207' title='bbox 725 3141 1001 3230; x_wconf 85' lang='lat' dir='ltr'>perpetuostatu</span> <span class='ocrx_word' id='word_1_208' title='bbox 1014 3131 1233 3208; x_wconf 84' lang='lat' dir='ltr'>universitas</span> <span class='ocrx_word' id='word_1_209' title='bbox 1246 3133 1404 3207; x_wconf 91' lang='lat' dir='ltr'>fidelium</span> <span class='ocrx_word' id='word_1_210' title='bbox 1417 3140 1517 3207; x_wconf 89' lang='lat' dir='ltr'>tauto</span> 
     </span>
     <span class='ocr_line' id='line_1_26' title="bbox 294 3243 1517 3343; baseline 0.002 -25"><span class='ocrx_word' id='word_1_211' title='bbox 294 3246 490 3321; x_wconf 83' lang='lat' dir='ltr'>instantius</span> <span class='ocrx_word' id='word_1_212' title='bbox 506 3255 595 3334; x_wconf 88' lang='lat' dir='ltr'>orat,</span> <span class='ocrx_word' id='word_1_213' title='bbox 615 3245 749 3343; x_wconf 88' lang='lat' dir='ltr'>quanto</span> <span class='ocrx_word' id='word_1_214' title='bbox 765 3269 867 3319; x_wconf 90' lang='lat' dir='ltr'>suam</span> <span class='ocrx_word' id='word_1_215' title='bbox 886 3243 1039 3320; x_wconf 87' lang='lat' dir='ltr'>salutem</span> <span class='ocrx_word' id='word_1_216' title='bbox 1057 3255 1135 3342; x_wconf 89' lang='lat' dir='ltr'>post</span> <span class='ocrx_word' id='word_1_217' title='bbox 1152 3248 1269 3320; x_wconf 92' lang='lat' dir='ltr'>Deum</span> <span class='ocrx_word' id='word_1_218' title='bbox 1286 3269 1331 3320; x_wconf 88' lang='lat' dir='ltr'>ex</span> <span class='ocrx_word' id='word_1_219' title='bbox 1348 3244 1447 3320; x_wconf 88' lang='lat' dir='ltr'>illius</span> <span class='ocrx_word' id='word_1_220' title='bbox 1464 3246 1517 3320; x_wconf 90' lang='lat' dir='ltr'>in·</span> 
     </span>
     <span class='ocr_line' id='line_1_27' title="bbox 293 3357 1513 3458; baseline -0.002 -22"><span class='ocrx_word' id='word_1_221' title='bbox 293 3358 501 3436; x_wconf 87' lang='lat' dir='ltr'>columitato</span> <span class='ocrx_word' id='word_1_222' title='bbox 517 3357 629 3432; x_wconf 90' lang='lat' dir='ltr'>animi</span> <span class='ocrx_word' id='word_1_223' title='bbox 646 3358 885 3432; x_wconf 90' lang='lat' dir='ltr'>advertuntur</span> <span class='ocrx_word' id='word_1_224' title='bbox 897 3357 1106 3458; x_wconf 89' lang='lat' dir='ltr'>propensius</span> <span class='ocrx_word' id='word_1_225' title='bbox 1119 3357 1281 3456; x_wconf 88' lang='lat' dir='ltr'>pendere.</span> <span class='ocrx_word' id='word_1_226' title='bbox 1295 3358 1403 3433; x_wconf 89' lang='lat' dir='ltr'>Salvo</span> <span class='ocrx_word' id='word_1_227' title='bbox 1416 3358 1513 3433; x_wconf 89' lang='lat' dir='ltr'>euim</span> 
     </span>
     <span class='ocr_line' id='line_1_28' title="bbox 295 3469 1516 3570; baseline 0.002 -24"><span class='ocrx_word' id='word_1_228' title='bbox 295 3472 427 3546; x_wconf 80' lang='lat' dir='ltr'>divinae</span> <span class='ocrx_word' id='word_1_229' title='bbox 443 3469 707 3568; x_wconf 80' lang='lat' dir='ltr'>omnipotentiae</span> <span class='ocrx_word' id='word_1_230' title='bbox 726 3470 898 3569; x_wconf 82' lang='lat' dir='ltr'>mysterio</span> <span class='ocrx_word' id='word_1_231' title='bbox 911 3481 952 3545; x_wconf 89' lang='lat' dir='ltr'>ut</span> <span class='ocrx_word' id='word_1_232' title='bbox 964 3471 1115 3567; x_wconf 85' lang='lat' dir='ltr'>dignum</span> <span class='ocrx_word' id='word_1_233' title='bbox 1134 3480 1199 3560; x_wconf 90' lang='lat' dir='ltr'>est,</span> <span class='ocrx_word' id='word_1_234' title='bbox 1215 3471 1292 3548; x_wconf 91' lang='lat' dir='ltr'>loco</span> <span class='ocrx_word' id='word_1_235' title='bbox 1308 3471 1447 3570; x_wconf 89' lang='lat' dir='ltr'>abipsa</span> <span class='ocrx_word' id='word_1_236' title='bbox 1464 3497 1516 3548; x_wconf 87' lang='lat' dir='ltr'>se·</span> 
     </span>
     <span class='ocr_line' id='line_1_29' title="bbox 293 3581 1516 3683; baseline 0 -22"><span class='ocrx_word' id='word_1_237' title='bbox 293 3584 410 3661; x_wconf 89' lang='lat' dir='ltr'>cundo</span> <span class='ocrx_word' id='word_1_238' title='bbox 433 3583 524 3657; x_wconf 93' lang='lat' dir='ltr'>illud</span> <span class='ocrx_word' id='word_1_239' title='bbox 547 3581 643 3659; x_wconf 90' lang='lat' dir='ltr'>beati</span> <span class='ocrx_word' id='word_1_240' title='bbox 668 3605 738 3657; x_wconf 92' lang='lat' dir='ltr'>non</span> <span class='ocrx_word' id='word_1_241' title='bbox 756 3583 954 3680; x_wconf 83' lang='lat' dir='ltr'>incongrue</span> <span class='ocrx_word' id='word_1_242' title='bbox 974 3585 1089 3683; x_wconf 88' lang='lat' dir='ltr'>aptari</span> <span class='ocrx_word' id='word_1_243' title='bbox 1112 3595 1245 3661; x_wconf 77' lang='lat' dir='ltr'>sanctae</span> <span class='ocrx_word' id='word_1_244' title='bbox 1266 3589 1433 3661; x_wconf 76' lang='lat' dir='ltr'>Romano</span> <span class='ocrx_word' id='word_1_245' title='bbox 1450 3590 1516 3662; x_wconf 85' lang='lat' dir='ltr'>Eo·</span> 
     </span>
     <span class='ocr_line' id='line_1_30' title="bbox 293 3696 1516 3796; baseline 0 -22"><span class='ocrx_word' id='word_1_246' title='bbox 293 3697 412 3774; x_wconf 85' lang='lat' dir='ltr'>clesise</span> <span class='ocrx_word' id='word_1_247' title='bbox 429 3705 554 3796; x_wconf 82' lang='lat' dir='ltr'>potest</span> <span class='ocrx_word' id='word_1_248' title='bbox 571 3696 609 3769; x_wconf 87' lang='lat' dir='ltr'>Si</span> <span class='ocrx_word' id='word_1_249' title='bbox 627 3696 850 3772; x_wconf 78' lang='lat' dir='ltr'>destruxerit</span> <span class='ocrx_word' id='word_1_250' title='bbox 866 3721 969 3773; x_wconf 90' lang='lat' dir='ltr'>nemo</span> <span class='ocrx_word' id='word_1_251' title='bbox 985 3708 1040 3773; x_wconf 90' lang='lat' dir='ltr'>est</span> <span class='ocrx_word' id='word_1_252' title='bbox 1052 3698 1114 3796; x_wconf 91' lang='lat' dir='ltr'>qui</span> <span class='ocrx_word' id='word_1_253' title='bbox 1127 3699 1285 3777; x_wconf 81' lang='lat' dir='ltr'>aedificet.</span> <span class='ocrx_word' id='word_1_254' title='bbox 1298 3702 1345 3774; x_wconf 86' lang='lat' dir='ltr'>Et</span> <span class='ocrx_word' id='word_1_255' title='bbox 1356 3699 1387 3775; x_wconf 92' lang='lat' dir='ltr'>si</span> <span class='ocrx_word' id='word_1_256' title='bbox 1400 3699 1516 3776; x_wconf 89' lang='lat' dir='ltr'>iuclu-</span> 
     </span>
     <span class='ocr_line' id='line_1_31' title="bbox 293 3810 1515 3912; baseline 0 -24"><span class='ocrx_word' id='word_1_257' title='bbox 293 3813 382 3890; x_wconf 90' lang='lat' dir='ltr'>serit</span> <span class='ocrx_word' id='word_1_258' title='bbox 397 3812 577 3889; x_wconf 90' lang='lat' dir='ltr'>hominem</span> <span class='ocrx_word' id='word_1_259' title='bbox 595 3810 719 3886; x_wconf 88' lang='lat' dir='ltr'>nullus</span> <span class='ocrx_word' id='word_1_260' title='bbox 737 3822 792 3888; x_wconf 90' lang='lat' dir='ltr'>est</span> <span class='ocrx_word' id='word_1_261' title='bbox 809 3813 871 3910; x_wconf 91' lang='lat' dir='ltr'>qui</span> <span class='ocrx_word' id='word_1_262' title='bbox 888 3810 1024 3908; x_wconf 88' lang='lat' dir='ltr'>aperiat</span> <span class='ocrx_word' id='word_1_263' title='bbox 1044 3811 1087 3885; x_wconf 88' lang='lat' dir='ltr'>ei.</span> <span class='ocrx_word' id='word_1_264' title='bbox 1105 3811 1144 3886; x_wconf 89' lang='lat' dir='ltr'>si</span> <span class='ocrx_word' id='word_1_265' title='bbox 1161 3812 1379 3888; x_wconf 88' lang='lat' dir='ltr'>continuerit</span> <span class='ocrx_word' id='word_1_266' title='bbox 1402 3837 1515 3912; x_wconf 87' lang='lat' dir='ltr'>aquas</span> 
     </span>
     <span class='ocr_line' id='line_1_32' title="bbox 292 3923 1513 4002; baseline -0.002 0"><span class='ocrx_word' id='word_1_267' title='bbox 292 3927 412 4002; x_wconf 88' lang='lat' dir='ltr'>omnia</span> <span class='ocrx_word' id='word_1_268' title='bbox 430 3925 671 4002; x_wconf 85' lang='lat' dir='ltr'>siccabuntur.</span> <span class='ocrx_word' id='word_1_269' title='bbox 689 3928 735 4000; x_wconf 86' lang='lat' dir='ltr'>Et</span> <span class='ocrx_word' id='word_1_270' title='bbox 752 3926 782 4000; x_wconf 93' lang='lat' dir='ltr'>si</span> <span class='ocrx_word' id='word_1_271' title='bbox 801 3925 961 4002; x_wconf 90' lang='lat' dir='ltr'>emiserit</span> <span class='ocrx_word' id='word_1_272' title='bbox 976 3949 1054 3999; x_wconf 89' lang='lat' dir='ltr'>earn</span> <span class='ocrx_word' id='word_1_273' title='bbox 1072 3923 1284 4000; x_wconf 89' lang='lat' dir='ltr'>subvertent</span> <span class='ocrx_word' id='word_1_274' title='bbox 1308 3925 1345 3998; x_wconf 94' lang='lat' dir='ltr'>iu</span> <span class='ocrx_word' id='word_1_275' title='bbox 1365 3934 1513 4001; x_wconf 87' lang='lat' dir='ltr'>terram.</span> 
     </span>
     <span class='ocr_line' id='line_1_33' title="bbox 292 4038 1514 4138; baseline 0 -24"><span class='ocrx_word' id='word_1_276' title='bbox 292 4043 370 4116; x_wconf 91' lang='lat' dir='ltr'>Nec</span> <span class='ocrx_word' id='word_1_277' title='bbox 387 4040 554 4116; x_wconf 87' lang='lat' dir='ltr'>inmerito</span> <span class='ocrx_word' id='word_1_278' title='bbox 570 4064 654 4116; x_wconf 90' lang='lat' dir='ltr'>cum</span> <span class='ocrx_word' id='word_1_279' title='bbox 672 4040 749 4137; x_wconf 88' lang='lat' dir='ltr'>ipsa</span> <span class='ocrx_word' id='word_1_280' title='bbox 766 4040 958 4138; x_wconf 86' lang='lat' dir='ltr'>specialius</span> <span class='ocrx_word' id='word_1_281' title='bbox 975 4039 1013 4111; x_wconf 92' lang='lat' dir='ltr'>in</span> <span class='ocrx_word' id='word_1_282' title='bbox 1031 4040 1136 4113; x_wconf 87' lang='lat' dir='ltr'>Petro</span> <span class='ocrx_word' id='word_1_283' title='bbox 1161 4038 1247 4113; x_wconf 79' lang='lat' dir='ltr'>caelo</span> <span class='ocrx_word' id='word_1_284' title='bbox 1271 4047 1437 4136; x_wconf 87' lang='lat' dir='ltr'>terreque</span> <span class='ocrx_word' id='word_1_285' title='bbox 1462 4063 1514 4114; x_wconf 90' lang='lat' dir='ltr'>re-</span> 
     </span>
     <span class='ocr_line' id='line_1_34' title="bbox 292 4150 1514 4249; baseline -0.003 -20"><span class='ocrx_word' id='word_1_286' title='bbox 292 4162 407 4230; x_wconf 85' lang='lat' dir='ltr'>tentet</span> <span class='ocrx_word' id='word_1_287' title='bbox 422 4154 591 4242; x_wconf 86' lang='lat' dir='ltr'>habenas,</span> <span class='ocrx_word' id='word_1_288' title='bbox 603 4152 680 4229; x_wconf 83' lang='lat' dir='ltr'>haec</span> <span class='ocrx_word' id='word_1_289' title='bbox 693 4179 777 4229; x_wconf 91' lang='lat' dir='ltr'>cum</span> <span class='ocrx_word' id='word_1_290' title='bbox 790 4154 949 4245; x_wconf 82' lang='lat' dir='ltr'>omnium</span> <span class='ocrx_word' id='word_1_291' title='bbox 964 4151 1122 4227; x_wconf 88' lang='lat' dir='ltr'>fidelium</span> <span class='ocrx_word' id='word_1_292' title='bbox 1136 4151 1174 4225; x_wconf 89' lang='lat' dir='ltr'>in</span> <span class='ocrx_word' id='word_1_293' title='bbox 1188 4150 1332 4228; x_wconf 82' lang='lat' dir='ltr'>Christo</span> <span class='ocrx_word' id='word_1_294' title='bbox 1348 4150 1514 4249; x_wconf 86' lang='lat' dir='ltr'>specialis</span> 
     </span>
     <span class='ocr_line' id='line_1_35' title="bbox 291 4264 1513 4364; baseline -0.003 -21"><span class='ocrx_word' id='word_1_295' title='bbox 291 4269 340 4343; x_wconf 86' lang='lat' dir='ltr'>sit</span> <span class='ocrx_word' id='word_1_296' title='bbox 358 4286 483 4358; x_wconf 82' lang='lat' dir='ltr'>mater,</span> <span class='ocrx_word' id='word_1_297' title='bbox 500 4292 604 4345; x_wconf 92' lang='lat' dir='ltr'>nemo</span> <span class='ocrx_word' id='word_1_298' title='bbox 620 4268 724 4344; x_wconf 89' lang='lat' dir='ltr'>debet</span> <span class='ocrx_word' id='word_1_299' title='bbox 741 4292 917 4343; x_wconf 89' lang='lat' dir='ltr'>rennuere</span> <span class='ocrx_word' id='word_1_300' title='bbox 935 4266 1033 4341; x_wconf 92' lang='lat' dir='ltr'>illius</span> <span class='ocrx_word' id='word_1_301' title='bbox 1051 4265 1152 4340; x_wconf 88' lang='lat' dir='ltr'>feriri</span> <span class='ocrx_word' id='word_1_302' title='bbox 1177 4264 1376 4364; x_wconf 89' lang='lat' dir='ltr'>disciplina,</span> <span class='ocrx_word' id='word_1_303' title='bbox 1400 4264 1459 4341; x_wconf 91' lang='lat' dir='ltr'>vel</span> <span class='ocrx_word' id='word_1_304' title='bbox 1478 4288 1513 4339; x_wconf 90' lang='lat' dir='ltr'>e·</span> 
     </span>
     <span class='ocr_line' id='line_1_36' title="bbox 290 4377 1513 4478; baseline -0.002 -24"><span class='ocrx_word' id='word_1_305' title='bbox 290 4381 451 4457; x_wconf 82' lang='lat' dir='ltr'>mandari</span> <span class='ocrx_word' id='word_1_306' title='bbox 470 4406 634 4469; x_wconf 90' lang='lat' dir='ltr'>censura,</span> <span class='ocrx_word' id='word_1_307' title='bbox 651 4381 752 4455; x_wconf 86' lang='lat' dir='ltr'>iuxta</span> <span class='ocrx_word' id='word_1_308' title='bbox 770 4379 833 4454; x_wconf 89' lang='lat' dir='ltr'>illa</span> <span class='ocrx_word' id='word_1_309' title='bbox 851 4378 1037 4478; x_wconf 88' lang='lat' dir='ltr'>proverbia</span> <span class='ocrx_word' id='word_1_310' title='bbox 1056 4377 1263 4453; x_wconf 88' lang='lat' dir='ltr'>Salomonis.</span> <span class='ocrx_word' id='word_1_311' title='bbox 1280 4382 1335 4454; x_wconf 90' lang='lat' dir='ltr'>Ne</span> <span class='ocrx_word' id='word_1_312' title='bbox 1351 4378 1513 4453; x_wconf 90' lang='lat' dir='ltr'>dimittas</span> 
     </span>
    </p>
   </div>
   <div class='ocr_carea' id='block_1_3' title="bbox 289 4492 1512 4663">
    <p class='ocr_par' dir='ltr' id='par_1_3' title="bbox 289 4492 1512 4663">
     <span class='ocr_line' id='line_1_37' title="bbox 289 4492 1512 4591; baseline -0.001 -24"><span class='ocrx_word' id='word_1_313' title='bbox 289 4492 408 4591; x_wconf 84' lang='lat' dir='ltr'>legem</span> <span class='ocrx_word' id='word_1_314' title='bbox 427 4496 553 4569; x_wconf 87' lang='lat' dir='ltr'>matris</span> <span class='ocrx_word' id='word_1_315' title='bbox 569 4504 653 4584; x_wconf 82' lang='lat' dir='ltr'>tum,</span> <span class='ocrx_word' id='word_1_316' title='bbox 670 4495 745 4591; x_wconf 81' lang='lat' dir='ltr'>liga</span> <span class='ocrx_word' id='word_1_317' title='bbox 766 4519 844 4575; x_wconf 81' lang='lat' dir='ltr'>eam</span> <span class='ocrx_word' id='word_1_318' title='bbox 863 4494 901 4566; x_wconf 92' lang='lat' dir='ltr'>in</span> <span class='ocrx_word' id='word_1_319' title='bbox 918 4492 1022 4569; x_wconf 89' lang='lat' dir='ltr'>corde</span> <span class='ocrx_word' id='word_1_320' title='bbox 1040 4500 1101 4565; x_wconf 92' lang='lat' dir='ltr'>tuo</span> <span class='ocrx_word' id='word_1_321' title='bbox 1118 4492 1263 4588; x_wconf 80' lang='lat' dir='ltr'>iugiter.</span> <span class='ocrx_word' id='word_1_322' title='bbox 1280 4492 1356 4581; x_wconf 81' lang='lat' dir='ltr'>Qui‘</span> <span class='ocrx_word' id='word_1_323' title='bbox 1367 4493 1463 4568; x_wconf 89' lang='lat' dir='ltr'>euim</span> <span class='ocrx_word' id='word_1_324' title='bbox 1476 4517 1512 4566; x_wconf 90' lang='lat' dir='ltr'>a·</span> 
     </span>
     <span class='ocr_line' id='line_1_38' title="bbox 770 4605 1328 4663; baseline -0.004 1"><span class='ocrx_word' id='word_1_325' title='bbox 770 4605 772 4608; x_wconf 68' lang='lat'>‘</span> <span class='ocrx_word' id='word_1_326' title='bbox 1298 4610 1328 4663; x_wconf 90' lang='lat'>11</span> 
     </span>
    </p>
   </div>
   <div class='ocr_carea' id='block_1_4' title="bbox 0 0 1808 5498">
    <p class='ocr_par' dir='ltr' id='par_1_4' title="bbox 0 0 1808 5498">
     <span class='ocr_line' id='line_1_39' title="bbox 0 0 1808 5498; baseline 0 4"><span class='ocrx_word' id='word_1_327' title='bbox 0 0 1808 5498; x_wconf 95' lang='lat' dir='ltr'> </span> 
     </span>
    </p>
   </div>
  </div>
 </body>
</html>
