3608 5498
799 395 930 459 4480
955 429 995 446 -

287 516 503 615 regulariter
519 518 738 594 examinatos
755 526 864 616 testes
880 519 1153 595 convincantur.
1172 520 1312 595 Absens
1328 542 1435 596 nemo
1459 521 1521 595 iu·
1539 518 1542 523 ’

286 631 434 707 dicetur.
450 632 601 706 Nullum
619 633 796 707 sententia
813 640 896 706 ante
921 655 985 706 suo
1009 631 1126 708 iudice
1152 634 1247 708 diota
1271 634 1519 731 constringat.

288 743 479 818 Duodecim
497 734 634 820 iudices
651 745 847 843 Episcopus
863 755 1056 819 accusatus
1080 745 1111 818 si
1137 768 1282 821 necesse
1305 755 1360 820 est
1383 734 1519 843 eligat.

288 857 343 930 Ad
363 880 508 931 suorum
534 856 648 956 primo
672 866 888 931 conventum
914 859 1167 955 Episcoporum
1194 883 1304 934 causa
1327 859 1518 948 audiatur,

288 967 370 1042 finis
388 992 471 1044 vero
488 969 565 1044 eius
582 993 699 1044 eausae
710 968 755 1042 ad
768 969 894 1044 Sedent
909 969 1148 1067 Apostolicam
1161 971 1351 1046 deleratur.
1364 971 1517 1046 Iudices

288 1083 505 1157 conveniant
521 1083 582 1156 ubi
599 1093 685 1157 sunt
700 1091 809 1157 testes
825 1081 1050 1178 singulorum
1069 1084 1131 1181 qui
1147 1081 1304 1180 oppressi
1321 1092 1417 1158 suut.
1441 1083 1516 1158 Oa·

289 1192 405 1268 listus.
418 1197 463 1267 >In
481 1196 707 1271 accusatione
724 1195 946 1270 sacerdotum
963 1220 1035 1285 non
1052 1196 1283 1294 recipiantur,
1299 1206 1336 1272 et
1353 1196 1390 1269 in
1412 1196 1521 1270 testi·

290 1307 405 1379 monio
422 1307 520 1381 dubii
538 1307 747 1396 habeantur,
764 1330 913 1404 quorum
932 1308 1029 1397 fides,
1041 1309 1116 1383 vita
1130 1318 1167 1382 et
1179 1307 1324 1382 libertas
1336 1307 1519 1382 nescitur.

290 1421 359 1492 Per
376 1443 638 1517 quamcumque
659 1419 874 1516 scripturam
899 1418 1144 1494 testimonium
1168 1427 1277 1493 testes
1301 1440 1371 1492 non
1395 1419 1519 1516 prose·

293 1541 386 1618 rant,
403 1555 469 1606 nec
486 1531 528 1606 de
544 1531 625 1606 aliis
642 1533 762 1607 causis
778 1532 1023 1608 testimonium
1037 1531 1173 1618 dicant,
1189 1531 1258 1604 nisi
1276 1531 1319 1605 de
1331 1530 1363 1603 is
1375 1553 1460 1628 quae
1472 1530 1517 1603 in

291 1644 480 1740 praesentia
496 1667 617 1718 eorum
637 1657 717 1720 acta
732 1669 809 1719 esse
827 1654 1034 1720 noscuntur.
1052 1644 1281 1719 Accusatoris
1292 1643 1521 1738 consangui-

292 1756 350 1831 nei
368 1757 541 1831 adversus
557 1767 742 1831 extraneos
758 1756 1002 1832 testimonium
1019 1779 1089 1830 non
1110 1755 1244 1842 dicant,
1268 1779 1335 1829 nec
1360 1753 1524 1828 familia·

292 1891 359 1947 res,
377 1867 435 1942 vel
451 1868 494 1942 de
511 1868 612 1942 domo
628 1869 850 1967 prodeuntes,
865 1894 932 1944 nec
949 1878 1173 1945 accusatores
1191 1867 1248 1943 vel
1265 1877 1374 1943 testes
1391 1892 1526 1966 suspe-

291 1980 340 2054 cti
367 1981 594 2081 recipiantur.
611 1982 801 2057 Fabianus.
822 1983 892 2070 Qui
909 2006 979 2056 non
995 1982 1199 2082 probaverit
1215 1982 1307 2081 quod
1332 1982 1523 2058 obiectam

293 2116 431 2191 penam,
448 2118 554 2192 quam
572 2095 697 2169 intulit
714 2097 789 2194 ipse
806 2095 972 2193 patiatur.
990 2097 1029 2170 Si
1045 2097 1129 2195 quis,
1147 2097 1301 2173 iudicem
1318 2097 1526 2171 adversum

293 2204 361 2278 sibi
375 2207 1386 2305 senserit,vooemappellationisexhibeat.Pulsatnsante
1399 2235 1521 2285 suum

293 2317 449 2395 iudicem
467 2347 612 2396 causam
630 2322 736 2398 dicat.
754 2326 956 2396 Accusatus
972 2345 1042 2396 non
1059 2322 1145 2396 alibi
1162 2347 1270 2420 quam
1287 2323 1325 2396 in
1351 2323 1427 2396 foro
1453 2347 1528 2398 suo

293 2431 472 2506 audiatur.
495 2433 691 2527 Peregrina
712 2432 844 2508 iudicia
869 2433 970 2507 salva
994 2433 1032 2506 in
1057 2434 1221 2508 omnibus
1245 2432 1438 2532 apostolica
1455 2458 1529 2511 au·

295 2544 458 2620 ctoritate
475 2545 714 2642 prohibemus,
727 2545 812 2641 quia
825 2544 1013 2642 indignum
1028 2553 1083 2621 est
1096 2555 1137 2619 ut
1149 2545 1193 2619 ab
1206 2545 1362 2621 externis
1378 2545 1527 2622 iudice·

294 2667 366 2744 tur,
383 2658 445 2755 qui
464 2658 700 2757 provinciales
716 2668 753 2733 et
768 2684 789 2731 a
802 2682 840 2733 se
860 2658 990 2733 electos
1009 2657 1146 2733 iudices
1162 2657 1265 2733 debet
1284 2657 1425 2745 habere,
1444 2658 1527 2734 nisi
1583 2688 1589 2696 ·

295 2769 406 2844 fuerit
417 2770 644 2868 appellatum.
657 2769 852 2845 Cornelius.
860 2768 993 2843 Nullus
1004 2768 1227 2844 sacerdotum
1244 2793 1390 2845 causam
1408 2793 1526 2846 suam

297 2881 414 2956 alieno
429 2882 622 2957 committit
639 2881 780 2970 iudicio,
797 2880 867 2954 nisi
884 2880 928 2954 ad
946 2881 1064 2955 sedem
1082 2880 1321 2978 Apostolicam
1334 2881 1448 2956 fuerit
1459 2907 1530 2982 ap·

297 2993 480 3091 pellatum.
506 2991 718 3090 Stephanus.
739 2991 914 3087 Neganda
930 3003 985 3068 est
1001 2992 1212 3080 criminatis,
1228 2993 1374 3068 licentia
1386 2994 1522 3067 crimi-

295 3107 404 3181 nandi
433 3107 642 3206 priusquam
668 3130 704 3178 se
729 3103 881 3178 crimino
905 3125 974 3201 quo
998 3112 1212 3200 premuntur
1240 3103 1390 3178 exuerit.
1417 3105 1524 3178 Infa-

297 3244 373 3293 mes
390 3245 450 3294 eas
467 3240 632 3316 personas
657 3216 821 3303 dicimus,
839 3240 908 3313 qua
926 3225 1060 3289 statuta
1081 3215 1337 3289 aecclesiastica
1361 3221 1532 3292 oontem-

295 3342 422 3430 pnunt,
431 3332 541 3418 fures,
553 3329 759 3423 sacrilegos
768 3327 982 3425 capitalibus
994 3326 1207 3403 criminibus
1220 3326 1385 3414 irretitos,
1398 3331 1529 3424 sepul·

297 3443 463 3517 chrorum
477 3442 675 3528 violatores,
688 3440 748 3538 qui
763 3439 934 3514 adversus
948 3448 1065 3536 patres
1078 3447 1275 3542 armantur,
1288 3438 1532 3531 incestuosos,

297 3554 503 3643 homicidas,
512 3554 682 3650 periuros,
695 3561 862 3650 raptores,
874 3550 1062 3640 maleficos,
1075 3552 1263 3640 veneficos,
1272 3549 1465 3640 adulteros,
1480 3553 1533 3630 de

295 3665 386 3739 bello
402 3665 596 3760 fugientes,
612 3671 648 3738 et
664 3662 726 3758 qui
743 3662 894 3758 indigna
910 3662 977 3736 sibi
990 3672 1117 3759 petunt
1130 3662 1207 3738 loca
1219 3672 1351 3751 tenore,
1364 3671 1401 3735 et
1413 3673 1458 3737 ut
1473 3664 1535 3739 fa·

297 3776 451 3852 cultates
468 3775 639 3851 aecclesia
655 3774 879 3861 abstrahunt,
895 3785 932 3850 et
957 3775 1018 3872 qui
1043 3775 1171 3850 fratres
1195 3784 1379 3861 accusant,
1395 3784 1435 3848 et
1451 3798 1536 3853 non

297 3890 456 3988 probant,
465 3899 501 3964 ot
514 3911 635 3963 omnes
648 3911 710 3986 pro
723 3886 798 3962 suis
807 3886 1002 3962 sceleribus
1014 3886 1059 3960 ab
1071 3887 1232 3962 aecclesia
1245 3884 1375 3986 pulsos,
1386 3894 1535 3984 etquos

297 4001 550 4076 ecclesiastice
565 4012 602 4076 et
618 4000 741 4075 saecnli
758 3999 858 4095 leges
875 4000 1027 4073 infames
1043 3998 1285 4096 pronuntiant,
1302 3995 1365 4071 hos
1382 4020 1457 4071 uon
1473 4022 1537 4074 or·

298 4112 399 4186 dines
415 4137 482 4186 nec
501 4136 622 4187 servos
639 4122 721 4186 ante
739 4112 950 4199 libertatem,
967 4136 1033 4186 nec
1051 4111 1223 4207 digamos,
1242 4109 1298 4185 vel
1321 4109 1382 4207 qui
1409 4112 1535 4190 curius

298 4223 471 4310 serviunt,
490 4222 547 4295 vel
566 4224 626 4320 qui
645 4247 714 4296 non
732 4232 817 4296 sunt
833 4224 968 4319 integri
982 4246 1134 4320 corpore,
1151 4232 1213 4296 aut
1226 4245 1350 4295 sanam
1367 4244 1442 4295 non
1460 4222 1534 4300 ha·

297 4333 383 4408 bent
400 4344 565 4422 mentem,
582 4335 641 4409 vel
657 4334 947 4431 intelligentiam,
963 4346 1027 4408 aut
1047 4334 1286 4409 inobedientes
1311 4343 1534 4413 sanctorum

298 4444 449 4520 decretis
461 4445 632 4536 existunt,
644 4446 847 4522 autfuriosi
860 4446 1148 4522 manifestantur.
1159 4443 1418 4519 Accusationes
1430 4468 1534 4544 quas
