3608 5498
804 392 1004 455 -460-

295 510 515 610 inhonoras?
532 515 573 586 In
591 510 674 608 lege
690 510 819 613 quippe
837 511 901 586 Dei
918 512 1082 588 sacerdos
1098 533 1169 585 non
1194 510 1363 587 inmerito
1385 510 1526 608 gloria

294 635 365 715 tur,
382 625 444 723 qui
462 625 580 701 locum
599 625 790 703 ministerii
808 624 853 699 ad
871 625 1093 722 prmdieanda
1110 625 1205 722 legis
1225 625 1393 699 mandata
1417 627 1524 701 sorti·

291 748 352 813 tus
369 748 433 814 est.
450 738 521 813 Sed
538 761 599 834 per
616 737 945 835 prevaricationem
963 738 1057 835 legis
1075 742 1189 815 Deum
1207 738 1419 814 inhonorare
1436 763 1524 814 cou-

291 851 464 938 vincitur,
484 875 567 926 cum
585 850 677 925 scita
695 849 828 947 legalia
844 853 1049 949 transgredi
1074 878 1144 929 non
1170 863 1326 929 veretur.
1352 856 1522 953 Dumque

289 964 389 1039 aliud
406 965 486 1060 agit
497 963 595 1038 aliud
609 965 788 1063 predicat,
800 975 977 1063 quantum
990 965 1028 1039 in
1042 990 1080 1040 se
1093 976 1148 1041 est
1159 988 1283 1042 ornnes
1295 965 1342 1040 ab
1353 965 1517 1042 eiusdem

291 1076 386 1173 legis
397 1078 643 1152 observatione
657 1078 851 1175 perturbat.
860 1079 964 1154 Sicut
974 1079 1147 1154 Dominus
1158 1079 1287 1156 scribis
1298 1090 1335 1157 et
1344 1080 1522 1178 phariseis

292 1190 389 1265 dicit.
408 1193 463 1265 Ve
479 1189 580 1264 vobis
592 1190 654 1288 qui
666 1191 867 1267 abstulistis
880 1190 1019 1267 clavem
1032 1192 1203 1283 scientim,
1216 1192 1278 1269 sed
1290 1193 1358 1290 ipsi
1376 1215 1447 1268 non
1464 1192 1522 1267 in·

292 1303 439 1392 troistis,
455 1313 492 1377 et
508 1302 597 1376 alios
615 1303 749 1387 intrare
767 1304 1007 1404 prohibuistis
1020 1309 1068 1381 Et
1081 1331 1206 1383 revera
1217 1332 1289 1404 qua
1301 1306 1430 1396 fronte,
1446 1330 1522 1404 qua

290 1417 467 1493 libertatis
485 1417 634 1493 audacia
651 1419 814 1494 sacerdos
832 1418 871 1493 iu
887 1418 1137 1495 dissidentium
1154 1419 1438 1496 confederatione
1459 1444 1524 1492 su-

290 1531 361 1622 det,
379 1558 463 1609 cum
484 1533 560 1631 ipse
578 1533 654 1607 suis
670 1533 849 1608 sororibus
864 1556 934 1607 non
952 1531 1142 1629 indulgeat
1155 1532 1310 1621 veniam,
1323 1532 1384 1607 scd
1395 1531 1523 1606 effera·

290 1656 351 1721 tur
368 1646 645 1744 implacabiliter
660 1647 706 1721 ad
723 1646 949 1722 vindictam?
966 1648 1064 1721 Inter
1081 1669 1205 1721 omnes
1221 1644 1400 1720 virtutum
1417 1639 1528 1740 gem?

295 1785 372 1834 mas
390 1785 480 1858 quas
498 1760 663 1835 Salvator
680 1771 800 1841 noster
815 1759 940 1835 attulit
956 1759 1045 1834 duas
1062 1758 1246 1855 insignius
1258 1756 1408 1832 rutilare
1422 1778 1522 1831 mon·

296 1874 436 1963 stravit,
445 1874 702 1971 percaritatem
717 1874 856 1951 scilicet
864 1883 901 1950 et
908 1873 1127 1972 patientiam.
1137 1875 1206 1946 Per
1218 1871 1405 1947 caritatem
1418 1894 1521 1944 uam·

292 2011 361 2085 quc
378 1987 444 2062 Dei
462 1987 558 2062 filius
574 1988 617 2062 de
634 1988 710 2063 celo
727 1988 918 2086 descendit.
937 1989 1004 2062 Per
1021 1985 1228 2086 patientiam
1254 1982 1432 2058 diabolum
1458 2007 1521 2056 su·

288 2100 437 2203 peravit.
447 2102 514 2176 His
525 2102 653 2177 muniti
669 2103 912 2178 virtutibuset
924 2101 1131 2176 fundatores
1144 2098 1303 2200 Apostoli
1315 2096 1520 2173 aecclesiam

289 2215 525 2292 condiderunt
549 2226 586 2291 et
611 2227 891 2316 propugnatores
915 2215 994 2291 eius
1018 2213 1135 2290 saneti
1161 2217 1342 2311 Martyres
1371 2210 1518 2286 diversa

287 2328 465 2427 supplicia
482 2328 720 2428 pertulerunt.
738 2328 777 2403 Si
794 2353 881 2425 ergo
898 2352 960 2425 pro
987 2327 1054 2403 fide
1080 2351 1151 2426 qua
1176 2325 1395 2402 universalis
1419 2325 1520 2402 vivit

287 2440 448 2516 ecclesia
464 2465 641 2540 nusquam
660 2441 776 2517 ferrea
792 2466 894 2515 arma
919 2441 1049 2539 corripi
1075 2440 1294 2530 conceditur,
1319 2463 1390 2538 quo
1414 2438 1520 2514 modo

289 2578 352 2653 pro
369 2552 522 2630 terrenis
539 2554 710 2630 aecclesiae
727 2555 962 2631 facultatibus
978 2554 1127 2630 loricato
1143 2554 1240 2630 acies
1256 2555 1294 2627 in
1312 2553 1433 2650 gladio
1458 2552 1521 2628 de-

288 2667 519 2744 bachantur?
535 2671 583 2743 Et
599 2669 629 2742 si
649 2669 766 2744 sancti
783 2669 855 2743 viri
872 2694 955 2745 cum
974 2666 1172 2767 praevalent
1196 2668 1372 2744 hereticos
1394 2666 1521 2765 ydolo-

291 2807 442 2881 rumque
467 2782 623 2857 cultores
648 2805 718 2855 non
744 2782 937 2880 perimunt,
961 2783 1133 2881 quomodo
1157 2807 1219 2881 pro
1244 2807 1362 2858 rerum
1384 2779 1517 2856 vilium

287 2896 503 2973 detrimento
520 2895 641 2972 fideles
658 2896 762 2972 fidem
779 2896 901 2994 gladio
922 2896 1071 2994 impetat
1096 2920 1201 2995 quem
1227 2920 1350 2971 secum
1375 2891 1518 2969 Christi

288 3011 510 3108 redemptum
527 3011 743 3106 sanguinem
761 3034 832 3084 non
857 3010 1028 3107 ignorat?
1053 3011 1110 3086 Ad
1134 3010 1201 3087 hoc
1225 3009 1256 3085 si
1282 3008 1364 3108 quis
1384 3006 1520 3085 obiciat

289 3123 429 3200 bellicis
446 3123 572 3199 usibus
596 3123 734 3200 leonem
758 3124 966 3222 frequenter
990 3149 1028 3199 se
1052 3123 1275 3222 implicuisse
1301 3122 1519 3222 pontificem,

292 3249 541 3314 verumtamen
558 3248 725 3314 sanctum
742 3263 830 3327 esse,
847 3238 925 3315 dico
941 3239 1034 3336 quod
1051 3238 1176 3328 sentio,
1190 3237 1357 3337 quoniam
1370 3259 1438 3312 neo
1452 3238 1519 3312 Pe·

290 3360 370 3426 trus
386 3352 429 3426 ob
446 3350 514 3427 hoc
526 3351 758 3450 apostolicum
772 3350 907 3426 obtinet
919 3351 1160 3450 principatum
1174 3353 1259 3451 quia
1272 3350 1434 3448 negavit,
1446 3373 1519 3428 nec

289 3464 407 3539 David
423 3463 553 3540 iccirco
571 3463 774 3563 prophetice
790 3463 921 3539 meruit
941 3464 1140 3556 oraculum,
1161 3464 1247 3564 quia
1264 3465 1405 3540 thorum
1429 3461 1520 3539 alie·

291 3603 381 3652 num
398 3577 545 3668 invasit,
558 3603 640 3654 cum
655 3578 746 3654 bona
758 3578 817 3655 vel
830 3577 924 3652 mala
935 3602 1006 3654 non
1020 3602 1082 3680 pro
1095 3579 1231 3656 meritis
1243 3577 1519 3655 considerentur

289 3691 511 3780 habentium,
524 3693 586 3767 sed
597 3716 643 3767 ex
654 3692 805 3792 propriis
817 3691 967 3768 debeant
979 3692 1214 3792 qualitatibus
1227 3691 1390 3769 iudicari.
1401 3694 1521 3766 Num·

290 3806 378 3904 quid
395 3806 461 3882 hoc
479 3805 616 3903 legitur
633 3807 752 3904 egisse
769 3806 828 3882 vel
845 3805 977 3882 litteris
993 3806 1155 3882 docuisse
1172 3807 1370 3903 Gregorius
1386 3803 1449 3904 qui
1462 3813 1520 3881 tot

288 3918 480 3996 violentias
501 3945 523 3993 a
540 3919 851 4016 Langobardorum
868 3930 924 3995 est
940 3920 1083 3997 feritate
1096 3923 1312 4019 perpessus?
1328 3917 1520 4016 Numquid

291 4031 512 4108 Athanasius
528 4032 663 4107 bellum
681 4033 847 4108 Arrianis
864 4058 902 4109 se
919 4058 1093 4132 suamque
1108 4032 1299 4110 ecclesiam
1319 4029 1520 4108 crudeliter

291 4147 550 4223 infestantibus
568 4147 720 4223 intulit?
736 4146 921 4246 Numquid
937 4145 975 4220 in
991 4172 1091 4221 arma
1109 4156 1316 4222 sanctorum
1334 4143 1516 4245 quispiam

290 4260 506 4359 legationem
525 4259 761 4337 insurrexisse
780 4261 1022 4336 Pontificum?
1044 4261 1182 4336 Causas
1197 4260 1315 4357 igitur
1339 4255 1519 4335 aecclesia·

292 4374 372 4450 stici
388 4375 648 4475 cuiuscumque
666 4376 814 4472 negotii,
827 4375 926 4471 leges
938 4374 1111 4448 dirimant
1124 4373 1203 4463 sori,
1215 4373 1274 4449 vel
1287 4370 1519 4449 sacerdotalis

290 4486 405 4571 edicta
418 4486 573 4583 concilii,
581 4513 627 4566 ne
635 4488 724 4591 quid
735 4489 936 4592 gerendum
949 4497 1004 4565 est
1016 4487 1054 4565 in
1066 4482 1310 4566 tribunalibus
1323 4485 1516 4581 iudicium,
