3608 5498
818 431 856 447 -
886 396 948 461 165
974 431 1013 458 -·-.

303 541 373 592 non
394 516 578 613 elegerant
597 515 872 614 recipiebantur,
891 539 1037 589 manum
1058 515 1126 589 sibi
1150 515 1385 591 contrahebat
1409 541 1525 593 arma·

302 639 375 704 tam
400 638 438 704 et
462 627 621 704 claustra
647 652 844 717 murorum,
861 626 900 700 in
922 627 1088 703 hostilem
1107 652 1241 703 morem
1262 627 1322 703 vel
1342 628 1524 706 obsidione
1608 656 1613 680 ⁴

303 741 483 838 cingebat,
495 740 554 818 vel
564 741 797 838 aggressione
811 741 1001 832 reserabat,
1014 751 1049 816 at
1058 742 1102 816 ad
1111 742 1230 818 sedem
1244 741 1387 842 quietis,
1400 768 1524 843 pacem

303 855 554 958 praedimturos
574 880 637 955 per
654 855 746 932 bella
771 857 933 946 ducebat,
950 855 1008 931 his
1024 854 1157 930 talibus
1181 865 1218 932 et
1233 865 1359 933 contra
1380 857 1523 956 imperii

301 978 536 1065 magestatem
555 978 591 1043 ct
607 978 729 1045 contra
748 968 987 1046 reverentiam
1007 969 1218 1066 Apostolicoe
1236 969 1329 1045 sadis
1345 970 1523 1061 admissis,

302 1093 338 1160 et
351 1082 580 1180 perordinem
591 1082 690 1157 urbis
700 1086 805 1181 Papae
817 1083 1021 1180 cognitione
1034 1083 1217 1173 discussis,
1225 1094 1323 1159 certa
1337 1083 1374 1158 in
1392 1109 1473 1160 eum
1488 1096 1524 1161 ot

301 1199 343 1274 dc
356 1198 412 1272 his
425 1221 512 1296 quos
526 1196 617 1271 male
634 1197 862 1272 ordinaverat
874 1198 947 1271 lata
960 1197 1137 1272 sententia
1150 1206 1214 1271 est.
1228 1200 1274 1271 Et
1287 1207 1364 1272 erat
1377 1199 1520 1296 quidem

299 1312 376 1412 ipsa
393 1311 571 1387 sententia
589 1335 650 1409 per
667 1311 804 1386 Gallias
820 1312 929 1386 ctiam
946 1311 1023 1386 sine
1041 1310 1217 1411 imperiali
1232 1312 1414 1388 sanctione
1433 1314 1522 1387 vali-

299 1435 391 1500 tura.
409 1424 503 1514 Quid
519 1423 614 1498 eninr
632 1424 723 1499 tanti
743 1424 927 1500 Pontificis
939 1423 1146 1499 auctoritati
1163 1424 1201 1496 in
1215 1423 1378 1500 ecclesiis
1391 1450 1462 1501 non
1480 1427 1522 1500 li·

298 1542 423 1615 ceret?
440 1537 508 1613 Sed
525 1547 645 1611 nostra
662 1559 800 1635 quoque
819 1537 1005 1637 preceptio
1021 1561 1064 1615 ac
1078 1536 1167 1611 ratio
1180 1536 1354 1635 probavit,
1371 1564 1417 1614 ue
1431 1540 1521 1615 ulte·

300 1653 376 1727 rius
392 1676 459 1728 nec
472 1650 624 1749 Hylario
636 1675 741 1749 quem
755 1650 874 1726 adhue
887 1650 1102 1749 Episcopum
1115 1651 1318 1749 nuncupari
1332 1650 1406 1726 sola
1421 1679 1520 1728 man·

298 1766 391 1842 sueti
408 1764 562 1864 presulis
583 1765 759 1863 permittit
775 1765 994 1854 humanitas,
1011 1789 1076 1840 nec
1093 1764 1263 1862 cuiquam
1288 1764 1392 1839 alteri
1409 1767 1521 1842 accle-

296 1868 453 1955 siasticis
470 1879 576 1954 rebus
588 1904 689 1952 arma
705 1879 867 1967 miscere,
885 1890 949 1954 aut
965 1879 1151 1978 praeceptis
1166 1879 1315 1954 Romani
1334 1880 1521 1955 Antistitis

297 1993 450 2070 obviare.
467 1993 626 2068 Ausibus
650 1993 746 2067 enim
763 1992 896 2067 talibus
922 1992 1009 2067 fides
1026 2001 1062 2067 et
1079 1992 1281 2067 reverentia
1306 1993 1421 2067 nostri
1446 1994 1519 2070 vio·

296 2108 392 2208 latur
407 2106 558 2209 imperii.
575 2110 652 2182 Nec
668 2106 830 2183 osculum
848 2106 940 2205 quod
957 2115 1012 2181 est
1026 2105 1171 2179 maximi
1189 2105 1352 2181 criminis
1364 2131 1519 2183 summo·

296 2247 434 2298 vernus
451 2225 588 2298 Verum
606 2247 651 2296 ne
668 2220 760 2296 levis
777 2220 905 2296 saltem
924 2219 1019 2294 inter
1035 2219 1206 2295 ecclesias
1222 2218 1330 2294 turba
1346 2232 1518 2298 nascatur

295 2336 354 2412 vel
363 2337 400 2409 iu
413 2335 533 2435 aliquo
543 2335 658 2410 minui
672 2335 858 2432 religionis
870 2333 1059 2431 disciplina
1072 2333 1247 2424 videatur,
1260 2333 1330 2409 hae
1344 2335 1518 2431 perhenni

294 2451 477 2527 sanctione
502 2475 700 2539 censemus,
722 2447 870 2547 nequid
894 2456 970 2522 tam
994 2445 1167 2545 episcopis
1190 2445 1385 2543 gallicanis
1409 2472 1518 2546 quam

296 2565 450 2641 aliarum
477 2563 742 2663 provinciarum
767 2573 891 2638 contra
913 2560 1207 2636 consuetudinem
1230 2571 1387 2638 vaterem
1410 2562 1519 2640 liceat

295 2679 373 2754 sina
388 2677 603 2754 venerabilis
620 2676 690 2751 viri
704 2679 810 2774 Papae
828 2674 935 2750 Urbis
948 2683 1091 2749 aeternae
1103 2674 1317 2750 auctoritate
1330 2683 1514 2774 temptare.

295 2793 362 2868 Sed
376 2792 443 2868 hoc
460 2791 534 2866 illis
546 2791 711 2866 omnibus
728 2814 791 2890 pro
804 2790 886 2886 lege
899 2786 946 2862 sit
958 2787 1131 2887 quidquid
1143 2788 1264 2862 sanxit
1281 2788 1339 2863 vel
1356 2791 1518 2866 sanxerit

292 2904 493 3003 apostolicae
519 2904 619 2980 Sedis
643 2903 849 2995 auctoritas
867 2903 918 2976 ita
940 2910 982 2975 ut
1006 2901 1169 3001 quisquis
1193 2901 1447 3000 Episcoporum
1472 2905 1517 2980 ad

293 3019 467 3096 iudicium
476 3018 624 3094 Romani
637 3019 811 3094 antistitis
823 3028 994 3094 evocatus
1005 3018 1130 3094 venire
1142 3015 1355 3115 neglexerit,
1369 3043 1431 3117 per
1445 3043 1515 3094 mo

293 3133 509 3208 derationem
526 3132 684 3209 eiusdem
710 3133 905 3232 provincia
929 3133 1052 3209 adesse
1076 3143 1239 3229 cogatur.
1265 3133 1426 3208 Servatis
1452 3159 1514 3233 per

293 3249 412 3320 omnia
429 3270 508 3346 quae
520 3247 595 3322 divi
609 3257 776 3346 parentes
791 3248 905 3322 nostri
920 3251 1087 3322 Romanae
1099 3247 1261 3325 ecclesiae
1273 3246 1514 3324 contulerunt.

294 3362 426 3435 Datum
444 3363 531 3434 VIII
548 3360 629 3436 idus
644 3360 729 3435 Iulii
749 3364 868 3436 Romae
884 3361 1140 3437 Valentiniano
1158 3367 1336 3461 Augusto.

789 3563 1020 3648 ccxxxvu.

550 3768 599 3819 ltx
612 3766 727 3821 eodem
740 3767 917 3820 Iustiniana
930 3768 1118 3820 constitutio
1131 3768 1245 3835 prima.

384 3934 620 4028 Imperatores
644 3928 852 4019 Gratianus,
869 3930 1018 4021 Valens,
1035 3930 1250 4005 Theodosius
1268 3929 1439 4026 Augusti.
1456 3930 1513 4005 Ad

291 4042 459 4144 populum
473 4042 572 4118 urbis
585 4042 995 4141 Constantinopolitanae.
1009 4045 1167 4120 Cunctos
1184 4041 1330 4142 populos
1343 4066 1430 4141 quos
1443 4041 1513 4118 cle·

290 4157 433 4233 mentia
449 4170 579 4233 uostroe
596 4182 750 4254 regnum
766 4167 1089 4256 temperamentum
1107 4157 1144 4231 in
1162 4157 1226 4232 tali
1244 4156 1413 4231 volumus
1430 4156 1512 4231 reli·

289 4270 396 4366 gione
408 4271 557 4358 versari,
572 4295 678 4368 quam
692 4271 856 4345 divinum
874 4275 1021 4346 Petrum
1039 4271 1236 4369 apostolum
1246 4268 1434 4344 tradidisse
1447 4271 1513 4343 Ro·

291 4386 407 4460 manis
432 4384 560 4482 religio
585 4409 698 4484 usque
719 4385 838 4461 adhuc
854 4384 900 4459 ab
916 4385 991 4483 ipso
1008 4384 1191 4458 insinuata
1206 4382 1375 4472 declarat,
1388 4407 1512 4481 quam.

290 4523 359 4598 que
384 4500 592 4613 Pontificem
610 4501 804 4576 Damasum
821 4500 921 4598 sequi
938 4499 1062 4588 claret,
1073 4508 1110 4574 et
1123 4501 1270 4574 Petrum
1285 4496 1511 4574 Alexandriae
