3608 5498
802 427 843 443 -
867 394 934 458 aas
961 426 998 442 -

852 544 958 630 exn.

535 724 751 789 Hieronymus
770 723 803 774 tn
821 722 963 787 epistola
981 723 1026 777 ad
1043 724 1268 791 Nepotianum.

385 861 470 934 Esto
487 857 670 935 subiectus
687 857 845 956 pontifici
870 867 942 949 tue,
961 869 998 935 et
1014 859 1117 960 quasi
1141 858 1299 933 animam
1325 865 1510 956 parentem

289 995 381 1047 ama.
395 973 462 1048 Sed
475 981 511 1048 et
523 972 689 1072 episcopi,
701 973 900 1049 sacerdotes
914 998 952 1048 se
964 973 1082 1050 sciant
1093 997 1171 1052 esse
1182 996 1253 1048 non
1267 971 1436 1059 dominos,
1453 969 1514 1045 bo

288 1095 415 1161 nerent
432 1086 579 1163 clericos
592 1085 694 1186 quasi
707 1086 868 1176 clericos,
881 1096 923 1163 ιιι
935 1086 1004 1187 ipsi
1017 1086 1192 1187 episcopis
1208 1084 1395 1175 aclericis,
1408 1083 1515 1183 quasi·

288 1199 464 1300 episcopis
481 1200 592 1276 bonor
607 1189 799 1277 deferatur.
817 1204 969 1276 Scutum
987 1209 1042 1276 est
1066 1197 1158 1275 illud
1182 1198 1331 1276 oratoris
1355 1197 1513 1275 Domitii.

291 1315 366 1390 Cur
383 1338 470 1411 ergo
486 1314 611 1412 inquid
627 1323 662 1389 te
680 1312 829 1390 habeam
849 1321 890 1388 ut
906 1312 1115 1412 prinoipem,
1128 1337 1211 1389 cum
1229 1321 1271 1388 tu
1289 1335 1346 1386 me
1363 1333 1434 1385 non
1452 1309 1514 1385 ha·

289 1427 374 1503 beas
392 1436 433 1503 ut
449 1432 673 1504 senatorem?
686 1429 785 1515 Quod
804 1434 922 1504 Aaron
939 1436 975 1505 et
994 1426 1084 1502 filios
1100 1425 1189 1516 eius,
1200 1426 1267 1503 hoc
1284 1449 1361 1502 esse
1382 1425 1514 1522 episco

289 1566 373 1641 pum
383 1542 655 1641 etpresbyteros
668 1542 885 1618 noverimus.
894 1543 998 1618 Unus
1008 1539 1192 1630 Dominus,
1201 1564 1315 1615 unum
1326 1536 1513 1637 templum,

289 1679 403 1730 unum
430 1653 479 1728 sit
504 1654 756 1731 ministerium.
780 1654 1020 1731 Recordemur
1042 1677 1181 1751 semper
1205 1652 1298 1752 quod
1323 1649 1513 1750 Apostolus

288 1770 419 1844 Petrus
440 1767 611 1867 praecepit
634 1767 886 1844 sacerdotibus.
910 1766 1052 1843 Pascite
1075 1791 1158 1843 enm
1184 1766 1246 1866 qui
1272 1765 1310 1839 in
1336 1765 1436 1840 vobis
1459 1775 1515 1841 est

287 1903 440 1978 gregem
459 1880 612 1971 Domini,
628 1881 856 1980 providentes
873 1903 943 1955 non
961 1890 1082 1956 coacte
1100 1879 1161 1954 sed
1178 1889 1369 1978 spontanee
1387 1903 1514 1956 secun·

287 1994 372 2069 dum
387 1995 512 2083 Deum,
525 2019 640 2094 neque
657 1994 773 2093 turpis
786 1993 880 2070 lucri
893 1992 1025 2090 gratia,
1039 1992 1100 2067 sed
1112 1991 1326 2083 voluntarie,
1339 2015 1455 2090 neque
1472 2000 1514 2066 ut

206 2107 209 2111 ’
289 2107 512 2183 dominantes
528 2107 566 2181 in
584 2106 690 2198 clere,
707 2107 768 2182 sed
786 2107 899 2183 forma
916 2107 1002 2182 facti
1019 2106 1146 2204 gregis
1163 2131 1209 2182 ex
1226 2106 1356 2194 animo,
1375 2115 1415 2180 ut
1428 2131 1511 2183 cum
1550 2138 1552 2142 ’

287 2220 667 2320 apparueritprinceps
676 2219 1085 2320 pastorum,percipietis
1094 2218 1428 2297 immarcescibilem
1438 2219 1514 2315 glo

288 2334 351 2408 rire
367 2357 542 2410 coronam.
561 2332 729 2409 Pessime
745 2333 1015 2410 consuetudinis
1033 2343 1087 2409 est
1102 2333 1140 2407 in
1163 2333 1375 2433 quibusdam
1393 2333 1515 2409 acele-

288 2446 353 2522 siis
370 2455 489 2523 tacere
504 2446 743 2546 presbyteros,
755 2457 793 2523 et
808 2446 1044 2546 praesentibus
1068 2447 1288 2546 presbyteris
1311 2469 1382 2522 non
1407 2445 1515 2546 loqui,

288 2559 391 2659 quasi
403 2569 468 2636 aut
480 2559 676 2650 invideant,
692 2570 756 2636 aut
772 2585 842 2637 non
860 2561 1103 2657 dedignentur
1119 2561 1253 2638 audire.
1270 2564 1317 2637 Et
1332 2560 1364 2636 si
1381 2560 1444 2634 alii
1462 2560 1515 2634 in·

289 2674 369 2774 quit
384 2673 563 2775 apostolus
581 2672 715 2748 Paulus
732 2674 842 2750 fuerit
867 2674 1066 2751 revelatum
1092 2675 1240 2765 sedenti,
1266 2675 1361 2774 prior
1384 2683 1514 2766 taceat,

288 2788 436 2887 potestis
451 2787 546 2862 enim
565 2810 627 2885 pro
643 2787 801 2885 singulis
818 2789 1096 2888 prophetarent
1116 2813 1239 2865 omnes
1256 2790 1406 2880 discant,
1426 2798 1463 2865 et
1479 2813 1514 2864 o·

288 2928 390 2979 mnes
406 2902 645 2994 consolentur,
661 2911 697 2980 et
714 2903 865 3002 spiritus
880 2903 1134 3003 prophetarum
1159 2913 1214 2980 est
1238 2902 1421 2979 subiectus
1438 2926 1514 3003 pro

287 3016 413 3116 phetis.
426 3020 505 3092 Non
519 3016 615 3092 enim
629 3016 860 3092 dissensionis
872 3028 927 3094 est
946 3020 1053 3108 Deua,
1067 3017 1128 3094 sed
1140 3017 1248 3116 pacis.
1261 3017 1383 3093 Gloria
1401 3017 1513 3117 patris

287 3141 343 3208 est
358 3131 455 3206 filius
478 3132 629 3234 sapiens.
647 3132 814 3208 Gaudent
831 3131 1027 3232 Episcopus
1044 3131 1081 3205 iu
1095 3131 1227 3209 iudicio
1239 3155 1303 3206 suo
1320 3156 1403 3208 cum
1419 3131 1510 3207 tales

289 3246 457 3323 Christus
469 3246 620 3346 clegerit
636 3247 844 3324 sacerdotes.

836 3400 962 3485 uxlfl.

705 3566 797 3621 Idem
816 3578 916 3632 super
933 3565 1092 3633 Aggenm.

383 3700 576 3778 Considera
604 3703 828 3779 sacerdotum
857 3727 935 3779 esse
959 3701 1065 3779 officii
1095 3703 1137 3778 de
1160 3701 1244 3799 lege
1273 3702 1513 3799 interrogatos

289 3815 508 3914 respondere.
518 3815 559 3890 Si
573 3816 737 3892 sacerdos
755 3825 821 3907 est,
837 3816 929 3893 sciat
945 3814 1064 3913 legem
1079 3814 1232 3891 Domini.
1245 3815 1284 3890 si
1302 3806 1453 3912 ignoras
1465 3814 1514 3891 le·

290 3952 387 4026 gem,
397 3928 472 4028 ipse
480 3929 605 4027 arguit
617 3929 835 4005 sacerdotem
849 3952 920 4003 non
933 3953 1021 4006 esse.
1031 3928 1234 4005 Sacerdotis
1246 3928 1342 4003 enim
1355 3936 1410 4004 est
1422 3928 1515 4007 scire

288 4039 407 4139 legem
425 4051 462 4118 et
478 4042 523 4117 ad
536 4041 851 4139 interrogationem
871 4042 1079 4141 respondere
1093 4042 1137 4118 de
1149 4041 1241 4139 lege.
1253 4043 1354 4131 Quod
1369 4042 1512 4142 quidem

288 4165 325 4231 et
342 4156 382 4230 in
400 4155 673 4232 Deuteronomio
688 4155 858 4253 legimus,
875 4164 915 4229 ut
932 4154 1049 4230 sicubi
1065 4155 1103 4228 in
1129 4155 1278 4231 urbibus
1302 4156 1414 4232 Israel
1430 4181 1515 4256 que·

288 4270 357 4344 stio
373 4251 483 4345 fuerit
500 4279 632 4360 exorta,
648 4269 744 4346 inter
760 4269 976 4366 sanguinem
993 4277 1030 4344 et
1045 4269 1272 4366 sauguinem,
1293 4279 1330 4346 et
1345 4269 1440 4345 inter
1458 4271 1514 4345 iu·

286 4382 423 4458 dicium
441 4393 478 4459 et
494 4383 681 4472 iudicium,
694 4383 830 4481 lepram
844 4393 880 4459 et
892 4383 1040 4483 lepram,
1053 4384 1370 4461 contradictionem
1383 4393 1420 4461 et
1432 4408 1515 4462 con·

289 4495 547 4589 tradictionem,
565 4506 649 4574 eant
665 4495 710 4576 ad
730 4497 940 4590 sacerdotes,
957 4506 994 4574 ct
1019 4496 1159 4589 levitas,
1175 4506 1212 4575 et
1229 4497 1431 4598 pontificem
1449 4496 1513 4598 qui
