3608 5498
731 645 803 729 LII.

551 853 600 904 Ex
617 851 749 916 regesto
763 852 800 912 ,8.
821 850 981 915 Gregorii.

254 1021 452 1119 Gregorius
478 1022 645 1098 Atbemio
670 1022 900 1098 Subdiaeouo.
924 1023 1023 1097 Inter
1048 1032 1176 1097 cetera.
1202 1020 1379 1095 Volumus

159 1144 280 1209 autem
298 1147 340 1211 ut
357 1137 467 1212 frater
485 1147 604 1213 noster
621 1136 847 1226 Paschasius,
864 1145 900 1210 et
923 1135 1212 1211 vicedominum
1234 1133 1302 1208 sibi
1327 1155 1380 1207 or·

159 1248 258 1325 diuet
270 1261 306 1325 et
325 1251 493 1325 maiorem
510 1253 647 1340 domus,
660 1251 830 1350 quatinus
844 1250 954 1348 possit
970 1249 1030 1325 vel
1042 1248 1241 1348 hospitibus
1253 1246 1312 1322 vel
1325 1273 1382 1321 su·

160 1366 478 1462 pervenientibus,
495 1365 554 1441 vel
579 1365 802 1464 causisque
826 1363 1000 1438 eveniunt
1024 1362 1158 1436 idoneis
1175 1371 1212 1437 et
1235 1369 1381 1458 paratus
1437 1379 1440 1385 ’

160 1476 320 1554 existere.
337 1480 376 1553 Si
393 1504 477 1555 vero
496 1478 553 1554 vel
571 1477 824 1576 neglegentem
842 1501 925 1552 eum
943 1475 1126 1576 prospicis,
1151 1475 1210 1551 vel
1235 1499 1277 1550 aa
1301 1498 1381 1573 quae

160 1589 314 1665 dominis
330 1590 478 1689 implere
491 1591 723 1680 differentem,
740 1590 856 1665 omnis
872 1589 992 1666 clerus
1004 1590 1082 1665 eius
1094 1587 1254 1664 adhiberi
1267 1587 1380 1677 debet,

161 1711 203 1775 ut
220 1703 400 1777 communi
417 1703 565 1779 oonsilio
581 1705 649 1802 ipsi
666 1703 816 1801 eligant,
833 1726 985 1801 quorum
1003 1725 1161 1801 personae
1176 1702 1221 1778 ad
1242 1726 1283 1777 oa
1300 1726 1380 1800 quae

162 1815 391 1914 prediximus
408 1816 554 1893 valeant
569 1818 735 1893 ordinari.
752 1818 849 1894 Idem
866 1818 961 1894 clero
977 1826 1015 1893 et
1037 1816 1132 1915 plebi
1156 1814 1380 1893 Mevianensi

162 1930 256 2005 iuter
273 1939 401 2006 cetera.
419 1935 609 2031 Quousque
628 1933 778 2008 eeclesia
802 1941 921 2008 vestre
943 1932 1129 2029 episcopus
1153 1931 1265 2006 fuerit
1288 1928 1380 2005 ordi·

160 2042 311 2131 naudus,
327 2067 468 2120 omnem
486 2045 656 2122 honorato
672 2045 880 2145 presbytero
896 2044 1150 2121 sollicitudinis
1162 2044 1241 2121 eius
1254 2067 1380 2119 euram

163 2177 418 2232 oommrsrmus.
1363 2182 1367 2187 ’

725 2353 815 2438 LIII.

677 2559 726 2609 Ex
743 2557 869 2610 eodem.

258 2725 456 2822 Gregorius
477 2727 633 2801 Maximo
656 2727 819 2826 episeopo
843 2727 1057 2802 Salonitano.
1073 2730 1173 2802 Inter
1197 2733 1325 2802 cetera.
1342 2726 1381 2800 Si

163 2863 309 2913 causam
332 2840 444 2913 vultis
464 2839 592 2930 dicere,
618 2841 833 2918 instructam
863 2841 905 2917 de
934 2849 1061 2917 eaetero
1086 2863 1272 2939 personam
1296 2864 1381 2914 oum

164 2951 331 3027 mandato
343 2951 510 3048 legaliter
522 2953 626 3043 faeta,
640 2961 759 3030 tuaac
771 2955 1059 3056 presbyterorum
1073 2978 1137 3030 seu
1153 2953 1381 3029 diaoouorum

163 3074 199 3139 et
216 3065 362 3140 testium
382 3064 701 3164 subscriptionibus
714 3068 883 3158 roborato,
895 3068 1079 3167 gestisque
1096 3091 1141 3144 ex
1156 3089 1253 3143 more
1268 3066 1383 3141 indito

164 3179 379 3269 transmitte,
397 3190 439 3255 ut
455 3180 626 3279 quioquid
642 3204 726 3256 oum
743 3206 786 3256 ea
802 3191 924 3257 aetum
942 3181 1052 3257 fuerit
1068 3181 1179 3280 possit
1204 3181 1283 3256 iure
1303 3180 1384 3254 sub-

163 3291 299 3367 sistere.

716 3425 825 3512 LllH.

677 3605 726 3656 Ex
744 3602 871 3658 eodem.

259 3738 458 3832 Gregorius
474 3737 624 3811 Iohanni
641 3738 813 3838 Episcopo
838 3739 1098 3815 Panormitano.
1124 3741 1223 3814 Inter
1243 3745 1382 3814 caetera.

166 3851 215 3924 Ut
231 3850 469 3925 fraternitatis
486 3859 558 3926 tuae
576 3851 698 3949 petitio
716 3874 795 3948 quae
812 3861 955 3928 tenetur
975 3853 1013 3926 iu
1038 3852 1191 3928 subditis
1214 3851 1383 3941 eontinet,

163 3961 201 4034 in
218 3985 325 4060 quam
343 3989 415 4038 una
431 3981 553 4040 tecum
571 3964 770 4063 presbyteri
787 3991 830 4043 ae
847 3965 997 4055 diaooui
1014 3977 1203 4065 ceteraque
1216 3964 1383 4042 eeclesia·

164 4077 254 4151 stioa
271 4078 386 4153 officia
404 4078 666 4154 subscribentes
683 4079 865 4176 praebuere
884 4101 1108 4169 consensum,
1132 4079 1275 4154 domum
1297 4101 1382 4152 eum

164 4199 239 4264 orto
251 4200 287 4264 et
299 4190 423 4266 balneo
432 4214 507 4281 sue,
515 4201 551 4266 et
564 4216 646 4267 eum
660 4189 825 4265 omuibus
838 4189 883 4263 ad
896 4215 974 4265 eam
988 4191 1249 4290 pertinentibus
1261 4189 1299 4263 iu
1313 4189 1383 4264 hao
1421 4211 1427 4222 ·

164 4303 250 4378 urbe
268 4307 377 4379 Roma
395 4305 542 4402 positam
562 4329 641 4404 quae
653 4304 698 4378 ad
711 4305 768 4378 ius
781 4301 942 4378 eeclesia
954 4312 1026 4377 tuae
1038 4303 1215 4401 pertinere
1232 4302 1383 4378 dinosci·

164 4427 235 4507 tur,
252 4418 477 4515 permutandi
494 4418 560 4492 tibi
577 4418 805 4495 oonoedimus
821 4416 879 4491 bis
895 4418 1119 4494 auctoritatis
1135 4427 1266 4493 nostrie
1283 4417 1384 4518 pagi·

165 4555 248 4604 uam
267 4529 416 4606 liberam
434 4553 496 4629 per
512 4530 633 4607 omnia
649 4528 870 4606 facultatem.
