3608 5498
954 412 1127 473 ..16-

510 702 742 808 nxpncinnt
762 704 938 808 captitula
951 703 1049 787 libri
1063 705 1195 808 primi.
1304 705 1507 809 Incipiunt
1521 707 1567 791 II.

427 997 479 1070 De
502 996 676 1090 gradibus
694 997 913 1072 Clerieorum
933 999 1099 1070 Romanae
1116 997 1296 1072 Ecclesisr.
1314 998 1398 1095 Cap.
1417 1000 1615 1073 LXXVIII.

427 1109 591 1198 Qualiter
612 1112 831 1186 ordinentur.
850 1112 934 1208 Cap.
952 1114 1050 1186 XVI.
1067 1110 1161 1186 XCI.

429 1227 507 1312 Quo
527 1234 684 1322 ternpore
702 1225 921 1299 ordinentur.
940 1225 1024 1322 cap.
1041 1227 1265 1298 XXXVIIII.
1283 1235 1319 1298 ct
1336 1227 1444 1299 XLII.
1469 1227 1650 1302 LXXXV.

500 1341 735 1413 LXXXVIII.

430 1455 481 1528 De
499 1456 569 1527 VII
589 1452 822 1528 Subdieconis
839 1463 875 1528 et
892 1455 961 1527 VII
976 1451 1124 1526 notariis
1142 1450 1249 1526 Urbis
1265 1455 1362 1526 Rom.
1380 1463 1554 1526 eteorum
1580 1451 1652 1524 offi-

499 1565 563 1640 cio.
582 1566 665 1664 Cap.
683 1568 857 1639 XXVIII.
872 1568 1019 1639 LXXV.
1036 1567 1218 1639 LXXXII.

431 1681 482 1752 De
492 1681 561 1752 VII
571 1678 814 1754 defensoribus
827 1678 935 1754 Urbis
947 1681 1045 1751 Rom.
1055 1687 1089 1752 et
1103 1699 1224 1751 eorum
1239 1678 1532 1774 privilegiotlap.
1542 1681 1651 1753 LXV.

499 1795 626 1867 LXVI.

427 1908 479 1979 De
497 1906 704 1981 custodibus
722 1907 992 2003 sepulchrorum
1013 1905 1270 2003 Apostolorum.
1289 1907 1372 2002 Cap.
1391 1907 1607 1979 LXXXIIII.

428 2022 479 2095 De
497 2019 601 2095 initio
619 2024 687 2095 VII
706 2021 954 2095 Diaconorum.
973 2022 1059 2117 Cap.
1077 2021 1120 2092 ΙΙ.

426 2134 525 2221 Quod
540 2137 608 2209 VII
624 2135 771 2210 Diaconi
785 2133 914 2209 debent
926 2159 1003 2209 esse
1026 2135 1063 2205 in
1086 2133 1192 2208 Urbe.
1215 2134 1302 2230 Cap.
1325 2137 1429 2207 XXV
1435 2136 1478 2207 II.
1497 2135 1650 2207 XXXII.

499 2251 663 2322 LXXVI.

426 2361 566 2436 Itemde
576 2365 645 2437 VII
655 2363 824 2438 Diaccnis
833 2365 973 2461 perVII
983 2359 1148 2457 regiones
1158 2357 1266 2434 Urbis
1275 2362 1371 2433 Rom.
1382 2360 1467 2456 Cap.
1476 2361 1650 2433 XXVIII.

425 2589 525 2675 Quod
540 2613 760 2688 unaquaeque
774 2589 959 2687 parrochia
974 2589 1083 2665 Urbis
1096 2591 1194 2662 Rom.
1207 2587 1297 2660 duos
1310 2586 1415 2661 debet
1428 2586 1558 2661 habere
1571 2586 1653 2660 Dia-

498 2726 615 2776 conos.
633 2703 717 2799 Cap.
735 2705 889 2776 XXXII.

427 2813 526 2900 Quod
537 2813 685 2888 Diacoui
695 2825 780 2887 sunt
790 2814 883 2889 oculi
896 2813 1086 2888 Pontificis.
1097 2814 1181 2909 Cap.
1190 2814 1326 2887 XXIII.
1336 2814 1489 2886 XXIIII.
1499 2814 1652 2887 XXVII.

427 2927 527 3014 Quod
545 2927 612 3024 ipsi
626 2927 749 3003 docere
767 2927 919 3002 debcant
937 2925 1117 3024 populum.
1136 2927 1221 3023 Cap.
1239 2928 1374 2999 XXIII.
1464 2979 1466 2984 -

426 3041 527 3126 Quod
544 3040 696 3115 debeant
713 3064 913 3136 suggerere
931 3040 1108 3115 Pontifici.
1126 3042 1215 3115 Item
1236 3065 1312 3138 cop.
1330 3040 1461 3114 ecdem.

427 3153 527 3239 Quod
545 3153 693 3228 Diaconi
712 3154 919 3229 ministrent
936 3154 1108 3252 Episcopo
1121 3152 1159 3226 in
1180 3152 1415 3227 sollemnibus
1430 3152 1565 3241 diebus,
1578 3178 1653 3251 cap.

428 3381 477 3453 Ut
494 3378 642 3454 Diaconi
669 3378 879 3476 Apostolicae
905 3379 1017 3468 Sedis,
1043 3387 1188 3453 cantare
1213 3402 1283 3453 non
1309 3390 1553 3476 praesumant,
1577 3403 1653 3477 cop.

505 3493 632 3565 XLVI.

429 3605 480 3677 De
498 3600 557 3676 his
574 3603 634 3701 qui
653 3605 791 3701 proveri
811 3606 888 3702 (sic)
905 3605 1042 3679 nolunt.
1060 3605 1144 3701 Cep.
1162 3606 1270 3678 XLII.

427 3717 479 3791 De
497 3716 639 3791 nomine
656 3728 692 3792 ct
710 3718 813 3793 initio
830 3719 1123 3793 Presbitcrorum.
1141 3716 1226 3814 Cap.
1243 3718 1361 3791 XXV.

427 3833 505 3917 Qua
522 3840 616 3906 etate
634 3832 856 3906 ordinentur.
874 3833 958 3930 Cap.
976 3833 1076 3906 XXI.

428 3943 576 4018 Eosdem
595 3969 673 4019 esse
699 3945 931 4044 Presbyteros
955 3968 1042 4043 quos
1063 3943 1264 4042 Episcopus,
1282 3944 1487 4019 testimonio
1504 3946 1602 4019 Petri
1619 3957 1655 4018 et

499 4055 603 4129 Pauli
620 4067 657 4132 et
673 4057 853 4132 Iohannis.
869 4060 955 4155 Cap.
972 4059 1119 4132 CXIIII.

427 4169 527 4254 Quod
545 4169 708 4267 Episcopi
727 4172 844 4268 magis
860 4197 904 4246 ex
920 4169 1177 4246 consuetudine
1194 4194 1300 4268 quarn
1319 4169 1497 4246 dominica
1514 4168 1654 4266 dispeu-

498 4282 634 4357 satione
652 4275 865 4382 Presbyteri
878 4288 953 4359 siut
969 4286 1130 4359 maiores.
1149 4282 1234 4381 Cap.
1251 4282 1351 4358 CXV
1355 4285 1417 4357 III.

428 4390 528 4476 Quod
546 4392 702 4490 Apostoli
722 4393 1017 4493 Presbyter-orum
1035 4395 1092 4471 usi
1109 4407 1196 4472 sunt
1212 4396 1361 4474 consilio
1372 4407 1408 4473 et
1421 4397 1513 4494 quod
1529 4397 1566 4471 in
1579 4397 1655 4471 suis

498 4503 655 4601 epistolis
672 4529 730 4579 eos
747 4528 847 4603 posse
858 4506 1103 4606 ascripserint.
1122 4510 1207 4607 Cep.
1225 4512 1252 4584 1.
1268 4520 1304 4584 et
1321 4512 1384 4585 III.
