3608 5498
804 360 1000 426 -514-

296 483 385 558 siam
399 483 445 558 ab
458 482 606 579 indigna
617 490 652 557 et
660 481 800 556 barbari
812 481 1061 558 sensuseruite
1072 482 1246 558 servitute
1255 494 1291 559 et
1301 508 1412 581 usque
1422 508 1534 560 nunc

295 599 395 672 vobis
409 597 574 672 illicitam
588 594 840 672 contumeliam
855 605 891 670 et
905 594 1083 670 maculam
1097 596 1282 685 abicite,et
1290 596 1444 692 gloriam
1460 624 1533 673 ve·

296 722 408 784 stram
423 722 458 786 et
472 711 671 786 claritatem
687 709 868 785 communi
883 710 1126 785 aecclesiarum
1141 737 1226 808 paee
1241 711 1530 788 resumiteltern

297 828 335 897 P.
344 825 523 899 Presbiter
532 824 632 897 dixit.
639 823 739 910 Quod
748 823 1100 922 sanctissimusPapa
1107 825 1452 900 lohannesPhotium
1465 854 1534 926 pa-

298 940 469 1013 triarcam
483 938 628 1011 fratrem
643 947 679 1011 et
691 938 907 1012 sacerdotem
922 936 1123 1036 habet,ipsa
1135 939 1340 1035 quaehabeo
1351 939 1458 1012 missa
1468 952 1534 1016 est

298 1051 512 1148 pontificalis
529 1049 618 1124 stola
644 1060 806 1125 testatur.
824 1053 971 1147 Propter
995 1051 1062 1128 hoc
1083 1053 1176 1127 enim
1198 1053 1295 1126 misit
1312 1078 1389 1126 eam
1407 1053 1462 1125 illi
1482 1066 1532 1128 ut

300 1165 537 1240 omnishomo
558 1173 760 1260 cognoseat,
777 1165 868 1262 quod
892 1165 1038 1240 fratrem
1064 1191 1144 1240 eum
1163 1165 1269 1240 habet
1286 1176 1322 1240 et
1338 1166 1532 1240 commini-

300 1291 426 1354 strum.
440 1281 488 1353 Et
501 1278 567 1352 bec
580 1278 730 1352 dixisset
744 1302 898 1373 surgens
912 1278 1027 1352 reddit
1040 1280 1218 1378 patriarca
1233 1280 1376 1352 missam
1392 1305 1412 1351 a
1425 1283 1531 1377 Papa

300 1392 492 1468 Iohannem
520 1390 773 1466 sacerdotalem
800 1390 939 1478 stolam,
956 1391 1104 1489 pallium
1131 1393 1248 1467 albam
1275 1392 1466 1489 planetam,
1487 1406 1531 1468 et

301 1505 471 1580 sandalia.
482 1509 612 1580 Sancta
624 1506 791 1603 Synodus
803 1506 903 1580 dixit.
914 1507 952 1579 Si
967 1506 1134 1603 praecepit
1147 1507 1320 1582 sanctitas
1332 1520 1463 1595 vestra,
1473 1508 1531 1580 vi-

299 1620 446 1693 deamus
457 1616 517 1692 hic
535 1642 597 1715 per
614 1617 768 1713 singula.
783 1622 829 1691 Et
845 1617 1027 1714 accipiens
1041 1622 1169 1692 Petrus
1183 1619 1384 1694 Cardinalis
1402 1629 1438 1693 et
1460 1620 1527 1718 qui

298 1758 380 1809 eum
400 1757 440 1808 eo
456 1744 559 1808 erant
576 1732 838 1828 religiosissimi
855 1732 1008 1827 episcopi
1035 1741 1070 1806 et
1096 1732 1215 1807 caeteri
1234 1732 1381 1806 Romani
1414 1732 1528 1828 expli-

300 1858 453 1922 cuerunt
466 1847 503 1918 in
521 1856 714 1941 conspectu
731 1845 869 1942 synodi.
885 1843 1032 1917 Photius
1045 1845 1230 1918 Patriarca
1245 1845 1344 1918 dixit.
1358 1844 1528 1920 Christus

300 1964 398 2034 Deus
416 1970 536 2034 noster
549 1960 609 2057 qui
624 1959 780 2033 nubibus
793 1958 906 2056 operit
924 1957 1063 2045 carlum,
1076 1971 1111 2031 et
1125 1956 1294 2031 naturam‘
1310 1959 1456 2032 indutus
1469 1967 1527 2032 est

300 2082 456 2147 nostram
472 2073 545 2169 ipse
559 2074 706 2146 fratrem
720 2081 755 2144 et
769 2071 1055 2146 comministrum
1071 2080 1230 2145 nostrum
1245 2083 1281 2145 et
1299 2071 1525 2170 spiritualem

300 2194 436 2282 patrem
451 2210 539 2282 papa
553 2184 729 2258 lohannes
743 2184 779 2256 in
793 2183 959 2283 praesenti
974 2182 1057 2257 vitae
1071 2185 1173 2257 firma
1186 2184 1303 2259 salute
1317 2195 1394 2260 tuta
1409 2195 1527 2260 custo-

303 2298 360 2371 dia
379 2298 529 2387 muniat,
541 2309 577 2373 et
590 2300 626 2370 in
641 2298 764 2371 sutura
781 2295 935 2394 nuptiali
951 2306 1048 2370 veste
1061 2296 1226 2371 indutum
1246 2298 1398 2394 dignum
1418 2298 1524 2373 illum

301 2410 402 2485 beato
426 2433 552 2507 sponso
580 2410 751 2485 ostendat.
769 2413 868 2484 Item.
892 2413 929 2483 P.
947 2411 1119 2507 presbiter
1136 2410 1235 2485 dixit.
1254 2412 1385 2487 Audite
1402 2436 1527 2486 omnes

302 2524 393 2620 quod
407 2522 495 2597 dicit
508 2535 655 2597 sanetus
669 2547 758 2620 papa
773 2523 882 2597 Felix.
897 2523 936 2596 Si
950 2525 1031 2620 quis
1045 2524 1215 2598 inventus
1228 2524 1338 2598 luerit
1356 2525 1528 2599 resistens

303 2638 445 2710 Sanctae
471 2635 535 2710 Dei
561 2635 731 2723 aecclesie,
753 2636 887 2710 habeus
908 2635 945 2707 in
971 2635 1067 2709 omni
1091 2637 1351 2724 manifestatus,
1369 2637 1527 2734 primum

302 2749 444 2847 quidem
461 2759 670 2823 amoneatur
686 2750 731 2822 ab
747 2750 908 2847 episcopo
921 2773 985 2823 suo
1002 2759 1038 2823 et
1056 2751 1085 2824 si
1100 2773 1171 2824 non
1185 2751 1429 2826 emendaverit
1446 2762 1526 2825 tum

303 2864 362 2936 det
375 2873 500 2936 saneta
514 2863 673 2960 synodus
687 2873 810 2937 contra
828 2888 908 2937 eum
923 2862 1150 2949 sententiam,
1163 2863 1215 2939 sic
1229 2873 1265 2937 et
1278 2888 1341 2937 nos
1354 2863 1528 2937 habentos

304 2976 395 3073 quod
413 2985 620 3074 potestatem
639 2975 830 3072 apostolico
847 2979 942 3072 Papa
958 2975 1111 3071 primum
1132 2975 1432 3049 commonebimus
1445 2985 1480 3046 et
1493 2974 1528 3046 si

307 3087 488 3162 noluerint
504 3087 644 3162 obedire
661 3088 885 3163 abscidamus
902 3111 963 3161 eos
981 3087 1076 3162 sicut
1092 3087 1233 3185 putrida
1251 3083 1408 3159 membra
1425 3108 1469 3159 ne
1488 3095 1528 3160 et

304 3210 473 3275 eaeterum
491 3223 619 3297 corpus
636 3199 728 3297 quod
746 3224 875 3274 sanum
893 3207 947 3275 est
964 3209 1094 3298 pereat.

839 3385 929 3438 Actio
950 3387 990 3436 11.

402 3538 590 3612 Residente
610 3537 732 3610 Pbotio
750 3537 953 3634 patriarcha
978 3552 1014 3611 et
1031 3537 1304 3612 consedentibus
1321 3537 1468 3612 vicariis
1493 3563 1531 3609 a·

209 3694 214 3703 ·
240 3734 244 3747 ,
307 3652 484 3753 postolicee
498 3652 609 3741 Sedis,
622 3678 689 3727 nec
703 3675 772 3724 non
791 3663 826 3726 et
842 3651 1068 3749 apocrisariis
1087 3650 1339 3725 Alexandrinae
1356 3650 1531 3739 eeclesiae,

306 3775 343 3839 et
361 3763 593 3851 Antiocheae,
618 3774 653 3838 et
679 3762 995 3845 Hierosolomitane
1021 3787 1103 3836 oum
1130 3762 1271 3838 eunetis
1296 3761 1469 3859 episcopis
1493 3774 1532 3836 et

308 3877 523 3976 presbiteris.
542 3876 690 3950 Photius
708 3876 886 3973 patriarca
902 3876 1002 3963 dixit,
1020 3875 1135 3970 gloria
1154 3875 1363 3970 magnitudo
1387 3888 1424 3949 et
1448 3898 1531 3970 gra·

307 3990 439 4063 tiarum
458 3987 551 4063 actio
568 3988 616 4060 sit
633 3988 782 4060 Domino
800 3989 873 4062 Deo
889 3998 1007 4060 nostro
1032 3986 1069 4058 in
1094 3985 1217 4061 secula
1244 3987 1454 4062 seculorum.
1480 3988 1526 4056 nt

308 4125 391 4175 eum
410 4100 570 4197 synodus
587 4100 824 4196 respondisset
840 4123 955 4185 amen,
973 4108 1212 4173 cantaverunt
1228 4099 1372 4196 quidem
1397 4095 1529 4196 apocri·

310 4213 394 4285 sarii
417 4217 519 4310 Papae
537 4211 664 4307 lingua
683 4212 795 4287 latina
815 4212 945 4285 laudes.
