3608 5498
804 413 997 474 -114-

289 540 431 606 tenetur
447 531 485 605 in
503 529 668 622 subditis,
685 540 945 627 sucgesserunt
961 530 1006 605 ab
1023 529 1201 626 Argentio
1216 529 1377 606 eiusdem
1389 528 1515 606 civita·

289 645 337 719 tis
356 646 538 743 Episcopo,
555 669 706 741 gravem
724 671 762 719 sc
779 644 993 719 iniustitiam
1012 644 1212 742 pertulisse,
1224 653 1261 721 et
1272 653 1418 744 accepto
1430 668 1519 742 prae·

289 759 360 834 mio
374 759 580 835 Donatistas
593 760 631 832 in
645 759 805 835 ecclesiis
818 758 930 833 fuisse
944 757 1157 856 praepositos,
1170 782 1324 856 eumque
1336 756 1517 834 interulis

288 895 359 946 non
376 872 454 948 leve
471 872 570 947 eliud
587 873 728 948 facinus
745 874 838 970 quod
853 872 925 948 dici
949 871 1051 947 nefas
1075 881 1130 948 est
1153 873 1394 948 commississe
1420 896 1515 949 com·

289 996 496 1061 memorant.
514 990 703 1085 Propterea
720 985 950 1085 experientiae
967 996 1039 1060 tum
1061 987 1248 1082 praesentis
1265 985 1432 1085 praecepti
1458 1009 1517 1084 pa·

288 1102 377 1197 gina
394 1102 568 1175 duximus
585 1102 861 1199 iniungendum,
874 1110 1054 1199 quatenus
1066 1101 1287 1199 preephatum
1301 1102 1516 1200 Episcopum

289 1214 423 1290 idoneae
441 1215 676 1290 satisfactioni
694 1215 918 1291 committere
936 1237 1008 1289 nen
1025 1215 1181 1303 omittas,
1194 1226 1327 1314 tuaque
1341 1216 1517 1290 instantia

289 1328 327 1400 in
346 1328 433 1403 locis
450 1327 524 1412 illis
541 1329 604 1403 fiat
621 1353 667 1404 ex
687 1353 783 1405 more
800 1327 1006 1417 concilium,
1020 1337 1056 1402 et
1073 1328 1193 1402 omnia
1210 1329 1409 1405 secundum
1422 1319 1519 1404 oblass

292 1451 327 1517 tc
343 1451 486 1519 textum
504 1443 686 1541 petitionis
702 1443 874 1519 canonice
898 1466 1017 1520 coram
1043 1442 1168 1541 positis
1192 1444 1364 1520 fratribus
1389 1444 1515 1519 subtili

293 1557 522 1652 indagatione
538 1558 804 1658 perquirantur,
823 1569 859 1634 et
875 1582 1110 1656 quaecumque
1134 1581 1255 1633 eorum
1273 1558 1410 1635 fuerint
1425 1558 1518 1633 iudi·

288 1671 344 1745 cio
360 1672 552 1746 terminata
569 1682 604 1747 te
618 1683 813 1773 exequente
829 1672 940 1747 modis
953 1670 1117 1746 omnibus
1129 1671 1384 1769 compleantur.
1398 1673 1515 1748 Scitu-

290 1810 353 1858 rus
366 1808 436 1860 nou
449 1785 566 1860 levem
580 1795 616 1862 te
629 1787 798 1862 offensam
813 1787 1007 1876 incurrere,
1017 1787 1048 1860 si
1061 1795 1182 1862 nostra
1196 1787 1333 1862 fuerint
1345 1810 1517 1885 quacum·

288 1923 357 1996 que
375 1900 604 1975 excusatione
620 1899 760 1975 latitate
778 1901 974 1999 preceptio

815 2128 984 2214 Gthlll.

384 2357 585 2454 Gregorius
598 2358 749 2433 Iohanni
762 2358 936 2455 Episcopo
946 2354 1338 2452 Constantinopolitano
1346 2355 1441 2431 inter
1449 2380 1517 2432 ca»

290 2479 377 2545 tera.
395 2470 446 2546 De
464 2495 574 2545 causa
591 2469 688 2543 enim
708 2468 991 2563 reverentissimi
1016 2468 1087 2540 viri
1112 2468 1282 2543 Iohannis
1306 2469 1516 2568 Presbyteri

288 2584 514 2681 scripseram,
531 2594 638 2682 atque
656 2584 698 2659 de
715 2583 959 2682 questionibus
978 2582 1232 2659 monachorum
1250 2583 1413 2657 Ysauriue
1430 2606 1515 2681 quo·

290 2723 370 2770 rum
389 2723 484 2771 nnus
502 2697 539 2771 in
558 2699 753 2773 sacerdotio
769 2699 905 2795 positus
922 2698 960 2771 in
978 2697 1130 2773 ecclesia
1147 2707 1268 2772 vestra
1286 2697 1444 2772 fustibus
1457 2722 1515 2774 ce·

289 2835 352 2884 sus
368 2821 432 2885 est.
451 2815 497 2886 Et
514 2812 698 2909 rescripsit
714 2811 800 2885 mihi
818 2812 913 2888 sicut
939 2838 984 2887 ex
1008 2812 1151 2888 nomine
1176 2812 1322 2911 epistole
1346 2836 1513 2910 agnosco,

287 2924 514 2999 sanctissima
531 2925 740 3001 fraternitas
757 2937 820 3000 tua
837 2928 922 3025 quia
939 2927 1097 3003 nescires
1115 2928 1157 3002 de
1171 2952 1240 3025 qua
1254 2952 1363 3002 causa
1381 2927 1515 3003 scribe·

288 3064 374 3114 rem.
393 3041 448 3114 Ad
465 3041 557 3138 quod
575 3041 787 3139 rescriptum
805 3041 1036 3116 vehementer
1053 3041 1209 3140 opstipui
1223 3066 1363 3117 mecum
1378 3041 1513 3118 tacitus

287 3153 436 3228 volvens
454 3155 545 3253 quod
563 3155 593 3228 si
612 3180 737 3229 verum
756 3155 891 3230 dictum
912 3156 1004 3253 quod
1022 3179 1098 3231 csse
1116 3155 1274 3230 deterius
1292 3163 1416 3252 potest,
1427 3155 1514 3254 quia

287 3275 328 3339 ut
344 3278 503 3362 agantur
520 3267 605 3340 talia
624 3277 748 3342 contra
765 3290 887 3342 servos
905 3269 970 3343 Dei
989 3279 1025 3343 et
1042 3269 1118 3366 ipsc
1131 3269 1269 3343 nesciat
1281 3268 1374 3366 quod
1388 3278 1515 3366 praestc

287 3386 369 3456 est?
386 3385 473 3469 Quae
489 3382 585 3456 enim
602 3391 717 3479 potest
734 3407 810 3457 csse
829 3382 979 3481 pastoris
992 3382 1185 3471 excusatio,
1198 3382 1228 3455 si
1242 3382 1344 3479 lupos
1361 3405 1446 3457 ores
1458 3405 1515 3458 cc

288 3493 398 3568 medit
415 3503 450 3569 et
468 3505 586 3591 pastor
602 3496 746 3571 nescit?
773 3500 819 3570 Et
845 3506 923 3594 post
949 3521 1074 3594 pauca.
1100 3499 1178 3592 Ego
1203 3494 1411 3570 beatissimo
1435 3494 1515 3570 viro

287 3609 426 3681 Domno
443 3606 594 3682 Iohanni
611 3609 836 3708 scripseram.
851 3610 920 3685 Sed
932 3611 1037 3686 credo
1051 3611 1134 3708 quia
1150 3609 1239 3684 mihi
1254 3608 1444 3685 familiaris
1455 3634 1516 3685 ve·

288 3729 362 3795 ster
374 3721 436 3797 ille
449 3721 666 3799 iuvenculus
680 3724 873 3822 rescripsit,
883 3724 968 3823 quia
980 3723 1098 3798 adhuc
1111 3723 1153 3799 de
1163 3724 1235 3798 Deo
1248 3722 1363 3798 nichil
1377 3722 1514 3812 didicit,

287 3835 350 3933 qui
369 3834 509 3912 viscera
527 3838 688 3912 caritatis
705 3839 830 3926 nescit,
847 3835 909 3937 qui
927 3835 964 3908 in
983 3834 1144 3911 scelestis
1162 3835 1268 3910 rebus
1285 3834 1331 3908 ab
1348 3834 1515 3909 omnibus

288 3961 492 4024 accusatur.
507 3950 622 4025 Michi
647 3951 751 4026 crede
769 3951 881 4025 frater
901 3949 1126 4024 sanctissime
1152 3949 1182 4022 si
1208 3948 1325 4023 zelum
1350 3948 1516 4024 veritatis

290 4063 444 4159 perfecte
463 4064 572 4140 habes
590 4064 695 4138 illum
713 4091 734 4138 a
752 4077 788 4140 te
801 4065 974 4162 prolicere
991 4063 1106 4139 debes.
1120 4065 1158 4137 Si
1172 4063 1380 4138 fraternitas
1392 4072 1514 4138 vestra

285 4173 390 4248 illurn
404 4177 516 4266 audit,
530 4177 602 4253 scio
615 4179 700 4277 quia
715 4201 838 4274 pacem
851 4202 934 4253 cum
949 4179 1024 4252 suis
1037 4177 1210 4253 fratribus
1223 4176 1353 4254 habere
1369 4202 1439 4252 non
1454 4201 1512 4275 po·

287 4289 381 4367 terit.
399 4292 446 4362 Et
462 4290 629 4388 quamvis
646 4315 729 4366 cum
747 4290 912 4365 omnibus
928 4291 1133 4367 hominibus
1145 4291 1275 4366 habere
1289 4313 1513 4389 summopere

287 4422 410 4495 pacem
429 4402 583 4499 cupiam,
601 4401 786 4478 vobiscum
805 4404 981 4502 precipue
998 4427 1086 4501 quos
1110 4403 1341 4480 vehementer
1365 4427 1456 4492 amo,
1480 4403 1513 4478 si

285 4520 405 4588 tamen
422 4514 491 4613 ipsi
507 4538 596 4614 quos
612 4516 696 4589 novi
713 4539 777 4591 vus
794 4518 891 4592 estis.
903 4519 996 4591 Nam
1010 4515 1041 4590 si
1053 4538 1209 4592 canones
1221 4540 1293 4591 non
1305 4515 1513 4593 custodistis
