<?xml version="1.0" encoding="UTF-8"?>
<!DOCTYPE html PUBLIC "-//W3C//DTD XHTML 1.0 Transitional//EN"
    "http://www.w3.org/TR/xhtml1/DTD/xhtml1-transitional.dtd">
<html xmlns="http://www.w3.org/1999/xhtml" xml:lang="en" lang="en">
 <head>
  <title>
</title>
<meta http-equiv="Content-Type" content="text/html;charset=utf-8" />
  <meta name='ocr-system' content='tesseract 3.04.00' />
  <meta name='ocr-capabilities' content='ocr_page ocr_carea ocr_par ocr_line ocrx_word'/>
</head>
<body>
  <div class='ocr_page' id='page_1' title='image "./collectiocanonu00deusgoog_0068.png"; bbox 0 0 3608 5498; ppageno 0'>
   <div class='ocr_carea' id='block_1_1' title="bbox 813 405 990 474">
    <p class='ocr_par' dir='ltr' id='par_1_1' title="bbox 813 405 990 474">
     <span class='ocr_line' id='line_1_1' title="bbox 813 405 990 474; baseline 0.028 -22"><span class='ocrx_word' id='word_1_1' title='bbox 813 405 990 474; x_wconf 71' lang='lat'>..37-</span> 
     </span>
    </p>
   </div>
   <div class='ocr_carea' id='block_1_2' title="bbox 290 518 1518 741">
    <p class='ocr_par' dir='ltr' id='par_1_2' title="bbox 290 518 1518 741">
     <span class='ocr_line' id='line_1_2' title="bbox 291 518 1518 624; baseline 0.011 -31"><span class='ocrx_word' id='word_1_2' title='bbox 291 529 364 593; x_wconf 88' lang='lat' dir='ltr'>tam</span> <span class='ocrx_word' id='word_1_3' title='bbox 381 518 590 594; x_wconf 84' lang='lat' dir='ltr'>excellentis</span> <span class='ocrx_word' id='word_1_4' title='bbox 603 519 756 596; x_wconf 84' lang='lat' dir='ltr'>Concilii</span> <span class='ocrx_word' id='word_1_5' title='bbox 770 524 898 598; x_wconf 77' lang='lat' dir='ltr'>fierent</span> <span class='ocrx_word' id='word_1_6' title='bbox 910 525 1080 623; x_wconf 87' lang='lat' dir='ltr'>capitula,</span> <span class='ocrx_word' id='word_1_7' title='bbox 1093 549 1174 624; x_wconf 83' lang='lat' dir='ltr'>quae</span> <span class='ocrx_word' id='word_1_8' title='bbox 1185 550 1329 602; x_wconf 89' lang='lat' dir='ltr'>omnem</span> <span class='ocrx_word' id='word_1_9' title='bbox 1344 527 1518 606; x_wconf 85' lang='lat' dir='ltr'>Christia-</span> 
     </span>
     <span class='ocr_line' id='line_1_3' title="bbox 290 633 1518 741; baseline 0.011 -35"><span class='ocrx_word' id='word_1_10' title='bbox 290 656 417 707; x_wconf 91' lang='lat' dir='ltr'>norum</span> <span class='ocrx_word' id='word_1_11' title='bbox 434 633 554 709; x_wconf 84' lang='lat' dir='ltr'>orbem</span> <span class='ocrx_word' id='word_1_12' title='bbox 572 635 611 708; x_wconf 93' lang='lat' dir='ltr'>in</span> <span class='ocrx_word' id='word_1_13' title='bbox 629 662 701 711; x_wconf 91' lang='lat' dir='ltr'>una</span> <span class='ocrx_word' id='word_1_14' title='bbox 720 639 787 714; x_wconf 87' lang='lat' dir='ltr'>lide</span> <span class='ocrx_word' id='word_1_15' title='bbox 805 639 999 714; x_wconf 86' lang='lat' dir='ltr'>firmarent.</span> <span class='ocrx_word' id='word_1_16' title='bbox 1015 641 1064 713; x_wconf 90' lang='lat' dir='ltr'>Et</span> <span class='ocrx_word' id='word_1_17' title='bbox 1080 639 1186 714; x_wconf 84' lang='lat' dir='ltr'>inira.</span> <span class='ocrx_word' id='word_1_18' title='bbox 1199 643 1308 716; x_wconf 93' lang='lat' dir='ltr'>Nunc</span> <span class='ocrx_word' id='word_1_19' title='bbox 1320 664 1409 738; x_wconf 83' lang='lat' dir='ltr'>ergo</span> <span class='ocrx_word' id='word_1_20' title='bbox 1421 654 1518 741; x_wconf 90' lang='lat' dir='ltr'>opta·</span> 
     </span>
    </p>
   </div>
   <div class='ocr_carea' id='block_1_3' title="bbox 292 751 1516 1078">
    <p class='ocr_par' dir='ltr' id='par_1_3' title="bbox 292 751 1516 1078">
     <span class='ocr_line' id='line_1_4' title="bbox 293 751 1516 851; baseline 0.01 -31"><span class='ocrx_word' id='word_1_21' title='bbox 293 772 373 821; x_wconf 90' lang='lat' dir='ltr'>mus</span> <span class='ocrx_word' id='word_1_22' title='bbox 389 757 431 821; x_wconf 91' lang='lat' dir='ltr'>ut</span> <span class='ocrx_word' id='word_1_23' title='bbox 447 771 469 820; x_wconf 87' lang='lat' dir='ltr'>a</span> <span class='ocrx_word' id='word_1_24' title='bbox 486 758 615 823; x_wconf 82' lang='lat' dir='ltr'>vestrae</span> <span class='ocrx_word' id='word_1_25' title='bbox 632 751 734 826; x_wconf 89' lang='lat' dir='ltr'>Sedis</span> <span class='ocrx_word' id='word_1_26' title='bbox 750 754 975 841; x_wconf 84' lang='lat' dir='ltr'>auctoritate,</span> <span class='ocrx_word' id='word_1_27' title='bbox 992 777 1072 851; x_wconf 83' lang='lat' dir='ltr'>quae</span> <span class='ocrx_word' id='word_1_28' title='bbox 1096 762 1151 828; x_wconf 91' lang='lat' dir='ltr'>est</span> <span class='ocrx_word' id='word_1_29' title='bbox 1171 763 1333 851; x_wconf 86' lang='lat' dir='ltr'>caputet</span> <span class='ocrx_word' id='word_1_30' title='bbox 1351 765 1466 830; x_wconf 86' lang='lat' dir='ltr'>mater</span> <span class='ocrx_word' id='word_1_31' title='bbox 1481 781 1516 832; x_wconf 94' lang='lat' dir='ltr'>o-</span> 
     </span>
     <span class='ocr_line' id='line_1_5' title="bbox 292 860 1516 977; baseline 0.009 -44"><span class='ocrx_word' id='word_1_32' title='bbox 292 860 431 935; x_wconf 93' lang='lat' dir='ltr'>mnium</span> <span class='ocrx_word' id='word_1_33' title='bbox 452 862 698 977; x_wconf 57' lang='lat' dir='ltr'>ecclesiarum,</span> <span class='ocrx_word' id='word_1_34' title='bbox 715 875 752 941; x_wconf 92' lang='lat' dir='ltr'>et</span> <span class='ocrx_word' id='word_1_35' title='bbox 775 866 820 940; x_wconf 86' lang='lat' dir='ltr'>ad</span> <span class='ocrx_word' id='word_1_36' title='bbox 844 868 1102 965; x_wconf 89' lang='lat' dir='ltr'>correptionem</span> <span class='ocrx_word' id='word_1_37' title='bbox 1127 867 1287 942; x_wconf 90' lang='lat' dir='ltr'>fidelium</span> <span class='ocrx_word' id='word_1_38' title='bbox 1312 866 1516 945; x_wconf 82' lang='lat' dir='ltr'>orthodoxo</span> 
     </span>
     <span class='ocr_line' id='line_1_6' title="bbox 293 977 1239 1078; baseline 0.006 -30"><span class='ocrx_word' id='word_1_39' title='bbox 293 1000 371 1049; x_wconf 90' lang='lat' dir='ltr'>rum</span> <span class='ocrx_word' id='word_1_40' title='bbox 390 977 571 1075; x_wconf 84' lang='lat' dir='ltr'>percipere</span> <span class='ocrx_word' id='word_1_41' title='bbox 587 1002 649 1075; x_wconf 90' lang='lat' dir='ltr'>per</span> <span class='ocrx_word' id='word_1_42' title='bbox 665 990 857 1077; x_wconf 73' lang='lat' dir='ltr'>presentes</span> <span class='ocrx_word' id='word_1_43' title='bbox 870 984 1010 1078; x_wconf 82' lang='lat' dir='ltr'>legatos</span> <span class='ocrx_word' id='word_1_44' title='bbox 1028 1006 1239 1057; x_wconf 87' lang='lat' dir='ltr'>mereamur.</span> 
     </span>
    </p>
   </div>
   <div class='ocr_carea' id='block_1_4' title="bbox 863 1242 942 1327">
    <p class='ocr_par' dir='ltr' id='par_1_4' title="bbox 863 1242 942 1327">
     <span class='ocr_line' id='line_1_7' title="bbox 863 1242 942 1327; baseline -0.051 0"><span class='ocrx_word' id='word_1_45' title='bbox 863 1242 942 1327; x_wconf 84' lang='lat' dir='ltr'>llll.</span> 
     </span>
    </p>
   </div>
   <div class='ocr_carea' id='block_1_5' title="bbox 288 1500 1517 2827">
    <p class='ocr_par' dir='ltr' id='par_1_5' title="bbox 288 1500 1517 2827">
     <span class='ocr_line' id='line_1_8' title="bbox 386 1500 1516 1577; baseline 0 -2"><span class='ocrx_word' id='word_1_46' title='bbox 386 1500 533 1575; x_wconf 91' lang='lat' dir='ltr'>Domnis</span> <span class='ocrx_word' id='word_1_47' title='bbox 548 1501 823 1576; x_wconf 83' lang='lat' dir='ltr'>Venerabilibus</span> <span class='ocrx_word' id='word_1_48' title='bbox 837 1510 873 1576; x_wconf 87' lang='lat' dir='ltr'>et</span> <span class='ocrx_word' id='word_1_49' title='bbox 886 1501 1060 1575; x_wconf 86' lang='lat' dir='ltr'>fratribus</span> <span class='ocrx_word' id='word_1_50' title='bbox 1073 1500 1273 1575; x_wconf 80' lang='lat' dir='ltr'><strong>Athanasio</strong></span> <span class='ocrx_word' id='word_1_51' title='bbox 1285 1510 1323 1577; x_wconf 91' lang='lat' dir='ltr'>et</span> <span class='ocrx_word' id='word_1_52' title='bbox 1335 1501 1516 1576; x_wconf 85' lang='lat' dir='ltr'>universis</span> 
     </span>
     <span class='ocr_line' id='line_1_9' title="bbox 288 1611 1515 1712; baseline 0.002 -24"><span class='ocrx_word' id='word_1_53' title='bbox 288 1612 529 1712; x_wconf 81' lang='lat' dir='ltr'>Egyptiorum</span> <span class='ocrx_word' id='word_1_54' title='bbox 546 1611 741 1710; x_wconf 85' lang='lat' dir='ltr'>Episcopis‚</span> <span class='ocrx_word' id='word_1_55' title='bbox 758 1616 904 1688; x_wconf 90' lang='lat' dir='ltr'>Marcus</span> <span class='ocrx_word' id='word_1_56' title='bbox 929 1616 1071 1688; x_wconf 70' lang='lat' dir='ltr'>Sanctus</span> <span class='ocrx_word' id='word_1_57' title='bbox 1096 1615 1262 1688; x_wconf 78' lang='lat' dir='ltr'>Romana</span> <span class='ocrx_word' id='word_1_58' title='bbox 1287 1613 1515 1712; x_wconf 58' lang='lat' dir='ltr'>Apostolicae«</span> 
     </span>
     <span class='ocr_line' id='line_1_10' title="bbox 289 1725 1512 1826; baseline 0.001 -25"><span class='ocrx_word' id='word_1_59' title='bbox 289 1751 357 1826; x_wconf 91' lang='lat' dir='ltr'>que</span> <span class='ocrx_word' id='word_1_60' title='bbox 375 1726 476 1802; x_wconf 90' lang='lat' dir='ltr'>Sedis</span> <span class='ocrx_word' id='word_1_61' title='bbox 489 1736 525 1802; x_wconf 90' lang='lat' dir='ltr'>et</span> <span class='ocrx_word' id='word_1_62' title='bbox 537 1725 756 1801; x_wconf 88' lang='lat' dir='ltr'>universalis</span> <span class='ocrx_word' id='word_1_63' title='bbox 770 1726 941 1803; x_wconf 74' lang='lat' dir='ltr'>Ecclesia</span> <span class='ocrx_word' id='word_1_64' title='bbox 954 1726 1158 1826; x_wconf 84' lang='lat' dir='ltr'>Episcopus.</span> <span class='ocrx_word' id='word_1_65' title='bbox 1172 1730 1219 1801; x_wconf 91' lang='lat' dir='ltr'>Et</span> <span class='ocrx_word' id='word_1_66' title='bbox 1231 1727 1336 1802; x_wconf 85' lang='lat' dir='ltr'>infra.</span> <span class='ocrx_word' id='word_1_67' title='bbox 1349 1727 1512 1824; x_wconf 84' lang='lat' dir='ltr'>Diligen-</span> 
     </span>
     <span class='ocr_line' id='line_1_11' title="bbox 289 1839 1517 1940; baseline 0.001 -24"><span class='ocrx_word' id='word_1_68' title='bbox 289 1851 344 1916; x_wconf 85' lang='lat' dir='ltr'>ter</span> <span class='ocrx_word' id='word_1_69' title='bbox 361 1841 582 1939; x_wconf 75' lang='lat' dir='ltr'>requirentes</span> <span class='ocrx_word' id='word_1_70' title='bbox 596 1839 633 1914; x_wconf 93' lang='lat' dir='ltr'>in</span> <span class='ocrx_word' id='word_1_71' title='bbox 647 1852 770 1917; x_wconf 88' lang='lat' dir='ltr'>sancto</span> <span class='ocrx_word' id='word_1_72' title='bbox 787 1852 917 1918; x_wconf 86' lang='lat' dir='ltr'>nostrae</span> <span class='ocrx_word' id='word_1_73' title='bbox 931 1852 967 1918; x_wconf 92' lang='lat' dir='ltr'>et</span> <span class='ocrx_word' id='word_1_74' title='bbox 982 1842 1195 1940; x_wconf 84' lang='lat' dir='ltr'>Apostolicae</span> <span class='ocrx_word' id='word_1_75' title='bbox 1208 1841 1302 1918; x_wconf 87' lang='lat' dir='ltr'>sedis</span> <span class='ocrx_word' id='word_1_76' title='bbox 1315 1842 1447 1918; x_wconf 90' lang='lat' dir='ltr'>scrinio</span> <span class='ocrx_word' id='word_1_77' title='bbox 1460 1867 1517 1919; x_wconf 86' lang='lat' dir='ltr'>oa·</span> 
     </span>
     <span class='ocr_line' id='line_1_12' title="bbox 290 1954 1516 2054; baseline 0.003 -25"><span class='ocrx_word' id='word_1_78' title='bbox 290 1955 369 2031; x_wconf 86' lang='lat' dir='ltr'>dom</span> <span class='ocrx_word' id='word_1_79' title='bbox 404 1980 483 2054; x_wconf 86' lang='lat' dir='ltr'>quae</span> <span class='ocrx_word' id='word_1_80' title='bbox 512 1965 647 2030; x_wconf 78' lang='lat' dir='ltr'>sanctas</span> <span class='ocrx_word' id='word_1_81' title='bbox 677 1957 930 2032; x_wconf 90' lang='lat' dir='ltr'>recordationis</span> <span class='ocrx_word' id='word_1_82' title='bbox 955 1956 1204 2054; x_wconf 73' lang='lat' dir='ltr'>praedecessori</span> <span class='ocrx_word' id='word_1_83' title='bbox 1236 1979 1312 2031; x_wconf 86' lang='lat' dir='ltr'>meo</span> <span class='ocrx_word' id='word_1_84' title='bbox 1343 1954 1516 2033; x_wconf 80' lang='lat' dir='ltr'>silvestro</span> 
     </span>
     <span class='ocr_line' id='line_1_13' title="bbox 291 2057 1516 2168; baseline 0.001 -26"><span class='ocrx_word' id='word_1_85' title='bbox 291 2078 376 2142; x_wconf 90' lang='lat' dir='ltr'>sunt</span> <span class='ocrx_word' id='word_1_86' title='bbox 397 2068 533 2143; x_wconf 82' lang='lat' dir='ltr'>directa</span> <span class='ocrx_word' id='word_1_87' title='bbox 558 2070 669 2144; x_wconf 70' lang='lat' dir='ltr'>LXX</span> <span class='ocrx_word' id='word_1_88' title='bbox 690 2067 786 2143; x_wconf 89' lang='lat' dir='ltr'>sicut</span> <span class='ocrx_word' id='word_1_89' title='bbox 809 2068 1045 2164; x_wconf 84' lang='lat' dir='ltr'>significastis</span> <span class='ocrx_word' id='word_1_90' title='bbox 1062 2069 1231 2168; x_wconf 85' lang='lat' dir='ltr'>capitula,</span> <span class='ocrx_word' id='word_1_91' title='bbox 1249 2069 1352 2144; x_wconf 84' lang='lat' dir='ltr'>illesa</span> <span class='ocrx_word' id='word_1_92' title='bbox 1375 2057 1516 2145; x_wconf 86' lang='lat' dir='ltr'>inveni-</span> 
     </span>
     <span class='ocr_line' id='line_1_14' title="bbox 291 2181 1515 2279; baseline 0.003 -25"><span class='ocrx_word' id='word_1_93' title='bbox 291 2207 381 2255; x_wconf 93' lang='lat' dir='ltr'>mus.</span> <span class='ocrx_word' id='word_1_94' title='bbox 398 2184 480 2277; x_wconf 89' lang='lat' dir='ltr'>Ipsa</span> <span class='ocrx_word' id='word_1_95' title='bbox 497 2181 598 2255; x_wconf 91' lang='lat' dir='ltr'>vobis</span> <span class='ocrx_word' id='word_1_96' title='bbox 616 2190 757 2279; x_wconf 90' lang='lat' dir='ltr'>propter</span> <span class='ocrx_word' id='word_1_97' title='bbox 774 2182 1026 2258; x_wconf 86' lang='lat' dir='ltr'>auctoritatem</span> <span class='ocrx_word' id='word_1_98' title='bbox 1051 2193 1088 2258; x_wconf 90' lang='lat' dir='ltr'>et</span> <span class='ocrx_word' id='word_1_99' title='bbox 1112 2183 1412 2279; x_wconf 81' lang='lat' dir='ltr'>subscriptionem</span> <span class='ocrx_word' id='word_1_100' title='bbox 1438 2193 1515 2258; x_wconf 84' lang='lat' dir='ltr'>tan·</span> 
     </span>
     <span class='ocr_line' id='line_1_15' title="bbox 290 2295 1516 2393; baseline 0.001 -24"><span class='ocrx_word' id='word_1_101' title='bbox 290 2304 409 2369; x_wconf 93' lang='lat' dir='ltr'>torum</span> <span class='ocrx_word' id='word_1_102' title='bbox 427 2303 569 2393; x_wconf 92' lang='lat' dir='ltr'>patrum</span> <span class='ocrx_word' id='word_1_103' title='bbox 587 2305 623 2369; x_wconf 87' lang='lat' dir='ltr'>et</span> <span class='ocrx_word' id='word_1_104' title='bbox 639 2296 719 2369; x_wconf 88' lang='lat' dir='ltr'>eius</span> <span class='ocrx_word' id='word_1_105' title='bbox 736 2297 861 2392; x_wconf 80' lang='lat' dir='ltr'>magni</span> <span class='ocrx_word' id='word_1_106' title='bbox 879 2296 1023 2372; x_wconf 93' lang='lat' dir='ltr'>concilii</span> <span class='ocrx_word' id='word_1_107' title='bbox 1039 2297 1185 2370; x_wconf 89' lang='lat' dir='ltr'>minime</span> <span class='ocrx_word' id='word_1_108' title='bbox 1200 2295 1365 2369; x_wconf 89' lang='lat' dir='ltr'>misimus</span> <span class='ocrx_word' id='word_1_109' title='bbox 1379 2296 1440 2371; x_wconf 90' lang='lat' dir='ltr'>sed</span> <span class='ocrx_word' id='word_1_110' title='bbox 1454 2320 1516 2393; x_wconf 91' lang='lat' dir='ltr'>per</span> 
     </span>
     <span class='ocr_line' id='line_1_16' title="bbox 289 2408 1513 2505; baseline 0.001 -21"><span class='ocrx_word' id='word_1_111' title='bbox 289 2408 411 2484; x_wconf 85' lang='lat' dir='ltr'>cadem</span> <span class='ocrx_word' id='word_1_112' title='bbox 427 2432 547 2483; x_wconf 88' lang='lat' dir='ltr'>coram</span> <span class='ocrx_word' id='word_1_113' title='bbox 564 2409 790 2505; x_wconf 82' lang='lat' dir='ltr'>apocrisariis</span> <span class='ocrx_word' id='word_1_114' title='bbox 808 2410 939 2484; x_wconf 87' lang='lat' dir='ltr'>vestris</span> <span class='ocrx_word' id='word_1_115' title='bbox 956 2409 1030 2483; x_wconf 88' lang='lat' dir='ltr'>alia</span> <span class='ocrx_word' id='word_1_116' title='bbox 1046 2409 1180 2484; x_wconf 89' lang='lat' dir='ltr'>similia</span> <span class='ocrx_word' id='word_1_117' title='bbox 1197 2409 1362 2484; x_wconf 87' lang='lat' dir='ltr'>eumdem</span> <span class='ocrx_word' id='word_1_118' title='bbox 1388 2435 1513 2486; x_wconf 89' lang='lat' dir='ltr'>nume·</span> 
     </span>
     <span class='ocr_line' id='line_1_17' title="bbox 293 2522 1516 2621; baseline 0.006 -28"><span class='ocrx_word' id='word_1_119' title='bbox 293 2547 384 2611; x_wconf 88' lang='lat' dir='ltr'>rum,</span> <span class='ocrx_word' id='word_1_120' title='bbox 412 2522 604 2619; x_wconf 85' lang='lat' dir='ltr'>eademque</span> <span class='ocrx_word' id='word_1_121' title='bbox 628 2522 738 2596; x_wconf 81' lang='lat' dir='ltr'>verba</span> <span class='ocrx_word' id='word_1_122' title='bbox 767 2534 802 2598; x_wconf 88' lang='lat' dir='ltr'>et</span> <span class='ocrx_word' id='word_1_123' title='bbox 833 2524 949 2621; x_wconf 88' lang='lat' dir='ltr'>ipsam</span> <span class='ocrx_word' id='word_1_124' title='bbox 973 2522 1268 2621; x_wconf 83' lang='lat' dir='ltr'>subscriptionem</span> <span class='ocrx_word' id='word_1_125' title='bbox 1295 2523 1516 2600; x_wconf 87' lang='lat' dir='ltr'>continentia</span> 
     </span>
     <span class='ocr_line' id='line_1_18' title="bbox 292 2634 1516 2737; baseline 0.004 -29"><span class='ocrx_word' id='word_1_126' title='bbox 292 2636 392 2710; x_wconf 87' lang='lat' dir='ltr'>vobis</span> <span class='ocrx_word' id='word_1_127' title='bbox 408 2634 563 2711; x_wconf 88' lang='lat' dir='ltr'>scribere</span> <span class='ocrx_word' id='word_1_128' title='bbox 576 2644 612 2710; x_wconf 87' lang='lat' dir='ltr'>et</span> <span class='ocrx_word' id='word_1_129' title='bbox 625 2637 865 2735; x_wconf 87' lang='lat' dir='ltr'>subscriptam</span> <span class='ocrx_word' id='word_1_130' title='bbox 878 2639 1145 2737; x_wconf 78' lang='lat' dir='ltr'>stipulationem</span> <span class='ocrx_word' id='word_1_131' title='bbox 1160 2649 1196 2714; x_wconf 90' lang='lat' dir='ltr'>et</span> <span class='ocrx_word' id='word_1_132' title='bbox 1209 2637 1516 2715; x_wconf 87' lang='lat' dir='ltr'>confirmationem</span> 
     </span>
     <span class='ocr_line' id='line_1_19' title="bbox 294 2749 883 2827; baseline 0.003 -4"><span class='ocrx_word' id='word_1_133' title='bbox 294 2749 434 2825; x_wconf 85' lang='lat' dir='ltr'>mittere</span> <span class='ocrx_word' id='word_1_134' title='bbox 451 2749 671 2824; x_wconf 80' lang='lat' dir='ltr'>curavimus.</span> <span class='ocrx_word' id='word_1_135' title='bbox 690 2754 737 2825; x_wconf 89' lang='lat' dir='ltr'>Et</span> <span class='ocrx_word' id='word_1_136' title='bbox 753 2760 883 2827; x_wconf 84' lang='lat' dir='ltr'>cetera.</span> 
     </span>
    </p>
   </div>
   <div class='ocr_carea' id='block_1_6' title="bbox 857 3003 988 3088">
    <p class='ocr_par' dir='ltr' id='par_1_6' title="bbox 857 3003 988 3088">
     <span class='ocr_line' id='line_1_20' title="bbox 857 3003 988 3088; baseline 0 -22"><span class='ocrx_word' id='word_1_137' title='bbox 857 3003 988 3088; x_wconf 54' lang='grc' dir='ltr'>Ἡ..</span> 
     </span>
    </p>
   </div>
   <div class='ocr_carea' id='block_1_7' title="bbox 291 3260 1517 4612">
    <p class='ocr_par' dir='ltr' id='par_1_7' title="bbox 291 3260 1517 4612">
     <span class='ocr_line' id='line_1_21' title="bbox 388 3260 1516 3360; baseline -0.001 -24"><span class='ocrx_word' id='word_1_138' title='bbox 388 3263 503 3337; x_wconf 90' lang='lat' dir='ltr'>lulius</span> <span class='ocrx_word' id='word_1_139' title='bbox 519 3271 653 3338; x_wconf 75' lang='lat' dir='ltr'>sanctur</span> <span class='ocrx_word' id='word_1_140' title='bbox 666 3266 763 3337; x_wconf 87' lang='lat' dir='ltr'>Rom.</span> <span class='ocrx_word' id='word_1_141' title='bbox 780 3271 817 3337; x_wconf 93' lang='lat' dir='ltr'>et</span> <span class='ocrx_word' id='word_1_142' title='bbox 831 3260 1042 3360; x_wconf 83' lang='lat' dir='ltr'>Apostolicae</span> <span class='ocrx_word' id='word_1_143' title='bbox 1056 3261 1157 3336; x_wconf 90' lang='lat' dir='ltr'>Sedis</span> <span class='ocrx_word' id='word_1_144' title='bbox 1170 3261 1378 3359; x_wconf 83' lang='lat' dir='ltr'>Episcopus,</span> <span class='ocrx_word' id='word_1_145' title='bbox 1391 3261 1516 3338; x_wconf 90' lang='lat' dir='ltr'>Orien-</span> 
     </span>
     <span class='ocr_line' id='line_1_22' title="bbox 292 3375 1515 3473; baseline -0.002 -22"><span class='ocrx_word' id='word_1_146' title='bbox 292 3375 425 3451; x_wconf 90' lang='lat' dir='ltr'>talibus</span> <span class='ocrx_word' id='word_1_147' title='bbox 443 3375 635 3473; x_wconf 90' lang='lat' dir='ltr'>Episcopis.</span> <span class='ocrx_word' id='word_1_148' title='bbox 653 3378 831 3450; x_wconf 85' lang='lat' dir='ltr'>Decuerat</span> <span class='ocrx_word' id='word_1_149' title='bbox 842 3398 907 3449; x_wconf 85' lang='lat' dir='ltr'>vos</span> <span class='ocrx_word' id='word_1_150' title='bbox 924 3375 1117 3450; x_wconf 86' lang='lat' dir='ltr'>adversum</span> <span class='ocrx_word' id='word_1_151' title='bbox 1131 3385 1293 3450; x_wconf 81' lang='lat' dir='ltr'>sanctam</span> <span class='ocrx_word' id='word_1_152' title='bbox 1308 3376 1405 3449; x_wconf 88' lang='lat' dir='ltr'>Rom.</span> <span class='ocrx_word' id='word_1_153' title='bbox 1418 3385 1455 3449; x_wconf 88' lang='lat' dir='ltr'>et</span> <span class='ocrx_word' id='word_1_154' title='bbox 1467 3380 1515 3448; x_wconf 91' lang='lat' dir='ltr'>A·</span> 
     </span>
     <span class='ocr_line' id='line_1_23' title="bbox 293 3487 1515 3588; baseline -0.001 -25"><span class='ocrx_word' id='word_1_155' title='bbox 293 3488 497 3588; x_wconf 89' lang='lat' dir='ltr'>postolicam</span> <span class='ocrx_word' id='word_1_156' title='bbox 523 3487 721 3563; x_wconf 87' lang='lat' dir='ltr'>Ecclesiam</span> <span class='ocrx_word' id='word_1_157' title='bbox 740 3487 863 3563; x_wconf 87' lang='lat' dir='ltr'>limate</span> <span class='ocrx_word' id='word_1_158' title='bbox 882 3499 918 3563; x_wconf 85' lang='lat' dir='ltr'>ct</span> <span class='ocrx_word' id='word_1_159' title='bbox 935 3512 1006 3562; x_wconf 96' lang='lat' dir='ltr'>non</span> <span class='ocrx_word' id='word_1_160' title='bbox 1022 3488 1197 3586; x_wconf 88' lang='lat' dir='ltr'>hyronice</span> <span class='ocrx_word' id='word_1_161' title='bbox 1213 3487 1321 3585; x_wconf 87' lang='lat' dir='ltr'>loqui,</span> <span class='ocrx_word' id='word_1_162' title='bbox 1347 3487 1515 3585; x_wconf 88' lang='lat' dir='ltr'>quoniam</span> 
     </span>
     <span class='ocr_line' id='line_1_24' title="bbox 292 3601 1516 3700; baseline -0.001 -23"><span class='ocrx_word' id='word_1_163' title='bbox 292 3614 328 3678; x_wconf 85' lang='lat' dir='ltr'>ot</span> <span class='ocrx_word' id='word_1_164' title='bbox 352 3603 427 3699; x_wconf 87' lang='lat' dir='ltr'>ipse</span> <span class='ocrx_word' id='word_1_165' title='bbox 447 3601 621 3676; x_wconf 91' lang='lat' dir='ltr'>Dominus</span> <span class='ocrx_word' id='word_1_166' title='bbox 642 3611 762 3676; x_wconf 89' lang='lat' dir='ltr'>noster</span> <span class='ocrx_word' id='word_1_167' title='bbox 783 3601 909 3677; x_wconf 88' lang='lat' dir='ltr'>Ihesus</span> <span class='ocrx_word' id='word_1_168' title='bbox 929 3627 1007 3678; x_wconf 83' lang='lat' dir='ltr'>eam</span> <span class='ocrx_word' id='word_1_169' title='bbox 1032 3602 1199 3678; x_wconf 87' lang='lat' dir='ltr'>decenter</span> <span class='ocrx_word' id='word_1_170' title='bbox 1224 3601 1431 3700; x_wconf 86' lang='lat' dir='ltr'>alloquutus</span> <span class='ocrx_word' id='word_1_171' title='bbox 1452 3601 1516 3676; x_wconf 88' lang='lat' dir='ltr'>ait.</span> 
     </span>
     <span class='ocr_line' id='line_1_25' title="bbox 293 3714 1516 3813; baseline 0 -23"><span class='ocrx_word' id='word_1_172' title='bbox 293 3720 346 3790; x_wconf 89' lang='lat' dir='ltr'>Tu</span> <span class='ocrx_word' id='word_1_173' title='bbox 368 3741 407 3791; x_wconf 90' lang='lat' dir='ltr'>es</span> <span class='ocrx_word' id='word_1_174' title='bbox 423 3715 549 3813; x_wconf 90' lang='lat' dir='ltr'>inquid</span> <span class='ocrx_word' id='word_1_175' title='bbox 565 3717 694 3790; x_wconf 90' lang='lat' dir='ltr'>Petrus</span> <span class='ocrx_word' id='word_1_176' title='bbox 710 3726 746 3790; x_wconf 88' lang='lat' dir='ltr'>et</span> <span class='ocrx_word' id='word_1_177' title='bbox 763 3740 870 3813; x_wconf 89' lang='lat' dir='ltr'>super</span> <span class='ocrx_word' id='word_1_178' title='bbox 886 3716 980 3791; x_wconf 92' lang='lat' dir='ltr'>hanc</span> <span class='ocrx_word' id='word_1_179' title='bbox 998 3724 1148 3813; x_wconf 84' lang='lat' dir='ltr'>petram,</span> <span class='ocrx_word' id='word_1_180' title='bbox 1173 3724 1209 3789; x_wconf 90' lang='lat' dir='ltr'>et</span> <span class='ocrx_word' id='word_1_181' title='bbox 1233 3714 1383 3812; x_wconf 81' lang='lat' dir='ltr'>reliqua,</span> <span class='ocrx_word' id='word_1_182' title='bbox 1409 3715 1516 3790; x_wconf 88' lang='lat' dir='ltr'>habet</span> 
     </span>
     <span class='ocr_line' id='line_1_26' title="bbox 291 3827 1515 3928; baseline 0 -25"><span class='ocrx_word' id='word_1_183' title='bbox 291 3837 498 3928; x_wconf 87' lang='lat' dir='ltr'>potestatem</span> <span class='ocrx_word' id='word_1_184' title='bbox 516 3827 696 3924; x_wconf 83' lang='lat' dir='ltr'>singulari</span> <span class='ocrx_word' id='word_1_185' title='bbox 711 3828 904 3925; x_wconf 85' lang='lat' dir='ltr'>privilegio</span> <span class='ocrx_word' id='word_1_186' title='bbox 917 3830 985 3904; x_wconf 91' lang='lat' dir='ltr'>sibi</span> <span class='ocrx_word' id='word_1_187' title='bbox 998 3853 1204 3905; x_wconf 90' lang='lat' dir='ltr'>concessam</span> <span class='ocrx_word' id='word_1_188' title='bbox 1217 3829 1357 3926; x_wconf 86' lang='lat' dir='ltr'>aperire</span> <span class='ocrx_word' id='word_1_189' title='bbox 1369 3839 1406 3904; x_wconf 85' lang='lat' dir='ltr'>et</span> <span class='ocrx_word' id='word_1_190' title='bbox 1418 3828 1515 3904; x_wconf 89' lang='lat' dir='ltr'>clau-</span> 
     </span>
     <span class='ocr_line' id='line_1_27' title="bbox 291 3942 1516 4041; baseline -0.002 -23"><span class='ocrx_word' id='word_1_191' title='bbox 291 3944 374 4019; x_wconf 88' lang='lat' dir='ltr'>dere</span> <span class='ocrx_word' id='word_1_192' title='bbox 393 3943 522 4016; x_wconf 89' lang='lat' dir='ltr'>ianuas</span> <span class='ocrx_word' id='word_1_193' title='bbox 539 3943 643 4038; x_wconf 84' lang='lat' dir='ltr'>regni</span> <span class='ocrx_word' id='word_1_194' title='bbox 661 3942 816 4031; x_wconf 83' lang='lat' dir='ltr'>celestis,</span> <span class='ocrx_word' id='word_1_195' title='bbox 834 3943 964 4041; x_wconf 89' lang='lat' dir='ltr'>quibus</span> <span class='ocrx_word' id='word_1_196' title='bbox 982 3943 1146 4019; x_wconf 84' lang='lat' dir='ltr'>voluerit.</span> <span class='ocrx_word' id='word_1_197' title='bbox 1159 3947 1206 4017; x_wconf 89' lang='lat' dir='ltr'>Et</span> <span class='ocrx_word' id='word_1_198' title='bbox 1218 3943 1323 4017; x_wconf 85' lang='lat' dir='ltr'>infra.</span> <span class='ocrx_word' id='word_1_199' title='bbox 1336 3943 1412 4018; x_wconf 85' lang='lat' dir='ltr'>Cur</span> <span class='ocrx_word' id='word_1_200' title='bbox 1424 3943 1516 4016; x_wconf 81' lang='lat' dir='ltr'>sino</span> 
     </span>
     <span class='ocr_line' id='line_1_28' title="bbox 291 4054 1517 4132; baseline -0.002 -1"><span class='ocrx_word' id='word_1_201' title='bbox 291 4057 378 4131; x_wconf 94' lang='lat' dir='ltr'>dum</span> <span class='ocrx_word' id='word_1_202' title='bbox 393 4057 439 4130; x_wconf 89' lang='lat' dir='ltr'>ad</span> <span class='ocrx_word' id='word_1_203' title='bbox 456 4065 591 4130; x_wconf 89' lang='lat' dir='ltr'>statum</span> <span class='ocrx_word' id='word_1_204' title='bbox 609 4055 856 4131; x_wconf 89' lang='lat' dir='ltr'>Ecclesiarum</span> <span class='ocrx_word' id='word_1_205' title='bbox 874 4065 911 4132; x_wconf 89' lang='lat' dir='ltr'>et</span> <span class='ocrx_word' id='word_1_206' title='bbox 928 4056 1082 4130; x_wconf 84' lang='lat' dir='ltr'>fratrum</span> <span class='ocrx_word' id='word_1_207' title='bbox 1099 4055 1380 4131; x_wconf 83' lang='lat' dir='ltr'>subvertendum</span> <span class='ocrx_word' id='word_1_208' title='bbox 1397 4064 1433 4130; x_wconf 87' lang='lat' dir='ltr'>et</span> <span class='ocrx_word' id='word_1_209' title='bbox 1454 4054 1517 4129; x_wconf 93' lang='lat' dir='ltr'>Ni·</span> 
     </span>
     <span class='ocr_line' id='line_1_29' title="bbox 291 4169 1516 4266; baseline -0.001 -21"><span class='ocrx_word' id='word_1_210' title='bbox 291 4170 372 4245; x_wconf 84' lang='lat' dir='ltr'>ccni</span> <span class='ocrx_word' id='word_1_211' title='bbox 390 4171 515 4266; x_wconf 83' lang='lat' dir='ltr'>magni</span> <span class='ocrx_word' id='word_1_212' title='bbox 532 4170 684 4247; x_wconf 79' lang='lat' dir='ltr'>Consilii</span> <span class='ocrx_word' id='word_1_213' title='bbox 702 4172 984 4246; x_wconf 85' lang='lat' dir='ltr'>destructionem</span> <span class='ocrx_word' id='word_1_214' title='bbox 1002 4171 1041 4244; x_wconf 94' lang='lat' dir='ltr'>in</span> <span class='ocrx_word' id='word_1_215' title='bbox 1058 4170 1249 4245; x_wconf 88' lang='lat' dir='ltr'>Antiochia</span> <span class='ocrx_word' id='word_1_216' title='bbox 1266 4169 1427 4245; x_wconf 71' lang='lat' dir='ltr'>lecistis?</span> <span class='ocrx_word' id='word_1_217' title='bbox 1441 4175 1516 4244; x_wconf 83' lang='lat' dir='ltr'>Aut</span> 
     </span>
     <span class='ocr_line' id='line_1_30' title="bbox 291 4283 1513 4383; baseline 0 -24"><span class='ocrx_word' id='word_1_218' title='bbox 291 4308 358 4367; x_wconf 82' lang='lat' dir='ltr'>cur</span> <span class='ocrx_word' id='word_1_219' title='bbox 374 4284 475 4359; x_wconf 91' lang='lat' dir='ltr'>nobis</span> <span class='ocrx_word' id='word_1_220' title='bbox 492 4283 706 4359; x_wconf 89' lang='lat' dir='ltr'>inconsultis</span> <span class='ocrx_word' id='word_1_221' title='bbox 723 4286 914 4383; x_wconf 89' lang='lat' dir='ltr'>Episcopos</span> <span class='ocrx_word' id='word_1_222' title='bbox 930 4285 975 4359; x_wconf 91' lang='lat' dir='ltr'>ad</span> <span class='ocrx_word' id='word_1_223' title='bbox 987 4285 1150 4360; x_wconf 92' lang='lat' dir='ltr'>sinodum</span> <span class='ocrx_word' id='word_1_224' title='bbox 1168 4283 1334 4374; x_wconf 85' lang='lat' dir='ltr'>vocastis,</span> <span class='ocrx_word' id='word_1_225' title='bbox 1346 4285 1393 4358; x_wconf 87' lang='lat' dir='ltr'>ad</span> <span class='ocrx_word' id='word_1_226' title='bbox 1405 4307 1513 4382; x_wconf 87' lang='lat' dir='ltr'>quam</span> 
     </span>
     <span class='ocr_line' id='line_1_31' title="bbox 291 4396 1515 4489; baseline 0.002 -20"><span class='ocrx_word' id='word_1_227' title='bbox 291 4421 357 4472; x_wconf 89' lang='lat' dir='ltr'>nec</span> <span class='ocrx_word' id='word_1_228' title='bbox 375 4397 555 4472; x_wconf 81' lang='lat' dir='ltr'>Maximus</span> <span class='ocrx_word' id='word_1_229' title='bbox 573 4398 910 4473; x_wconf 84' lang='lat' dir='ltr'>Hierosolimitanus</span> <span class='ocrx_word' id='word_1_230' title='bbox 927 4400 1039 4489; x_wconf 82' lang='lat' dir='ltr'>venit,</span> <span class='ocrx_word' id='word_1_231' title='bbox 1056 4423 1123 4474; x_wconf 87' lang='lat' dir='ltr'>nec</span> <span class='ocrx_word' id='word_1_232' title='bbox 1139 4407 1261 4473; x_wconf 90' lang='lat' dir='ltr'>nostra</span> <span class='ocrx_word' id='word_1_233' title='bbox 1276 4397 1443 4473; x_wconf 86' lang='lat' dir='ltr'>interluit</span> <span class='ocrx_word' id='word_1_234' title='bbox 1466 4396 1515 4473; x_wconf 92' lang='lat' dir='ltr'>le·</span> 
     </span>
     <span class='ocr_line' id='line_1_32' title="bbox 291 4510 1513 4612; baseline 0.002 -28"><span class='ocrx_word' id='word_1_235' title='bbox 291 4510 419 4606; x_wconf 78' lang='lat' dir='ltr'>gatio‘l</span> <span class='ocrx_word' id='word_1_236' title='bbox 436 4512 642 4588; x_wconf 72' lang='lat' dir='ltr'>canonibus</span> <span class='ocrx_word' id='word_1_237' title='bbox 658 4513 788 4611; x_wconf 89' lang='lat' dir='ltr'>quippe</span> <span class='ocrx_word' id='word_1_238' title='bbox 801 4515 839 4586; x_wconf 92' lang='lat' dir='ltr'>in</span> <span class='ocrx_word' id='word_1_239' title='bbox 853 4512 991 4590; x_wconf 87' lang='lat' dir='ltr'>Nicena</span> <span class='ocrx_word' id='word_1_240' title='bbox 1003 4514 1140 4612; x_wconf 82' lang='lat' dir='ltr'>synodo</span> <span class='ocrx_word' id='word_1_241' title='bbox 1152 4512 1360 4588; x_wconf 91' lang='lat' dir='ltr'>iubentibus</span> <span class='ocrx_word' id='word_1_242' title='bbox 1372 4536 1444 4589; x_wconf 91' lang='lat' dir='ltr'>non</span> <span class='ocrx_word' id='word_1_243' title='bbox 1455 4511 1513 4588; x_wconf 85' lang='lat' dir='ltr'>de·</span> 
     </span>
    </p>
   </div>
   <div class='ocr_carea' id='block_1_8' title="bbox 0 0 1811 5498">
    <p class='ocr_par' dir='ltr' id='par_1_8' title="bbox 0 0 1811 5498">
     <span class='ocr_line' id='line_1_33' title="bbox 0 0 1811 5498; baseline 0 0"><span class='ocrx_word' id='word_1_244' title='bbox 0 0 1811 5498; x_wconf 95' lang='lat' dir='ltr'> </span> 
     </span>
    </p>
   </div>
  </div>
 </body>
</html>
